3167 4975
457 456 589 514 XII

460 626 777 689 secundae
822 626 986 709 parti
1031 624 1479 707 praemittitur,
1525 624 1908 703 HonoratuS,
1966 624 2072 705 qui
2119 642 2171 686 a.
2217 620 2562 684 426—429
2622 622 2751 704 epi-

461 750 684 811 scopus
717 729 992 793 Arelatis
1028 728 1168 809 fuit,
1205 729 1414 792 fratris
1448 727 1515 810 (i.
1554 748 1605 791 e.
1642 726 1962 809 monachi)
1994 728 2245 791 nomine
2278 727 2645 809 appelletur,
2686 726 2751 790 in

457 836 650 917 praef.
689 838 900 897 autem
945 834 1141 917 partis
1177 833 1396 897 tertiae
1429 833 1557 897 iam
1604 832 1931 915 episcopus
1964 834 2238 895 uocetur.
2298 834 2504 895 totum
2537 832 2749 894 autem

459 958 614 1023 opus
661 942 912 1022 propter
959 938 1442 1022 amplitudinem
1490 938 1555 1000 in
1614 941 1741 1000 tres
1804 940 2016 1019 partes
2072 936 2163 1001 ita
2208 935 2444 1016 diuisit,
2504 938 2577 999 ut
2623 935 2751 998 sin-

458 1044 640 1127 gulas
701 1044 1039 1125 separatim
1101 1044 1312 1107 ederet
1373 1061 1488 1106 sua
1547 1042 1773 1124 cuique
1817 1040 2205 1126 praefatione
2261 1040 2491 1105 addita.
2562 1040 2751 1103 huius

461 1148 550 1211 rei
596 1151 841 1231 praeter
887 1148 1055 1231 ipsas
1101 1147 1520 1229 praefationes
1567 1146 1733 1210 inter
1788 1165 1855 1209 se
1900 1148 2271 1229 conparatas
2326 1144 2748 1209 certissimum

461 1255 556 1315 est
603 1255 1068 1335 argumentum,
1117 1252 1280 1334 quod
1328 1252 1390 1315 in
1440 1251 1615 1315 Conl.
1650 1250 1820 1331 XVI,
1868 1268 2000 1331 cap.
2041 1248 2067 1310 1
2124 1248 2335 1314 uerbis
2396 1247 2473 1311 in
2521 1246 2752 1333 prima

459 1355 826 1418 conlatione
885 1375 1006 1421 non
1069 1376 1208 1420 eam
1272 1354 1584 1439 significat
1648 1372 1807 1437 quae
1854 1355 2137 1419 omnium
2198 1354 2405 1437 prima
2464 1358 2580 1434 est,
2643 1353 2750 1417 sed

459 1461 731 1545 primam
775 1462 976 1544 partis
1023 1460 1352 1540 secundae,
1402 1460 1464 1523 id
1511 1462 1607 1523 cst
1652 1459 2069 1523 undecimam.

546 1565 854 1648 Operibus
902 1565 977 1628 de
1025 1565 1160 1629 uita
1205 1564 1555 1629 monastica
1602 1564 1903 1627 confectis
1952 1566 2138 1645 atque
2184 1563 2369 1627 editis
2412 1562 2751 1627 Cassianus

460 1673 524 1733 et
569 1669 690 1733 sibi
737 1674 800 1733 et
847 1669 1191 1733 amicorum
1224 1668 1546 1733 desideriis
1596 1688 1661 1731 se
1709 1667 2090 1732 satisfecisse
2135 1670 2312 1731 rat-us
2360 1686 2397 1731 a
2440 1665 2754 1731 scribendi

461 1774 667 1837 studio
730 1773 1046 1837 abstinere
1109 1773 1174 1837 in
1221 1773 1431 1837 animo
1478 1772 1721 1837 habuit.
1800 1772 1909 1835 sed
1955 1771 2269 1835 uoluntati
2315 1771 2448 1836 81118
2504 1771 2753 1835 obstitit

461 1878 606 1956 Leo,
655 1882 806 1942 tunc
853 1877 1348 1957 archidiaconuS,
1394 1879 1615 1959 postea
1661 1876 1989 1959 episcopus
2022 1875 2194 1940 urbis
2226 1876 2465 1940 Romae
2510 1873 2753 1958 (440-

457 1980 636 2066 461),
687 2001 724 2046 a
769 2000 890 2064 quo
937 1986 1195 2065 rogatus
1241 1981 1434 2045 libros
1483 1984 1727 2063 septem
1774 1981 1848 2044 de
1896 1979 2323 2045 incarnatione
2364 1980 2598 2045 Christi
2646 1980 2753 2044 ad-

461 2106 681 2151 uersus
726 2086 1087 2151 Nestorium
1135 2086 1524 2150 haereticum
1571 2085 1920 2169 conposuit,
1979 2084 2087 2165 qui
2132 2083 2372 2168 ingenii
2414 2085 2752 2149 admodum

461 2190 847 2255 senescentis
889 2191 1268 2254 documenta
1311 2208 1460 2273 prae
1503 2210 1568 2253 se
1612 2190 1839 2253 ferunt.
1888 2188 2187 2270 quoniam
2217 2188 2581 2253 Nestorium
2622 2189 2753 2271 epi-

461 2314 720 2378 scopum
769 2293 1345 2377 Constantinopolis
1394 2295 1692 2377 appellat,
1737 2292 1856 2357 hoc
1901 2312 2057 2375 opus
2105 2292 2272 2357 intra
2317 2311 2371 2358 a.
2406 2290 2747 2355 428—431

461 2400 766 2483 scriptum
814 2416 950 2462 esse
998 2402 1274 2481 apparet.
1323 2398 1577 2481 propius
1628 2402 1841 2462 tamen
1888 2397 1965 2461 ad
2014 2415 2065 2460 a.
2100 2394 2225 2459 431
2277 2416 2468 2479 quam
2516 2398 2591 2461 ad
2623 2394 2750 2460 428

463 2504 884 2570 accedendum
932 2504 1070 2582 erit,
1133 2523 1279 2567 cum
1325 2503 1390 2567 in
1436 2503 1823 2586 praefatione
1871 2503 2039 2566 dicat
2097 2499 2415 2564 absolutis
2465 2501 2751 2565 dicdum

459 2606 886 2671 collationum
946 2605 1372 2691 spiritalium
1433 2605 1702 2682 libellis,
1764 2625 1919 2688 quos
1982 2626 2055 2670 ex
2110 2609 2284 2690 parte
2331 2610 2473 2689 post
2520 2626 2573 2670 a.
2622 2605 2752 2670 426

461 2714 817 2797 conpositos
865 2731 1000 2776 esse
1049 2730 1239 2795 supra
1283 2712 1877 2776 demonstrauimus
1960 2710 2229 2775 editores
2284 2711 2384 2774 his
2430 2711 2610 2776 libris
2658 2712 2753 2776 iu-

461 2819 846 2902 scripserunt
907 2815 984 2878 de
1045 2815 1503 2878 incarnatione
1559 2812 1809 2877 Christi
1868 2823 2099 2876 contra
2148 2813 2547 2891 Nestorium,
2608 2835 2753 2880 cum

460 2921 822 2987 Gennadius
848 2922 1080 2986 referat
1109 2919 1380 3006 scripsit
1405 2919 1763 2982 aduersum
1790 2917 2169 2982 Nestorium
2196 2917 2271 2980 de
2296 2917 2753 2984 incarnatione

461 3023 710 3088 domini
761 3023 962 3088 libros
1023 3023 1165 3088 VH.
1247 3044 1448 3106 neque
1497 3025 1680 3088 aliter
1738 3024 1907 3088 tituli
1952 3023 2255 3088 librorum
2304 3042 2496 3088 manu
2558 3025 2754 3108 scrip-

461 3135 670 3196 torum
717 3130 964 3194 uariant
1012 3133 1075 3194 et
1121 3149 1198 3193 ne
1246 3129 1366 3194 sibi
1413 3129 1567 3212 ipsis
1614 3129 1871 3210 quidem
1910 3131 2221 3193 constant.
2272 3129 2753 3210 antiquissimus

465 3235 634 3299 enini
683 3233 762 3295 N
795 3234 862 3298 in
907 3233 1029 3298 fine
1090 3234 1500 3317 praefationis
1562 3232 1817 3297 exhibet
1881 3231 1958 3295 de
2011 3231 2469 3296 incarnatione
2522 3233 2625 3317 χῇι
2687 3232 2757 3295 di

462 3348 691 3402 contra
724 3336 1122 3414 Nestorium,
1171 3339 1278 3402 sed
1325 3338 1390 3402 in
1425 3337 1995 3420 subscriptionibus
2028 3337 2419 3421 singulorum
2450 3337 2753 3403 librorum

463 3444 647 3508 modo
708 3441 784 3505 de
829 3440 1288 3505 incarnatione
1351 3440 1599 3504 domini
1646 3441 1830 3506 modo
1892 3439 1968 3503 de
2022 3440 2475 3504 incarnatione
2521 3441 2757 3504 christi

463 3548 708 3632 legitur.
759 3547 1017 3610 minoris
1051 3547 1356 3612 momenti
1387 3551 1536 3610 sunt
1569 3545 1739 3610 tituli
1771 3545 2057 3610 codicum
2090 3544 2229 3629 ΜΡ.
2276 3547 2487 3629 itaque
2528 3547 2755 3612 iterum

463 3652 541 3716 ad
587 3651 726 3734 ipsa
757 3650 1042 3715 Cassiani
1089 3649 1284 3714 uerba
1328 3651 1771 3735 refugiendum
1818 3649 2083 3714 uidetur.
2136 3651 2243 3732 qui
2284 3669 2429 3716 cum
2462 3651 2527 3715 in
2556 3652 2752 3735 praef.

462 3756 519 3838 ἓ.
567 3754 610 3818 2
654 3755 825 3819 dicat
867 3775 1019 3816 nam
1072 3753 1189 3838 qui
1233 3753 1406 3816 iussi
1451 3764 1646 3817 antea
1708 3753 1786 3816 de
1848 3751 2191 3816 dominicis
2242 3753 2487 3816 studiis
2552 3753 2755 3822 locuti

463 3881 705 3936 sumus,
765 3857 1060 3921 nuncid
1120 3858 1325 3945 eaeiqis
1371 3868 1447 3921 ut
1511 3857 1586 3920 de
1633 3857 1784 3942 ipsa
1844 3856 2399 3920 incarnatione
2463 3859 2758 3922 domini

463 3986 540 4026 ac
583 3964 918 4026 maiestate
964 3963 1278 4040 dicamus,
1327 3964 1674 4028 secundum
1705 3961 2104 4028 Gennadium
2136 3967 2199 4028 et
2230 3962 2755 4046 subscriptionem

464 4069 696 4134 codicis
733 4067 810 4130 N
844 4068 944 4132 his
990 4067 1168 4133 libris
1217 4066 1294 4130 de
1339 4066 1803 4130 incarnatione
1836 4065 2087 4129 domini
2116 4077 2344 4131 contra
2378 4066 2757 4130 Nestorium

463 4173 936 4238 inscribendum
983 4173 1368 4256 putauimuS.

551 4278 726 4342 Haec
773 4281 922 4341 sunt
969 4295 1126 4359 quae
1173 4278 1249 4341 dc
1293 4279 1584 4362 genuinis
1632 4277 1925 4360 operibus
1957 4276 2243 4342 Cassiani
2289 4278 2555 4342 dicenda
2584 4278 2759 4342 uide-

465 4382 714 4447 bantur.
767 4399 915 4446 nam
938 4381 1066 4462 illa,
1100 4400 1259 4464 quae
1285 4382 1568 4466 pristinis
1596 4382 1863 4446 saeculis
1890 4381 2007 4446 sub
2042 4383 2175 4446 eius
2208 4383 2461 4448 nominc
2493 4383 2759 4448 circum-
