3167 4975
495 407 619 472 126
1302 409 1620 464 Iohannis
1666 409 1966 466 Cassiani

497 602 634 648 esse
703 582 1086 648 abstinentia
1154 603 1344 666 quam
1409 586 1476 650 in
1537 586 1898 669 integritate
1959 584 2192 665 cordiS‚
2260 603 2419 666 quae
2482 603 2629 648 uere
2689 585 2785 649 in-

490 691 848 771 corruptam
892 693 1192 772 perpetuo
1242 690 1723 754 sanctimoniam
1771 690 2045 773 corporis
2092 690 2195 754 uel
2239 691 2465 754 timore
2521 689 2623 752 dei
2682 689 2783 752 uel

490 793 800 857 castitatis
848 809 1058 858 amore
1105 795 1396 860 custodit.

575 897 713 961 XX.
761 898 984 979 Itaque
1043 897 1146 962 hic
1207 902 1304 964 031
1362 900 1747 982 integritatis
1808 899 1951 964 finis
2015 917 2086 964 ac
2143 899 2424 982 perfecta
2476 897 2784 981 probatio,

490 1002 543 1064 si
588 1002 1054 1083 quiescentibus
1102 1001 1282 1067 nobis
1331 1003 1608 1068 titillatio
1655 1004 1999 1086 uoluptatis
2046 1003 2223 1068 nulla
2268 1003 2656 1085 subrepserit
2714 1020 2785 1066 ac

488 1125 599 1190 pro
647 1109 1022 1173 necessitate
1067 1113 1330 1172 naturae
1379 1109 1558 1173 nobis
1605 1109 1938 1173 inconsciis
1986 1107 2411 1172 concretiones
2454 1111 2786 1191 egerantur

489 1211 815 1277 obscenae.
911 1231 1067 1295 quas
1132 1214 1295 1277 sicut
1355 1213 1678 1277 abscidere
1738 1233 1848 1296 per
1910 1214 2123 1277 omnia
2183 1217 2247 1276 et
2299 1213 2365 1276 in
2410 1215 2785 1296 perpetuum

491 1321 817 1401 amputare
879 1336 1072 1401 supra
1131 1321 1424 1382 naturam
1492 1322 1618 1399 est,
1684 1319 1775 1382 ita
1842 1336 2135 1382 reuocare
2204 1318 2282 1381 ad
2350 1316 2783 1381 ineuitabilem

489 1422 1002 1503 rarissimamque
1035 1425 1296 1486 naturae
1335 1423 1783 1486 necessitatem
1829 1440 2117 1486 summae
2162 1423 2415 1486 uirtutis
2464 1425 2579 1500 est,
2627 1439 2785 1503 quae

489 1526 742 1609 pulsare
787 1527 1168 1591 monachum
1223 1526 1466 1591 duobus
1528 1528 1914 1610 interpositis
1976 1525 2302 1591 mensibus
2364 1528 2542 1590 solet.
2622 1526 2785 1606 quod

491 1633 706 1694 tamen
764 1630 1005 1694 dictum
1065 1631 1151 1694 sit
1210 1631 1556 1696 secundum
1618 1634 1899 1696 nostram
1963 1631 2440 1714 experientiam,
2502 1648 2629 1693 non
2688 1649 2787 1692 se-

491 1734 768 1798 cundum
829 1735 1208 1799 sententiam
1269 1735 1617 1815 seniorum,
1681 1754 1717 1800 a
1779 1734 2007 1817 quibus
2054 1736 2247 1800 etiam
2290 1734 2410 1798 hae
2456 1734 2784 1798 memorati

491 1839 792 1921 temporis
837 1838 1118 1902 indutiae
1165 1839 1504 1903 admodum
1551 1838 1990 1904 indicabantur
2037 1843 2363 1922 angustae,
2424 1857 2524 1919 ne,
2570 1838 2625 1901 si
2669 1839 2787 1901 hoc

492 1943 675 2008 modo
721 1961 842 2024 quo
890 1943 967 2006 ab
1015 1943 1170 2026 ipsis
1216 1945 1610 2026 percepimus
1658 1944 2043 2007 uoluerimus
2092 1960 2417 2026 exponere,
2466 1943 2565 2006 his
2606 1943 2784 2021 forte,

492 2048 600 2129 qui
645 2064 757 2130 pro
803 2047 1206 2132 neglegentia
1250 2067 1367 2112 sua
1412 2049 1514 2112 uel
1558 2049 1917 2112 remissiore
1964 2048 2171 2112 studio
2224 2048 2561 2131 puritatem
2622 2046 2785 2110 hanc

493 2153 700 2216 minus
764 2153 1002 2235 experti
1063 2157 1240 2233 sunt,
1310 2153 1703 2218 incredibilia
1760 2152 1862 2216 uel
1925 2151 2323 2236 inpossibilia
2382 2151 2785 2235 descripsisse

493 2257 838 2321 credamur.

577 2361 748 2425 XXI.
799 2360 1000 2441 Quem
1048 2365 1288 2425 statum
1335 2362 1426 2425 ita
1471 2365 1683 2426 tenere
1730 2366 2030 2445 perpetuo
2076 2361 2423 2444 poterimus
2472 2379 2542 2424 ac
2604 2379 2787 2425 num-

495 2484 685 2549 quam
747 2466 1098 2531 naturalem
1159 2466 1416 2531 modum
1478 2485 1593 2532 nec
1654 2470 1906 2551 tempus
1964 2466 2258 2531 excedere
2306 2467 2593 2550 superius
2640 2483 2787 2529 con-

493 2571 895 2654 prehensum,
944 2571 998 2633 si
1043 2571 1232 2634 deum
1278 2589 1404 2635 non
1451 2572 1655 2636 solum
1700 2576 2083 2635 secretorum
2118 2574 2373 2635 actuum
2408 2574 2786 2649 nostrorum,

493 2694 714 2739 uerum
761 2676 954 2739 etiam
1000 2676 1455 2759 cogitationum
1501 2680 1876 2741 cunctarum
1923 2676 2218 2740 diurnum
2264 2676 2499 2759 pariter
2534 2678 2787 2738 noctur-

495 2799 770 2861 numque
798 2781 1214 2863 inspectorem
1241 2800 1379 2843 esse
1405 2784 1468 2843 et
1492 2781 1817 2845 conscium
1842 2781 2212 2864 cogitemuS,
2246 2798 2318 2844 ac
2349 2798 2459 2863 pro
2492 2778 2785 2843 omnibus

494 2903 654 2966 quae
701 2884 766 2949 in
814 2887 1026 2949 nostro
1073 2884 1254 2948 corde
1301 2888 1664 2965 uemantnr,
1728 2885 1892 2948 sicut
1950 2903 2061 2968 pro
2124 2885 2308 2948 factis
2371 2888 2433 2947 et
2494 2883 2787 2967 operibus

494 2988 748 3069 nostriS‚
793 2990 1101 3053 rationem
1151 3005 1262 3053 nos
1310 2990 1364 3051 ei
1411 2989 1764 3053 reddituros
1812 3008 1948 3052 0330
1995 2989 2343 3053 credamus.

2841 1551 2894 1588 m

2844 2073 2895 2111 15

580 3093 784 3156 XXII.
831 3094 974 3157 Huc
1024 3112 1222 3175 usque
1269 3094 1462 3177 igitur
1509 3093 1940 3158 festinandum
1988 3096 2084 3158 est
2130 3092 2312 3157 nobis
2360 3098 2424 3157 et
2470 3111 2539 3157 eo
2588 3112 2785 3174 usque
2840 3126 2895 3163 25

496 3198 797 3261 aduersus
844 3198 1092 3262 animae
1137 3201 1348 3262 motus
1390 3198 1493 3262 uel
1524 3198 1731 3262 carnis
1763 3198 2083 3262 incentiua
2114 3197 2544 3281 pugnandum,
2592 3198 2787 3260 donec

585 3409 611 3462 1
651 3404 1032 3459 abstinentiam
1069 3406 1124 3459 A
1253 3406 1314 3460 in
1347 3423 1388 3461 s.
1417 3408 1450 3462 l.
1483 3406 1606 3461 GH
1740 3406 2107 3475 integritatem
2144 3407 2199 3460 A
2328 3406 2701 3475 incorruptum
2744 3404 2793 3459 C

493 3495 526 3548 2
559 3496 814 3562 perpetuo
850 3510 951 3548 om.
979 3494 1050 3547 H
1149 3491 1242 3547 dfli
1269 3494 1338 3548 H
1437 3496 1470 3549 3
1496 3509 1733 3547 amorem
1768 3495 1845 3549 L¹
1951 3496 1985 3549 4
2021 3492 2207 3547 XVIII
2235 3494 2304 3547 H
2400 3494 2579 3561 itaque
2607 3535 2618 3545 .
2648 3536 2658 3546 .
2688 3536 2698 3546 .
2726 3508 2787 3545 ac

493 3597 648 3634 maan.
669 3582 732 3634 in
759 3579 807 3635 G
899 3584 932 3634 5
957 3579 1253 3634 uoluntatis
1274 3582 1343 3635 H
1424 3584 1457 3636 6
1483 3581 1835 3635 concretionis
1862 3582 1947 3636 H¹
2027 3584 2060 3638 8
2086 3584 2344 3649 anputare
2363 3582 2417 3633 A
2498 3596 2657 3649 super
2679 3580 2789 3634 L’v

497 3669 564 3723 10
599 3666 956 3735 interpossitis
993 3668 1064 3721 H
1183 3670 1243 3723 11
1283 3668 1444 3737 sitam
1483 3670 1552 3723 H
1670 3667 1921 3737 peritiam
1958 3669 2012 3723 L
2131 3670 2195 3723 12
2233 3667 2453 3736 quibus]
2491 3665 2788 3720 senioribus

493 3754 638 3807 enim
675 3754 730 3808 A
834 3754 936 3824 he*
981 3754 1034 3809 G
1106 3754 1235 3808 haec
1272 3756 1355 3810 H¹
1476 3757 1540 3811 13
1577 3755 1823 3808 induciae
1861 3756 1930 3810 H
2037 3753 2419 3808 iudicabuntur
2452 3754 2642 3809 AG²T
2707 3753 2788 3806 in-

496 3838 813 3894 dicabantur
857 3842 912 3896 L
1031 3856 1096 3894 ne
1134 3841 1181 3894 si
1219 3842 1312 3898 8².-
1359 3842 1462 3896 nisi
1506 3842 1787 3898 GAGS¹L
1858 3842 1903 3895 si
1939 3843 2056 3897 HT
2167 3844 2233 3897 14
2274 3840 2416 3909 quod
2452 3843 2505 3896 L
2618 3839 2789 3909 perci-

493 3926 673 3997 pimus
707 3928 786 3982 L¹
857 3928 1152 3997 recepimus
1188 3946 1254 3984 ex
1289 3928 1574 3997 recipimus
1610 3930 1677 3983 H
1776 3929 1821 3981 is
1856 3930 1909 3984 L
2017 3932 2081 3985 15
2119 3928 2447 3997 negligentia
2474 3929 2549 3983 G¹
2609 3926 2788 3997 negle-

494 4014 682 4083 gentia*
723 4016 820 4068 sua
862 4017 938 4071 L¹
1105 4016 1414 4069 remissione
1465 4016 1596 4071 6¹1*
1684 4016 1971 4069 remissiori
2019 4017 2073 4071 L
2125 4034 2191 4071 ex
2244 4034 2380 4071 corr.
2476 4014 2786 4069 remissione

494 4100 662 4155 studii
699 4103 754 4157 A
873 4104 936 4158 16
983 4100 1322 4156 describsisse
1359 4106 1413 4157 A
1487 4102 1817 4172 discripsisse
1866 4104 2027 4158 G¹H¹
2143 4106 2208 4159 18
2254 4102 2469 4156 XVHII
2508 4104 2577 4157 H
2674 4120 2789 4157 ‘non

495 4190 786 4259 distinquit
811 4190 866 4244 A
1008 4205 1167 4257 quem
1197 4233 1206 4242 .
1236 4233 1246 4244 .
1278 4194 1571 4259 ,perpetuo
1609 4206 1678 4259 po
1716 4208 1871 4245 etum.
1899 4193 1961 4244 in
2002 4190 2047 4245 G
2113 4193 2368 4259 perpetuo
2407 4193 2583 4243 tenere
2622 4188 2795 4243 AHT

495 4279 564 4331 20
602 4277 706 4330 nisi
733 4277 788 4330 A
894 4279 958 4332 21
1001 4278 1341 4347 cunctarum]
1380 4278 1715 4331 internarum
1741 4280 1827 4332 Ar
1930 4277 2247 4331 diuturnum
2283 4278 2367 4331 Η1
2475 4280 2542 4332 25
2580 4276 2709 4329 XXI
2732 4277 2789 4329 A

491 4382 604 4419 mm
623 4365 916 4434 distinguit
935 4365 1004 4418 H
1065 4364 1172 4418 huc
1193 4381 1358 4433 usque
1383 4409 1392 4420 .
1419 4410 1428 4418 .
1453 4408 1463 4419 .
1485 4369 1568 4419 est
1594 4381 1662 4419 no
1687 4382 1843 4420 emm
1864 4368 1928 4419 in
1950 4366 1997 4420 C
2068 4364 2219 4419 nobis
2246 4370 2327 4419 est
2353 4368 2399 4421 S
2468 4367 2537 4420 26
2556 4364 2723 4418 animi
2746 4364 2795 4420 S
