3167 4975
1034 453 1379 508 uerborum
1414 458 1477 507 et
1512 453 1973 509 elocutionum.
2539 457 2666 521 441

438 624 571 687 1111,
610 626 689 687 10,
725 626 771 677 3.
816 624 1038 679 scientia
1070 625 1252 691 XIIII,
1287 630 1321 681 9
1354 634 1389 681 t.
1428 629 1473 691 1,

439 696 488 747 3.
525 698 571 749 2.
610 693 723 757 XV,
758 698 807 758 2,
836 698 883 749 2.
922 696 1096 749 uirtus
1132 696 1175 759 I,
1206 698 1250 760 1,
1284 699 1324 750 l.
1364 697 1475 749 uita

440 762 560 825 IV,
588 766 669 817 33.
699 766 878 833 praef.
904 766 983 819 ad
1014 766 1322 835 Gonl.p.1,
1348 767 1395 833 g.
1420 768 1469 819 4.

447 832 493 887 G
524 832 674 897 VIII,
700 834 749 897 3,
775 836 822 887 6.
860 834 1040 899 XIIII,
1065 838 1100 889 4
1124 842 1159 889 t.

335 904 485 955 actus
542 926 603 947 =
652 903 795 955 uitae
850 904 1001 967 ratio,
1056 905 1387 958 conuersatio
1441 907 1482 960 Ι

438 971 504 1035 X,
536 974 587 1026 3.
626 972 749 1035 XII,
788 974 865 1028 19.
902 990 1081 1043 prae.
1117 975 1193 1029 ad
1233 974 1381 1029 Gonl.
1459 1017 1469 1027 .

440 1040 485 1104 Ι,
510 1042 556 1109 ς.
582 1042 631 1095 4.
667 1040 824 1115 CVI,
855 1044 933 1105 10,
959 1045 1008 1096 4.
1079 1043 1151 1107 ΙΙ,
1182 1047 1226 1106 1,
1255 1047 1299 1098 1.
1327 992 1454 1096 1031)

443 1113 491 1173 7,
521 1114 564 1165 1.
603 1110 805 1175 XXIII,
832 1114 914 1173 21,
940 1114 973 1165 3
1010 1112 1287 1181 (saepius).

334 1178 503 1311 agnssi
540 1180 713 1233 carnis
752 1182 793 1235 Ι
820 1180 913 1246 VI,
942 1184 991 1245 4,
1029 1185 1054 1237 1
1094 1189 1143 1236 et
1171 1183 1398 1251 passim.

334 1264 365 1301 a

579 1268 611 1305 o
636 1251 743 1305 abl.
768 1268 963 1307 causae
988 1253 1077 1305 uel
1108 1252 1467 1307 instrumenti.

438 1320 481 1373 I
540 1360 552 1383 ,
590 1322 623 1376 8
658 1334 745 1372 eas
792 1319 1029 1389 (bestias)
1075 1320 1357 1375 retundere
1402 1320 1469 1373 ad

439 1389 609 1443 crucis
643 1388 993 1457 signaculum.
1031 1389 1093 1453 V,
1117 1392 1180 1445 31
1220 1390 1287 1443 ad
1321 1390 1470 1443 cuius

437 1457 691 1525 (fabulae)
728 1457 1134 1513 oblectationem
1172 1459 1466 1527 euigilasse.

438 1526 559 1591 VII,
584 1530 618 1583 8
651 1527 964 1595 indignatur
996 1528 1065 1581 ad
1096 1528 1291 1583 omnia.
1328 1529 1393 1593 X,
1420 1532 1468 1593 7,

442 1599 475 1651 6
499 1596 590 1664 qui
616 1612 721 1650 non
754 1596 1103 1666 profecissent
1134 1598 1201 1651 ad
1237 1598 1471 1651 remedia

436 1665 650 1719 leniora.
698 1666 744 1720 G
774 1666 819 1729 I,
844 1669 927 1731 21,
953 1669 986 1722 2
1020 1667 1089 1719 ad
1122 1684 1339 1721 examen
1373 1684 1469 1736 pu-

436 1734 638 1789 blicum
656 1736 996 1790 trutinantes.
1025 1736 1098 1799 II,
1121 1739 1201 1799 13,
1227 1740 1289 1793 12
1311 1753 1467 1806 quam

436 1805 841 1886 temptationem
876 1806 1005 1859 licet
1038 1806 1107 1859 ad
1144 1822 1303 1859 unam
1331 1807 1471 1859 senis

434 1877 727 1927 orationem
753 1874 1049 1929 abstulerit.
1088 1875 1269 1939 XIIII,
1290 1879 1338 1939 7,
1357 1878 1390 1931 2
1416 1892 1470 1929 se

437 1944 505 1997 ad
539 1944 685 1997 illius
716 1945 791 1997 im
830 1945 1002 1997 erium
1037 1944 1101 1998 de
1129 1962 1188 1998 co
1254 1960 1343 1998 ore
1368 1945 1469 1999 mi-

1637 626 1794 680 diam.
1833 626 1978 690 XXI,
2009 630 2088 691 14,
2114 631 2146 682 5
2184 627 2251 680 ad
2289 642 2516 695 quorum
2548 644 2668 698 per-

1635 712 1820 750 sonam
1858 713 1978 750 cum
2017 696 2118 750 sibi
2155 696 2388 751 obiciens
2427 701 2550 751 ante
2588 698 2670 751 di-

1634 766 1808 819 xisset.
1843 766 2075 830 XXIIII,
2103 768 2152 829 2,
2177 768 2210 820 3
2236 766 2304 819 ad
2329 766 2665 821 tolerantiam

1633 834 1831 888 laboris
1873 835 2180 889 indefessos
2220 837 2286 891 N
2314 835 2406 899 VI,
2433 840 2483 899 5,
2506 838 2541 891 4
2583 836 2669 889 uel

1632 904 1852 958 acerbus
1890 904 1957 958 ad
1995 905 2231 959 dolorem
2265 904 2354 958 uel
2385 906 2566 972 grauis
2600 905 2664 959 ad

1630 974 2670 1124 gflefflpgffduglilfisggiafi&mgegugtss

1639 1113 1686 1166 Ο
1714 1112 1755 1176 Ι,
1794 1116 1871 1176 14,
1897 1116 1930 1169 9
2021 1116 2337 1167 raesentiam
2393 1113 2460 1165 ad
2559 1112 2668 1167 hn—

1633 1184 1790 1235 stum.
1846 1182 1971 1236 XVI
2005 1224 2017 1245 ,
2061 1186 2138 1247 19,
2177 1186 2209 1237 5
2255 1182 2348 1235 illa
2390 1182 2555 1237 Chusi
2601 1182 2668 1235 ad

1627 1250 1883 1305 Absalom
1959 1252 2010 1305 ia
2051 1251 2404 1305 simulatione.
2447 1255 2562 1316 2220,
2603 1256 2664 1307 11

1631 1320 1698 1373 ad
1735 1320 1926 1374 Abime
1949 1322 2060 1375 ech.
2115 1324 2172 1388 4)
2220 1344 2280 1365 =
2328 1321 2400 1375 in.
2468 1322 2514 1375 C
2553 1321 2666 1385 XV,

1629 1392 1664 1443 4
1727 1389 1794 1443 ad
1856 1390 2160 1471 Aegyptum
2223 1390 2550 1463 perrexisset.
2613 1394 2669 1459 5)

1627 1461 1818 1513 uaria:
1862 1460 1928 1513 ad
1973 1460 2326 1513 unitationem
2381 1462 2427 1513 G
2465 1460 2665 1523 XVIII,

1631 1531 1680 1591 6,
1714 1531 1762 1584 2.
1809 1528 1878 1583 ad
1925 1530 2205 1583 hominum
2242 1528 2434 1583 faciem
2473 1546 2667 1583 renun—

1631 1598 1826 1651 tiantes
1879 1598 1926 1655 G
1957 1598 2158 1661 XVIII,
2185 1602 2234 1662 7,
2259 1602 2307 1653 3.
2363 1599 2430 1652 ad
2475 1599 2666 1653 horam

1629 1666 1762 1729 IV,
1787 1669 1869 1731 21,
1900 1669 1947 1722 2.
1998 1668 2062 1733 X,
2097 1670 2180 1723 25.
2235 1668 2280 1721 0
2320 1667 2381 1731 V,
2422 1671 2501 1731 11,
2541 1671 2574 1723 3
2618 1676 2670 1723 et

1631 1740 1678 1791 7.
1727 1736 1907 1801 VIIII,
1954 1739 2034 1801 15,
2081 1740 2130 1793 3.
2176 1736 2319 1801 XVI,
2365 1740 2446 1800 26,
2490 1740 2537 1793 2.
2599 1737 2664 1790 ad

1629 1806 1898 1859 modicum
1936 1810 2146 1875 tempus
2191 1807 2238 1860 0
2269 1806 2470 1871 XXIII,
2509 1810 2588 1871 11,
2615 1811 2662 1862 2.

1631 1874 1698 1928 ad
1743 1880 2074 1930 momentum
2119 1878 2160 1931 Ι
2186 1875 2338 1941 VIII,
2373 1880 2454 1932 10.
2493 1878 2571 1931 13.
2626 1878 2672 1930 0

1626 1944 1690 2009 V,
1720 1947 1799 2008 11,
1825 1948 1874 1999 3.
1911 1945 2082 2009 XVII,
2108 1948 2191 2009 28,
2217 1948 2265 2001 3.

434 2016 729 2080 gratarum.
818 2013 969 2077 VIII,
1009 2016 1087 2077 13,
1120 2019 1145 2070 1
1291 2015 1467 2069 incur·
1528 2013 1868 2067 *adbreuiare
1915 2016 1961 2069 G
1992 2014 2193 2079 XXIII,
2223 2018 2303 2078 12,
2331 2018 2361 2070 7
2391 2017 2488 2071 bis.

437 2100 555 2136 sum
567 2084 899 2151 tempestatis
910 2082 1211 2137 aedificium
1224 2088 1465 2138 nostrum
1523 2083 1750 2138 adclinis
1786 2083 2086 2138 decantatio
2129 2086 2175 2138 0
2205 2084 2268 2149 X,
2301 2088 2380 2149 10,
2409 2088 2488 2141 15.

437 2152 755 2207 concutitur.
799 2151 1029 2215 XVIIII,
1059 2156 1139 2215 16,
1168 2157 1199 2207 5
1224 2152 1292 2207 ad
1336 2152 1466 2206 inle-
1523 2152 1931 2207 adcommodare
1967 2153 2034 2207 ad
2077 2170 2208 2223 opus
2245 2170 2435 2207 manus
2473 2171 2593 2207 suas
2630 2156 2671 2209 Ι

436 2222 649 2275 cebram
704 2221 1176 2275 blandissimorum
1224 2226 1465 2277 tactuum
1627 2222 1748 2287 VII,
1788 2226 1836 2287 9,
1874 2225 1922 2278 2.
1971 2223 2256 2277 adsensum
2311 2224 2356 2277 0
2401 2223 2488 2287 VI,
2525 2226 2573 2287 4,
2612 2226 2660 2279 2.

437 2291 639 2345 nullam
666 2292 1074 2345 commotionem
1100 2292 1273 2345 carnis
1294 2292 1467 2360 exagi-
1625 2292 1786 2345 fidem
1830 2293 1896 2347 N
1935 2292 2076 2357 1111,
2117 2295 2174 2357 2,
2218 2296 2266 2347 3.
2313 2295 2383 2361 cf.
2429 2310 2662 2347 commo-

436 2364 619 2414 tatam.
654 2362 786 2415 ibid.
814 2360 882 2414 ad
906 2362 1044 2414 hanc
1070 2378 1124 2413 se
1157 2362 1467 2415 firmitatem
1629 2361 1769 2415 dare.

435 2430 685 2499 puritatis
709 2446 965 2485 exercens.
1000 2430 1144 2493 XXI,
1170 2434 1255 2496 22,
1280 2433 1313 2485 3
1344 2430 1465 2484 sub—
1522 2430 1904 2485 adcommodus
1949 2432 1995 2486 G
2025 2430 2228 2496 XXIII,
2255 2434 2303 2496 3,
2331 2434 2378 2486 3.

435 2501 693 2554 stantiam
720 2501 917 2554 uirium
944 2503 1246 2554 nostrarum
1273 2501 1339 2554 ad
1366 2502 1466 2554 ini-
1522 2501 1775 2555 addicens
1811 2501 1991 2569 gladio
2029 2501 2226 2555 carnali
2265 2504 2305 2556 I
2331 2501 2396 2566 X,
2425 2506 2502 2558 12.

435 2585 568 2636 quae
628 2571 861 2624 trutinae
920 2569 1176 2623 libremus
1232 2587 1463 2625 examen.
1522 2570 1891 2624 additamenta
1927 2573 1966 2626 I
1994 2571 2057 2634 X,
2084 2573 2133 2634 8,
2163 2575 2209 2626 3.

434 2637 668 2703 XXIIII,
693 2643 742 2704 9,
772 2643 797 2694 1
838 2639 906 2692 ad
943 2643 1147 2692 certum
1178 2639 1466 2693 districtio—
1522 2640 1893 2694 adfectaticius
1937 2642 1980 2694 I
2016 2639 2146 2703 1111,
2180 2642 2264 2704 24,
2304 2643 2347 2696 1.
2404 2641 2450 2696 C
2487 2641 2660 2706 XVII,

434 2708 518 2761 nis
530 2724 749 2762 examen
767 2713 1067 2762 uestrarum
1087 2709 1285 2762 uirium
1300 2726 1465 2778 quan·
1631 2713 1710 2773 17,
1738 2714 1784 2764 6.
1911 2747 1918 2755 -

433 2778 647 2832 titatem
686 2779 879 2832 metiri.
918 2783 1001 2842 25,
1032 2782 1055 2834 1
1097 2778 1163 2831 ad
1202 2779 1467 2847 praesidia
1522 2779 1828 2847 adgaudens
1875 2778 2028 2832 malis
2066 2780 2107 2833 Ι
2139 2777 2200 2842 V,
2238 2781 2322 2834 31.
2371 2780 2660 2834 uirtutibus

433 2846 518 2900 dei
563 2847 731 2902 fidum
778 2851 935 2916 atque
980 2849 1117 2902 intre
1157 2848 1305 2902 idum
1350 2866 1466 2918 per·
1625 2849 1790 2916 ipsius
1827 2847 2162 2916 adgaudebat
2207 2849 2252 2902 (J
2287 2847 2414 2912 1111,
2446 2853 2490 2912 1,
2522 2854 2564 2905 1.

436 2916 643 2970 durare.
673 2919 739 2973 N
760 2917 851 2982 VI,
881 2921 960 2981 12,
986 2921 1018 2972 2
1046 2935 1117 2970 uu
1142 2917 1467 2972 nerabantur
1521 2917 1742 2986 adgredi
1778 2918 1922 2970 uiam
1968 2918 2013 2972 G
2045 2916 2276 2979 XXIIII,
2301 2921 2384 2980 23,
2415 2922 2458 2974 1.

433 3002 587 3039 aures
622 2986 690 3040 ad
722 2987 1191 3054 praedicationem.
1228 2989 1361 3042 ibid.
1398 2989 1465 3042 ad
1521 2988 1804 3056 adgressus
1839 2989 2028 3081 (plur.)
2067 3011 2128 3030 =
2167 2987 2509 3050 incursiones,
2559 2988 2659 3041 im-

433 3071 627 3108 nomen
672 3055 757 3109 dei
790 3056 989 3112 Christi
1025 3055 1345 3111 claudebant
1385 3057 1463 3110 illi
1625 3059 1780 3124 petus
1825 3059 1864 3111 (ι
1901 3056 2022 3119 VII,
2051 3059 2134 3120 23,
2163 3058 2208 3111 1.

432 3141 599 3179 aures,
634 3128 693 3192 2)
720 3149 779 3169 =
815 3126 941 3194 περί,
978 3125 1117 3193 quod
1153 3127 1347 3180 attinet
1382 3127 1465 3190 ad,
1522 3127 1794 3180 adiacente
1859 3125 2135 3179 desideriis
2196 3125 2552 3195 possibilitate
2620 3128 2666 3181 C

429 3196 495 3248 in
528 3196 791 3250 Hinsicht
832 3198 951 3263 auf,
996 3199 1059 3250 in
1096 3197 1313 3264 Betreff.
1352 3198 1392 3250 I
1421 3196 1464 3261 I,
1625 3195 1862 3260 1111,13,
1889 3199 1938 3250 2.
1964 3196 2170 3248 ammae
2195 3195 2500 3263 puritatem,
2527 3211 2660 3263 quae

430 3265 489 3328 2,
533 3267 568 3318 4
621 3265 981 3333 praeiudicare
1042 3264 1110 3318 ad
1172 3265 1465 3319 cotidianae
1625 3264 1834 3319 adiacet
1869 3265 2074 3318 cunctis
2110 3265 2174 3328 X,
2214 3267 2292 3328 14,
2327 3267 2374 3319 3.
2420 3265 2658 3318 adiacere

432 3334 848 3388 conuersationis
902 3334 1215 3403 exemplum.
1271 3334 1353 3398 II,
1400 3338 1463 3390 17
1625 3335 1828 3387 homini
1883 3335 2090 3388 arbitrii
2148 3333 2450 3388 libertatem
2505 3335 2658 3400 XIII,

430 3402 657 3456 festinus
708 3403 773 3456 ad
824 3419 1085 3458 somnum.
1142 3403 1273 3467 IIII,
1310 3407 1393 3467 39,
1430 3407 1464 3459 2
1629 3406 1709 3467 12,
1736 3407 1784 3458 7.

430 3472 499 3526 ad
534 3473 715 3526 omnia
750 3489 805 3526 se
838 3472 987 3527 uelut
1020 3473 1319 3542 operarium
1352 3490 1465 3527 ma·
1520 3473 1746 3526 adiectio
1795 3473 2122 3528 sublimioris
2176 3473 2378 3527 ordinis
2433 3473 2479 3527 C
2527 3473 2660 3538 IIII,

428 3541 544 3594 lum
582 3541 833 3596 iudicarit
870 3541 1169 3610 indignum.
1218 3542 1278 3606 V,
1314 3546 1343 3597 7
1383 3543 1464 3596 in-
1630 3545 1672 3606 1,
1699 3545 1747 3597 2.
1787 3544 2078 3596 sententiae
2123 3543 2168 3598 0
2197 3543 2351 3606 XIII,
2385 3547 2430 3599 1.
2469 3543 2659 3596 caloris

428 3611 657 3664 firmitas
682 3612 857 3665 carnis
884 3612 949 3664 ad
974 3611 1265 3681 puritatem
1290 3612 1464 3666 cordis
1624 3611 1856 3676 XXIIII,
1883 3615 1964 3676 26,
1994 3616 2074 3669 19.
2113 3613 2344 3666 nominis
2381 3611 2465 3666 dei
2498 3614 2564 3666 N
2585 3613 2656 3676 II,

431 3696 536 3734 non
574 3679 758 3735 officit.
797 3681 949 3746 VIII,
979 3685 1059 3745 19,
1086 3684 1121 3736 3
1157 3680 1225 3735 ad
1260 3681 1463 3750 perfec·
1625 3684 1672 3744 5,
1693 3684 1752 3744 5;
1789 3685 1857 3751 cf.
1883 3683 1950 3737 N
1965 3682 2067 3746 III,
2096 3685 2176 3744 16,
2197 3685 2244 3738 8.
2282 3681 2344 3745 V,
2371 3685 2420 3746 5,
2443 3685 2494 3736 4.
2534 3685 2580 3746 7,
2608 3685 2654 3736 3.

427 3750 589 3804 tionis
616 3751 875 3804 rationem
910 3766 1017 3804 non
1050 3751 1179 3804 satis
1203 3751 1461 3831 proderit.
1621 3750 1743 3814 VII,
1769 3753 1852 3816 23,
1882 3754 1926 3806 1.
1962 3753 2003 3806 Ι
2030 3752 2103 3815 ΙΙ,
2133 3755 2212 3807 14.
2247 3751 2348 3814 111,
2375 3753 2407 3806 2
2434 3758 2468 3806 t.
2496 3755 2546 3807 2.
2578 3755 2657 3807 11.

427 3819 495 3884 X,
520 3822 569 3884 2,
598 3822 623 3875 1
654 3820 721 3874 ad
750 3836 907 3875 omne
939 3836 1070 3889 opus
1104 3820 1358 3874 desldem.
1392 3824 1460 3889 cf.
1623 3819 1743 3883 VH,
1770 3823 1851 3874 24.

428 3888 495 3952 X,
516 3891 565 3943 6.
586 3918 651 3927 —
673 3889 767 3954 XI,
788 3893 821 3945 2
846 3893 997 3944 tanto
1016 3892 1099 3944 est
1121 3889 1465 3959 perniciosior
1517 3890 1850 3945 adiectiuum
1884 3890 1971 3944 uel
2008 3891 2374 3971 participium
2408 3892 2656 3946 substan—

426 3957 497 4011 ad
561 3959 869 4012 conflictum
968 3961 1132 4012 nanto
1192 3959 1464 4012 obscurior
1622 3961 1728 4013 tiui
1755 3961 1882 4014 loco.
1908 3959 1964 4024 1)
1987 3961 2183 4028 stnyul.
2211 3961 2430 4014 naascuI.
2467 3959 2657 4024 CIIII,

427 4027 498 4081 ad
522 4027 836 4082 cauendum.
882 4029 929 4086 G
1014 4028 1087 4092 H,
1118 4031 1196 4092 13,
1223 4031 1255 4084 2
1281 4028 1348 4082 ad
1374 4029 1461 4082 de·
1626 4030 1690 4084 18
1717 4035 1752 4083 t.
1780 4026 2046 4082 carnalem
2083 4030 2138 4080 et
2171 4027 2470 4082 animalem.
2513 4033 2592 4094 19,
2622 4033 2658 4082 4

428 4096 626 4150 sideria
650 4098 971 4167 perficienda
998 4097 1145 4150 nullo
1171 4098 1344 4152 carnis
1369 4098 1462 4152 ob·
1623 4097 1904 4150 saecularis
1929 4097 2015 4150 uel
2077 4096 2270 4151 entilis.
2309 4097 2374 4161 X,
2401 4101 2448 4162 7,
2475 4101 2508 4152 3
2533 4099 2658 4152 soli-

426 4165 633 4220 staculo
667 4167 941 4221 retardari.
968 4167 1146 4231 vnn,
1173 4170 1256 4230 34,
1282 4169 1315 4222 3
1342 4167 1461 4220 nul—
1621 4168 1771 4228 tarii;
1797 4171 1864 4235 cf.
1893 4167 2019 4220 XVI
2081 4207 2093 4230 ,
2120 4169 2168 4229 8,
2194 4170 2242 4222 2.
2269 4167 2498 4230 XVIIII,
2530 4170 2594 4223 12
2619 4174 2655 4222 t.

425 4235 513 4289 lus
549 4235 617 4290 ad
653 4237 971 4304 inpetranda
1006 4252 1067 4289 ea
1099 4236 1461 4306 desperatione

426 4303 511 4358 fra
620 4308 723 4360 tur.
767 4305 969 4370 XVIII,
1012 4309 1091 4370 16,
1128 4309 1190 4361 11
1230 4305 1299 4359 ad
1334 4322 1460 4374 pur-

426 4391 533 4442 gan
572 4391 665 4429 um
734 4375 1091 4429 difficiliorem
1150 4392 1263 4428 esse
1322 4375 1459 4429 inui-

1621 4239 1671 4300 4,
1706 4239 1754 4291 2.
1793 4239 1873 4300 12,
1907 4239 1956 4290 4.
1993 4239 2051 4301 2)
2079 4239 2226 4358 flur.
2263 4239 2483 4292 mental.
2523 4239 2564 4291 I
2591 4236 2652 4300 V,

1620 4308 1704 4370 30,
1734 4310 1759 4361 1
1789 4313 1838 4360 et
1862 4309 1894 4360 2
1932 4321 2084 4358 saecu
2109 4305 2304 4359 aribus,
2343 4308 2414 4375 cf.
2448 4306 2494 4361 Ο
2514 4305 2656 4369 XVI,

1623 4378 1686 4430 17
1713 4378 1793 4432 tit.
1831 4374 2032 4440 XVIII,
2063 4377 2142 4439 16,
2169 4379 2216 4430 5.
2245 4405 2308 4414 --
2343 4377 2382 4430 1
2401 4375 2522 4440 VII,
2549 4379 2598 4441 3,
2628 4380 2652 4431 1
