3167 4975
281 1601 330 1640 10

277 2121 328 2162 15

273 2650 330 2689 20

277 3173 328 3213 25

1200 450 1358 503 Inst.
1396 449 1504 502 lib.
1532 449 1596 510 V,
1634 451 1856 504 24—29.
2552 446 2675 510 103

385 631 542 692 siam
571 628 1042 711 peregrinorum
1077 627 1438 708 quempiam
1471 625 1869 708 repperisset,
1903 645 2091 708 quem
2124 625 2343 688 exinde
2369 625 2673 688 reducens

385 734 460 796 ad
507 733 732 797 cellam
779 735 1064 796 consorte
1114 750 1184 794 eo
1229 731 1638 794 refectionem
1684 731 1927 814 corpori
1974 748 2097 794 non
2161 734 2289 793 tam
2354 747 2503 792 suae
2566 749 2675 793 ne-

383 838 696 901 cessitatis
759 837 1022 902 obtentu
1083 854 1274 918 quam
1335 835 1756 900 humanitatis
1815 835 2021 919 gratia
2082 852 2393 916 causaque
2460 835 2673 898 frat-ris

385 944 757 1007 adsumeret.
853 943 1064 1024 itaque
1125 945 1198 1005 ut
1265 944 1497 1005 norunt
1565 941 1843 1006 aduentu
1911 940 2178 1004 fratrum
2248 938 2675 1004 indifferenter

385 1048 626 1112 soluere
671 1047 988 1111 cotidiana
1033 1046 1283 1126 ieiunia,
1346 1046 1436 1110 ita
1491 1044 1957 1109 discedentibus
2006 1045 2095 1108 eis
2140 1044 2549 1108 refectionem
2594 1043 2672 1106 ob

382 1152 521 1216 illos
586 1153 895 1216 indultam
959 1151 1350 1215 continentia
1416 1151 1649 1214 maiore
1720 1153 2140 1233 conpensant,
2208 1149 2675 1232 perceptionem

383 1257 504 1321 cibi
547 1256 912 1339 paruissimi
957 1256 1192 1320 acriore
1238 1255 1652 1339 castigatione
1698 1274 1815 1319 nec
1862 1255 1997 1318 sola
2046 1254 2251 1337 paniS,
2312 1254 2421 1318 sed
2482 1254 2675 1318 etiam

383 1363 586 1426 somni
633 1361 829 1444 ipsius
877 1361 1304 1424 deminutione
1350 1361 1566 1424 durius
1614 1361 1951 1444 exigentes,

465 1467 727 1530 XXVII.
779 1465 966 1549 Apud
1029 1484 1245 1530 senem
1291 1465 1589 1528 Paesium
1649 1465 1715 1529 in
1760 1464 2015 1529 heremo
2077 1465 2444 1528 uastissima
2504 1482 2675 1528 com-

383 1576 733 1637 morantem
779 1590 924 1635 cum
971 1590 1160 1635 senex
1201 1571 1518 1634 Iohannes
1565 1588 1797 1654 magno
1844 1569 2142 1634 coenobio
2176 1588 2249 1633 ac
2282 1569 2675 1633 multitudini

381 1678 646 1741 fratrum
691 1677 1088 1760 praepositus
1137 1675 1516 1755 aduenisset,
1565 1677 1630 1739 et
1662 1674 1740 1738 ab
1774 1675 1991 1739 eodem
2024 1674 2201 1738 uelut
2232 1674 2673 1757 antiquissimo

383 1782 577 1846 sodali
645 1782 1060 1865 perquireret,
1130 1781 1434 1862 quidnam
1500 1799 1613 1863 per
1682 1798 1899 1844 omnes
1969 1780 2387 1863 quadraginta
2455 1797 2674 1860 annOS,

381 1887 608 1969 quibus
657 1886 734 1950 ab
784 1887 1002 1950 eodem
1049 1889 1376 1969 separatus
1424 1884 1488 1949 in
1551 1883 1889 1949 solitudine
1952 1885 2211 1949 minime
2275 1903 2311 1948 a
2372 1884 2674 1949 fratribus

381 1992 814 2075 interpellatus
877 1995 994 2071 est,
1057 1991 1310 2074 egisset,
1373 2009 1722 2072 numquam
1787 2010 1885 2055 me
1942 1991 2055 2071 sol,
2120 1991 2228 2070 ait,
2288 1990 2673 2054 reficientem

381 2098 558 2161 uidit.
635 2102 700 2160 et
745 2098 870 2177 ille,
919 2116 1034 2160 nec
1080 2115 1202 2176 me,
1251 2096 1476 2176 inquit,
1525 2096 1777 2160 iratum.

469 2201 762 2266 XXVIII.
811 2201 1099 2265 Eundem
1147 2219 1362 2264 senem
1409 2219 1552 2264 cum
1603 2201 1873 2264 alacrem
1921 2203 2249 2283 tamquam
2298 2201 2375 2264 ad
2424 2201 2677 2284 propria

384 2308 942 2390 transmigrantem
992 2307 1054 2370 in
1105 2309 1381 2370 extremo
1428 2305 1556 2370 iam
1606 2306 1891 2369 anhelitu
1930 2305 2206 2388 positum
2243 2305 2409 2369 anxii
2450 2305 2673 2369 fratres

381 2412 932 2476 circumuallantes
960 2411 1324 2495 suppliciter
1347 2415 1775 2495 precarentur,
1809 2415 1880 2474 ut
1910 2410 2161 2493 aliquod
2196 2411 2284 2473 eis
2311 2410 2675 2474 memoriale

381 2520 750 2582 mandatum
812 2517 988 2581 uelut
1049 2516 1496 2580 hereditarium
1561 2517 1874 2598 quoddam
1936 2516 2217 2599 legatum
2272 2515 2675 2598 relinqueret,

381 2643 490 2706 per
536 2624 699 2705 quod
744 2626 1005 2706 possent
1049 2622 1126 2685 ad
1173 2621 1574 2705 perfectionis
1638 2621 1888 2685 culmen
1950 2622 2268 2703 praecepti
2330 2621 2674 2704 conpendio

380 2728 628 2792 facilius
672 2727 1022 2809 peruenire,
1070 2727 1502 2809 ingemescens
1534 2726 1671 2789 ille:
1720 2744 2090 2808 numquam,
2142 2726 2251 2805 ait,
2298 2744 2507 2789 meam
2553 2726 2674 2789 feci

381 2834 774 2897 uoluntatem
820 2851 936 2895 nec
982 2849 1367 2914 quemquam
1413 2831 1595 2894 docui
1642 2831 1807 2913 quod
1854 2830 2029 2913 prius
2077 2830 2211 2914 ipse
2259 2850 2381 2895 non
2431 2831 2568 2895 feci.

465 2937 795 3001 XXVIIII.
845 2936 1138 3001 Uidimus
1186 2954 1400 2999 senem
1433 2935 1773 2999 Macheten
1820 2935 2071 2999 nomine
2106 2954 2142 2998 a
2173 2934 2374 2999 turbis
2406 2936 2671 2999 frat-rum

381 3043 630 3106 eminus
677 3045 1170 3105 commorantem
1218 3040 1384 3104 hanc
1431 3058 1468 3103 a
1513 3040 1765 3104 domino
1826 3039 2099 3123 gratiam
2161 3040 2473 3103 diuturnis
2534 3059 2675 3123 pre-

383 3146 558 3209 cibus
620 3148 990 3230 inpetrasse,
1051 3149 1143 3226 ut,
1205 3148 1514 3227 quotquot
1573 3144 1796 3208 diebus
1859 3163 1933 3209 ac
1992 3144 2281 3209 noctibus
2331 3145 2673 3228 agitaretur

383 3251 651 3316 conlatio
699 3251 1022 3335 spiritalis,
1071 3268 1420 3333 numquam
1467 3251 1673 3315 somni
1726 3254 1971 3335 torpore
2030 3251 2279 3335 penitus
2340 3251 2669 3315 laxaretur.

385 3358 435 3419 si
504 3357 645 3438 quis
713 3374 861 3421 uero
931 3355 1403 3421 detractationis
1462 3354 1731 3419 uerbum
1794 3375 1902 3419 seu
1967 3356 2239 3421 otiosum
2300 3358 2676 3440 temptasset

470 3508 493 3559 1
537 3504 819 3571 reperisset
841 3505 894 3558 L
1001 3506 1034 3558 2
1072 3502 1321 3556 cellulam
1352 3504 1434 3558 Gi>
1541 3503 1746 3571 corpori
1773 3504 1961 3558 AGT:
1998 3503 2231 3572 corporis
2258 3504 2405 3559 HLv
2509 3506 2541 3557 4
2582 3503 2674 3555 ad-

383 3595 570 3644 uentus
597 3592 670 3646 L¹
735 3592 789 3644 in
827 3590 1062 3644 aduentu
1089 3592 1176 3646 Ao
1271 3594 1302 3645 5
1341 3588 1777 3644 discendentibus
1801 3592 1877 3645 L¹
1973 3594 2005 3645 6
2032 3590 2216 3643 maiori
2245 3593 2310 3645 H
2400 3594 2431 3644 7
2469 3591 2675 3659 paruis-

381 3677 502 3731 simi
539 3677 642 3732 cibi
671 3680 723 3732 A
836 3677 1026 3730 acriori
1065 3678 1134 3731 H
1231 3680 1263 3731 8
1302 3694 1512 3731 summa
1548 3679 1617 3732 H
1726 3678 2079 3731 diminutione
2121 3679 2239 3733 GH
2341 3682 2373 3733 9
2411 3678 2588 3731 XXVI
2613 3680 2681 3733 Η

381 3770 506 3833 aput
545 3768 596 3819 A
723 3766 952 3833 pessium
1001 3766 1069 3819 H
1185 3763 1449 3833 pelusium
1496 3766 1549 3819 L
1679 3768 1744 3820 10
1790 3766 2038 3819 iohannis
2086 3766 2168 3819 H¹
2296 3764 2550 3818 coenubio
2590 3767 2675 3819 Η1

381 3852 726 3905 multitudine
753 3854 836 3907 Η1
953 3855 1017 3908 12
1045 3851 1223 3905 sodale
1251 3871 1282 3907 υ
1381 3856 1446 3908 13
1484 3857 1755 3921 seperatus
1780 3853 1855 3907 L¹
1930 3858 2202 3921 separatus
2240 3852 2273 3905 δ
2310 3854 2383 3907 G²
2494 3856 2555 3908 14
2594 3858 2675 3906 est

387 3942 467 3993 H:
499 3959 600 3995 om.
631 3940 830 3995 AGLv
937 3942 1000 3995 15
1038 3938 1224 4007 inquid
1260 3940 1314 3993 A
1426 3942 1490 3995 16
1525 3938 1733 3993 XXVII
1767 3942 1836 3995 H
1938 3944 2001 3995 17
2036 3940 2091 3993 in
2126 3960 2227 3997 om.
2256 3942 2307 3995 A
2417 3940 2585 3993 ancxii
2612 3942 2680 3995 H

380 4030 446 4081 20
482 4027 690 4095 possint
732 4028 782 4081 G
915 4028 977 4082 21
1020 4027 1381 4095 ingemescens
1421 4027 1572 4083 SL1:
1608 4027 1961 4095 ingemiscens
1994 4028 2282 4082 AG11L20
2406 4028 2483 4079 ait
2520 4044 2673 4080 num-

381 4130 538 4181 quam
577 4116 631 4168 L
738 4116 804 4169 ⁶22
843 4114 1128 4182 quicquam
1158 4116 1246 4169 11²
1349 4115 1462 4183 ipse
1499 4114 1649 4183 prius
1688 4130 1794 4166 non
1832 4114 2048 4167 fecerim
2075 4115 2128 4169 L
2235 4116 2302 4169 23
2340 4113 2575 4168 XXVIII
2614 4118 2683 4169 H

381 4244 660 4297 macheten
705 4246 786 4298 A:
833 4245 1131 4299 machetem
1183 4246 1378 4300 GHTo
1467 4203 1771 4313 madentem
1821 4246 1874 4300 L
2016 4248 2080 4300 24
2140 4249 2567 4299 commanentem
2620 4248 2673 4299 A

379 4332 445 4385 25
485 4331 768 4399 quodquod
807 4332 948 4387 ΑΗ1
1087 4334 1334 4400 ageretur
1369 4333 1422 4386 L
1559 4335 1628 4388 ‘26
1666 4332 1927 4386 laxeretur
1966 4334 2045 4387 ΙΙ1
2184 4335 2250 4387 27
2289 4348 2415 4385 uero
2464 4334 2583 4400 quis
2621 4335 2674 4387 A

382 4416 782 4473 detractationis
818 4420 1072 4475 AG¹H¹.·
1109 4419 1510 4473 detrectationis
1549 4422 1639 4475 112
1710 4420 2057 4475 detractionis
2098 4420 2309 4476 G²LT0
