3167 4975
526 456 698 514 Lxx

531 623 776 688 hendet.
855 626 964 689 sed
1024 626 1183 689 mihi
1229 630 1294 691 et
1351 622 1460 689 uel
1508 624 1717 689 deesse
1763 629 1827 691 et
1870 636 2163 689 motuum
2207 628 2633 692 necessarium
2687 648 2823 692 esse

529 730 797 811 uidetur,
859 732 932 795 ut
991 732 1306 795 sententia
1362 734 1530 796 recte
1592 735 1761 796 stare
1806 732 2022 815 possit.
2102 732 2266 814 quod
2328 733 2382 796 si
2441 734 2823 813 conceditur,

529 855 790 897 manere
841 854 1130 919 prorsus
1191 836 1475 919 intellegi
1537 837 1773 918 nequit.
1835 872 1922 883 -—
1981 835 2129 917 545,
2166 834 2244 897 18
2307 857 2417 899 nec
2468 835 2827 899 uulnerum

529 960 804 1003 suorum
839 938 1104 1024 pericla
1147 938 1512 1003 celauerint
1557 949 1679 1002 aut
1716 938 2059 1003 medellam
2078 940 2530 1025 paenitentiae
2552 942 2827 1027 procaci

531 1052 734 1107 mente
779 1044 1158 1129 respuerint
1186 1049 1234 1127 β
1277 1048 1464 1109 recte.
1513 1062 1663 1109 nam
1710 1048 1774 1109 et
1818 1046 2023 1109 forma
2066 1046 2261 1109 rarior
2282 1043 2619 1129 periclum
2650 1052 2825 1111 ante-

530 1150 823 1233 ponenda
881 1153 980 1214 est
1041 1153 1104 1214 et
1155 1148 1606 1234 paenitentiae
1664 1154 1833 1214 recte
1881 1168 1947 1213 se
2005 1150 2226 1214 habet:
2290 1151 2368 1215 cf.
2402 1148 2551 1233 529,
2592 1149 2672 1214 10
2714 1172 2828 1215 nec

533 1251 876 1316 medellam
929 1252 1378 1338 paenitentiae
1438 1274 1552 1316 nec
1596 1251 1971 1338 fomentum
2030 1252 2245 1317 ullius
2292 1254 2659 1318 curationis
2714 1254 2828 1319 ad-

534 1356 736 1421 misit.
781 1395 868 1403 —
915 1356 1064 1439 567,
1096 1356 1136 1421 8
1169 1356 1483 1443 feriunt]
1528 1359 1607 1422 cf.
1644 1356 1793 1438 652,
1828 1354 1887 1422 2.
1920 1356 2068 1441 685,
2100 1358 2204 1423 20.
2251 1396 2338 1407 -—
2381 1358 2531 1441 579,
2569 1358 2651 1423 14
2690 1379 2827 1444 sqq.

533 1464 672 1527 leue
719 1467 817 1528 est
861 1464 1090 1528 uitium
1131 1460 1340 1525 uerba
1370 1481 1481 1547 pro
1513 1482 1695 1539 uere,
1744 1464 1852 1528 sed
1885 1464 1948 1528 id
1980 1465 2143 1546 quod
2178 1466 2459 1546 sequitur
2490 1462 2685 1528 illius
2716 1484 2829 1549 pro

527 1566 756 1652 potius
787 1585 914 1635 non
944 1568 1126 1631 uideo
1159 1568 1469 1649 quomodo
1511 1568 1716 1650 possit
1762 1568 2075 1651 explicari.
2126 1606 2205 1615 —
2256 1566 2404 1650 618,
2438 1566 2516 1631 21
2558 1566 2831 1654 polluat

537 1691 680 1737 cum
727 1671 786 1735 Z
830 1672 1020 1737 scribi
1066 1690 1320 1735 necesse
1368 1676 1484 1752 est,
1532 1672 1656 1737 nisi
1696 1670 2099 1734 ἀνακολουθίαν
2144 1674 2283 1737 ideo
2316 1678 2591 1737 statuere
2623 1675 2829 1755 malis,

537 1778 700 1859 quod
731 1776 996 1840 uerbum
1031 1794 1068 1840 a
1097 1776 1535 1841 coniunctione
1565 1784 1643 1837 ut
1671 1776 1921 1861 longius
1951 1781 2267 1842 remotum
2299 1782 2412 1842 est.
2450 1815 2531 1825 —
2564 1776 2713 1860 634,
2750 1777 2830 1840 19

538 1901 683 1946 cum
713 1879 846 1943 K¹v
892 1880 1290 1945 scribendum
1339 1900 1474 1945 esse
1519 1884 1699 1964 patet
1744 1879 1822 1944 de
1864 1880 2134 1967 nauiqii
2176 1882 2289 1944 sui
2326 1881 2634 1945 oneribus
2664 1904 2830 1945 mor-

539 1984 826 2049 talitatis
873 1984 1172 2071 oppressi
1214 1982 1526 2048 naturali
1571 1984 1958 2069 infirmitate
2005 1984 2377 2071 desperans,
2423 1988 2460 2051 i.
2512 2008 2564 2051 e.
2612 1988 2689 2052 de
2734 1989 2831 2053 in-

539 2090 838 2155 firmitate
885 2090 1181 2174 corporis,
1228 2090 1391 2173 quod
1433 2090 1686 2174 nauigio
1718 2094 2113 2174 conparatur,
2161 2092 2311 2173 quia
2339 2092 2633 2157 oneribus
2664 2110 2831 2158 mor-

539 2196 806 2261 talitatis
851 2195 1042 2259 nimis
1083 2194 1470 2278 deprimitur.
1517 2232 1607 2241 —
1652 2194 1799 2275 646,
1832 2192 1918 2258 25
1948 2216 2093 2257 cum
2123 2215 2188 2258 se
2220 2195 2423 2258 tantis
2454 2193 2831 2259 actualibus

542 2298 757 2363 ditari
787 2296 1138 2383 fructibus
1177 2306 1464 2361 cerneret
1511 2308 1569 2362 et
1617 2320 1649 2360 e
1695 2298 2029 2362 contrario
2062 2298 2347 2363 theoriae
2378 2297 2615 2363 bonum
2642 2300 2834 2365 corde

530 2412 845 2490 pensaret
889 2424 966 2465 ac
1007 2401 1196 2466 uelut
1241 2402 1315 2465 in
1353 2424 1493 2465 una
1527 2402 1707 2466 lance
1740 2412 2076 2466 tantorum
2110 2402 2413 2466 laborum
2432 2403 2831 2491 profectum,

541 2509 614 2572 in
663 2505 882 2572 altera
929 2506 1410 2572 delectationem
1456 2506 1734 2571 diuinae
1789 2506 2351 2594 contemplationis
2412 2509 2830 2596 adpenderet.

541 2634 688 2679 cum
733 2611 1034 2677 laborum
1061 2611 1407 2700 profectus
1439 2617 1789 2697 opponatur
1822 2611 2237 2676 delectationi
2266 2613 2832 2700 contemplationis

543 2719 836 2797 diuinae,
884 2720 1076 2784 etiam
1123 2718 1410 2782 theoriae
1457 2715 1695 2780 bonum
1740 2719 2123 2783 contrarium
2163 2719 2397 2786 habeat
2428 2740 2683 2786 necesse
2714 2725 2829 2787 est.

541 2825 763 2909 scripsi
807 2824 1000 2908 igitur
1045 2842 1188 2888 cum
1233 2828 1282 2904 β
1325 2821 1726 2903 actualibus,
1784 2825 2081 2906 quoniam
2128 2827 2192 2890 et
2244 2824 2384 2890 aliis
2438 2826 2593 2890 locis
2638 2827 2835 2909 pluri-

542 2930 662 2994 mis
709 2929 1056 2994 theoretica
1116 2930 1503 2993 conuersatio
1553 2928 1631 2992 ab
1680 2930 1911 2994 actuali
1959 2929 2352 2994 discernitur.
2432 2951 2509 2992 ac
2563 2927 2833 3008 talibus,

543 3035 706 3116 quod
749 3031 974 3096 BFOv
1020 3033 1335 3114 exhibent,
1384 3033 1460 3097 ab
1509 3033 1631 3098 hoc
1674 3035 1810 3099 loeo
1860 3034 2135 3098 alienum
2182 3037 2295 3098 est.
2345 3071 2432 3081 —
2486 3033 2634 3116 647,
2680 3033 2726 3096 4
2769 3035 2835 3098 in

540 3142 588 3219 β
643 3143 812 3202 recte
865 3138 1096 3221 legitur
1153 3135 1554 3200 desiderium
1607 3136 1893 3200 unitatis
1940 3147 2000 3201 et
2052 3136 2529 3222 inseparabilis
2582 3135 2837 3202 Christi

542 3240 888 3305 societatis.
947 3279 1034 3288 —
1094 3240 1360 3324 662,12
1420 3239 1512 3304 ad
1571 3241 1648 3304 id
1705 3241 1865 3324 (scil.
1932 3243 2009 3306 ad
2054 3243 2357 3327 gaudium
2400 3242 2835 3324 beatitudiniS,

545 3347 710 3429 quod
770 3347 1191 3429 interruptum
1253 3345 1412 3428 erat)
1467 3351 1514 3428 β
1571 3350 1757 3411 recte.
1837 3367 1914 3408 ea·
1975 3345 2077 3409 his
2132 3346 2313 3412 nihili
2356 3350 2451 3411 est
2512 3367 2713 3429 neque
2758 3348 2836 3412 ad

543 3450 826 3514 aeternis
870 3448 1227 3535 suppliciis
1271 3451 1490 3516 referri
1534 3454 1762 3535 potest,
1812 3453 1959 3534 quia
2002 3453 2101 3516 lex
2142 3451 2445 3516 membris
2477 3451 2709 3516 nostris
2740 3453 2837 3516 in-

545 3559 714 3621 serta
772 3556 1042 3621 aeternis
1104 3556 1425 3639 suppliciis
1487 3575 1615 3621 non
1675 3556 1907 3621 addicit
1966 3575 2169 3638 neque
2214 3561 2511 3620 nocentes
2557 3575 2671 3620 nos
2728 3557 2838 3620 sed

545 3663 796 3725 tantum
849 3659 1132 3724 infelices
1187 3660 1408 3725 reddit.
1460 3697 1541 3706 —
1590 3659 1737 3741 684,
1784 3659 1865 3722 14
1910 3679 2068 3742 quae
2099 3657 2230 3721 BF
2260 3659 2559 3724 exhibent
2601 3658 2717 3722 sed
2758 3682 2841 3724 ne

545 3763 699 3827 illos
747 3763 1004 3848 quidem
1048 3760 1198 3826 illic
1233 3762 1543 3827 similiter
1575 3787 1651 3827 ea
1682 3785 1845 3849 quae
1876 3773 2031 3827 sunt
2062 3763 2152 3826 ad
2182 3763 2435 3827 uictum
2464 3765 2839 3828 necessaria

535 3867 937 3954 prouisuros
999 3869 1170 3934 nullo
1233 3869 1416 3934 modo
1461 3870 1611 3933 ferri
1658 3873 1913 3950 queunt.
1989 3888 2112 3934 non
2158 3869 2327 3933 enim
2372 3869 2685 3934 referebat
2727 3889 2839 3954 pa-

543 3977 775 4054 renteS,
823 3973 932 4038 sed
978 3973 1353 4038 Cassianum
1400 3978 1466 4038 et
1495 3973 1885 4039 Germanum
1931 3975 2100 4058 ipsos
2148 3991 2292 4037 cum
2337 3972 2549 4038 labore
2594 3975 2839 4040 uictum

545 4077 668 4142 sibi
711 4079 778 4143 in
825 4097 940 4142 sua
967 4078 1290 4161 prouincia
1321 4078 1821 4158 subministrare,
1862 4067 1934 4142 ut
1972 4080 2038 4142 in
2068 4077 2360 4162 Aegypto
2398 4078 2605 4142 facere
2638 4081 2838 4144 coacti

547 4185 742 4247 erant.
792 4219 878 4229 —-
923 4180 1072 4264 687,
1106 4181 1142 4244 7
1191 4182 1250 4246 Ζ
1293 4183 1466 4248 solus
1510 4183 1627 4268 qui
1673 4187 1817 4249 ante
1863 4181 2191 4269 quidquid
2244 4184 2538 4247 seruauit.

633 4287 878 4352 Codicis
912 4284 965 4349 O
995 4287 1199 4369 qualis
1233 4288 1316 4352 sit
1346 4289 1412 4352 in
1442 4288 1562 4352 hac
1596 4287 2037 4353 Conlationum
2068 4292 2247 4371 parte
2278 4287 2559 4352 condicio
2593 4288 2839 4370 quodue

547 4393 840 4476 pretium,
873 4393 1000 4456 iam
1032 4411 1220 4475 supra
1250 4393 1669 4474 exposuimus.
1735 4394 1842 4474 qui
1872 4411 2017 4456 cum
2048 4393 2229 4474 quasi
2260 4393 2327 4456 in
2358 4392 2564 4456 medio
2605 4392 2841 4456 utrius-
