3167 4975
1047 1328 1976 1449 PROLEGOMENA.

1353 1587 1665 1597 ——.——-

479 1763 688 1847 GAP.
736 1763 789 1845 I.
868 1761 990 1845 DE
1059 1760 1522 1845 CASSIANI
1588 1758 1823 1841 UITA
1888 1756 2009 1841 ΕΤ
2076 1754 2541 1840 SCRIPTIS.

443 1945 710 2039 Nomen
751 1993 970 2037 nerum
1011 1972 1352 2057 scriptoriS‚
1402 1972 1580 2036 cuius
1622 1989 1809 2055 opera
1852 1974 1997 2053 post
2040 1972 2352 2035 trecentos
2400 1972 2656 2035 demum

362 2098 560 2165 annos
622 2098 696 2143 ex
751 2097 872 2161 quo
927 2078 1005 2143 ab
1063 2079 1296 2143 editore
1349 2077 1634 2142 Romano
1688 2076 2087 2141 landabiliter
2140 2080 2289 2141 sunt
2345 2076 2657 2140 recensita

360 2184 566 2248 denuo
635 2184 1014 2264 emittimnS,
1077 2182 1327 2247 uidetur
1387 2183 1582 2246 fuisse
1645 2180 2071 2246 Cassianus,
2150 2181 2241 2245 ita
2301 2182 2470 2246 enim
2532 2199 2655 2245 non

361 2290 566 2353 solnm
604 2288 672 2351 in
703 2286 880 2351 libris
912 2306 1106 2351 mann
1137 2287 1387 2371 scriptis
1421 2286 1770 2370 appellatur
1804 2286 2001 2349 ueluti
2031 2285 2097 2349 in
2128 2282 2310 2347 GKL
2338 2284 2659 2369 (cassiani

357 2390 773 2456 wilitani
809 2390 962 2477 prs)
1004 2388 1156 2453 ΝΜ
1198 2390 1524 2475 (cassiano
1569 2388 1970 2453 massiliensi
2009 2386 2266 2476 abbate)
2294 2388 2501 2474 pOH,
2550 2390 2658 2453 sed

359 2499 556 2562 etiam
607 2515 647 2560 a
689 2495 1080 2582 Gennadio¹)
1127 2501 1190 2561 et
1221 2497 1631 2562 Cassiodorio.
1652 2495 1701 2580 ²)
1750 2499 1967 2561 contra
1996 2495 2265 2578 Prosper
2295 2495 2655 2577 Aquitanus

359 2603 426 2666 in
486 2601 789 2666 chronico
849 2602 1043 2666 refert
1097 2600 1372 2664 Ioannes
1425 2601 1775 2663 monachus
1835 2609 2234 2687 coynomento
2297 2596 2653 2664 Cassianus

363 2704 719 2768 Blassiliae
765 2705 1046 2792 insiynis
1093 2715 1151 2769 et
1183 2703 1532 2791 facundus
1577 2705 1866 2791 scriptor
1912 2702 2189 2768 habetur
2235 2709 2299 2768 et
2337 2705 2471 2788 ipse
2505 2703 2658 2768 Oas-

361 2812 580 2874 sianus
633 2810 698 2874 in
747 2809 921 2876 Conl.
955 2811 1166 2892 XIIII,
1200 2829 1333 2895 cap.
1369 2809 1430 2892 9,
1461 2809 1506 2873 4
1533 2811 1936 2876 Nesterotem
1982 2829 2199 2874 senem
2254 2809 2496 2874 inducit
2558 2809 2657 2873 his

359 2914 574 2980 uerbis
602 2913 814 2998 ipsum
840 2915 1281 2997 adloquentem
1307 2913 1645 2977 obseruate
1672 2914 1885 3001 ἐρίων
1908 2913 2265 3000 inprimis,
2298 2923 2357 2977 et
2378 2913 2657 2976 maaeime

361 3027 453 3096 tu,
478 3017 808 3082 Iohannes
835 3022 898 3084 et
927 3020 1034 3084 rel.
1063 3019 1140 3084 cf.
1168 3019 1326 3084 Inst.
1347 3019 1423 3100 V,
1449 3019 1550 3084 35.
1597 3039 1757 3102 quae
1790 3019 2130 3084 difficultas
2162 3020 2253 3083 ita
2284 3019 2445 3084 solui
2475 3037 2659 3103 posse

361 3122 642 3205 uidetur,
687 3128 760 3188 ut
807 3127 1161 3188 statuamus
1208 3143 1438 3190 nomen
1471 3123 1823 3190 ‘Iohannes'
1858 3124 2156 3190 Cassiano
2191 3127 2300 3189 aut
2330 3143 2473 3188 cum
2505 3123 2660 3206 bap-

359 3227 672 3293 tizaretur
691 3228 742 3311 ³)
802 3227 1074 3294 inditum
1135 3248 1272 3294 esse
1334 3233 1444 3294 ant
1487 3233 1627 3294 tum
1681 3231 1935 3294 demum
1983 3229 2061 3294 ab
2111 3249 2182 3295 eo
2230 3231 2657 3313 adsumptum,

359 3349 510 3396 cum
543 3333 614 3397 in
647 3333 1028 3398 monasterio
1058 3333 1539 3399 Bethleemitico
1585 3335 1805 3418 primis
1853 3313 2022 3399 uitae
2060 3336 2444 3399 monasticae
2490 3335 2661 3398 rudi-

361 3437 605 3501 mentis
639 3436 1033 3502 inbuebatnr.
1083 3456 1232 3503 nam
1280 3439 1430 3521 quin
1479 3438 1856 3504 arbitremur
1901 3458 2129 3504 nomen
2176 3439 2331 3504 illud
2373 3459 2517 3504 eum
2560 3458 2661 3504 ac-

361 3543 614 3624 cepisse
667 3560 812 3605 oum
868 3541 1224 3627 adoptatus
1270 3566 1312 3605 a
1360 3541 1764 3607 beatissimae
1808 3543 2151 3607 ‘memoriae
2197 3543 2482 3606 Iohanne
2530 3544 2660 3629 epi-

360 3665 560 3729 scopo
591 3645 666 3706 i‘n
695 3644 1137 3709 ministerium
1167 3669 1430 3710 sacrum
1461 3659 1654 3734 atque
1686 3646 1943 3711 oblatus
1977 3647 2091 3712 deo
2113 3649 2161 3732 ⁴)
2196 3651 2258 3714 in
2294 3650 2661 3714 diaconatus

455 3869 498 3938 ¹)
539 3867 608 3922 de
645 3870 744 3924 uir.
769 3870 979 3926 inlustr.
1008 3887 1120 3942 cap.
1147 3871 1315 3928 LXII.

450 3959 498 4026 ²)
540 3956 608 4010 de
654 3956 821 4012 diuin.
855 3958 975 4014 lect.
1009 3959 1199 4028 praefi:
1245 3979 1343 4018 nec
1385 3979 1468 4018 me
1501 3965 1767 4033 praeterit
1803 3965 2293 4034 eloquentissimum
2334 3965 2663 4020 Cassiammt

359 4042 426 4097 in
462 4045 660 4112 quinto
696 4047 1050 4102 collationum
1084 4048 1287 4104 dixisse
1321 4051 1611 4106 uolumine.
1652 4067 1763 4120 cap.
1792 4053 1883 4106 29:
1934 4051 2264 4108 Cassianum
2291 4055 2665 4124 presbyterum

363 4175 376 4184 .
406 4174 416 4184 .
448 4175 460 4186 .
488 4130 680 4186 sedulo
718 4134 874 4202 legite
907 4140 958 4188 et
993 4136 1214 4191 libenter
1249 4138 1448 4194 audite.

453 4217 501 4286 ³)
543 4216 780 4272 Cassiani
818 4221 1146 4290 temporibus
1183 4223 1238 4277 in
1263 4223 1440 4280 Gallia
1475 4225 1837 4280 adulescentes
1873 4227 2129 4296 baptizari
2156 4227 2339 4282 solitos
2365 4246 2475 4282 esse
2500 4229 2664 4282 etiam

360 4321 390 4357 e
427 4305 556 4358 uita
591 4303 642 4359 S.
669 4305 932 4361 Honorati
968 4325 1128 4377 quam
1163 4309 1403 4366 Hilarius
1441 4313 1767 4368 Arelatensis
1805 4316 2016 4384 scripsit
2052 4317 2401 4386 conperimus,

453 4393 500 4462 ⁴)
541 4397 731 4446 contra
763 4393 974 4450 Nestor.
1000 4395 1122 4462 VII,
1151 4401 1234 4464 31,
1263 4403 1308 4455 1.

471 4495 612 4538 xvn.
633 4496 746 4539 om.
771 4503 806 4540 ι.
2325 4501 2349 4550 1
