3167 4975
2329 438 2625 497 XXXIII

419 606 480 670 3.
527 606 1044 671 Uercellensis
1091 605 1510 671 bibliothecae
1571 606 1829 689 capituli
1878 605 2303 671 CLXXXVII.
2337 606 2425 669 44
2455 626 2614 671 saec.

335 712 696 791 VIIII—X,
743 712 945 774 forma
975 714 1216 791 octaua,
1263 712 1370 775 fol.
1407 708 1554 791 220,
1586 712 1816 775 litteris
1850 712 2005 775 satis
2038 712 2381 796 grandibus
2430 712 2627 777 nitide

335 818 648 895 exaratuS,
694 816 956 879 mutilus
989 818 1102 879 est.
1172 814 1350 879 deest
1393 816 1647 880 initium
1689 834 1888 898 usque
1936 817 2011 881 ad
2061 815 2235 881 Conl.
2270 818 2321 897 Ι,
2354 814 2417 898 5,
2448 816 2491 878 4
2536 814 2629 878 ad

334 941 476 983 eam
520 918 936 982 obtinendam
979 918 1352 995 rectissime,
1400 920 1462 984 id
1510 923 1610 984 est
1654 924 1897 1004 septem
1946 921 2113 1001 folia,
2161 939 2358 985 unum
2404 920 2626 985 folium

333 1028 480 1108 post
523 1025 629 1088 fol.
669 1022 794 1085 103
841 1022 1042 1107 (Conl.
1079 1023 1154 1103 V,
1191 1021 1292 1103 14,
1329 1023 1542 1107 1-4)‚
1592 1025 1919 1107 quaternio
1967 1044 2129 1089 unus
2169 1028 2313 1108 post
2358 1025 2462 1089 fol.
2499 1022 2628 1087 212

335 1127 542 1211 (Coul.
578 1129 788 1209 VIIII,
819 1126 924 1208 20,
956 1126 1192 1208 2-34,
1233 1126 1321 1212 2),
1370 1130 1491 1192 (1110
1539 1130 1979 1210 quaterniones
2026 1130 2091 1193 in
2138 1127 2263 1194 fine
2308 1128 2511 1212 (Conl.
2546 1129 2625 1208 X,

333 1233 398 1313 4,
435 1232 468 1295 1
518 1254 722 1295 annos
755 1231 826 1294 in
875 1232 992 1295 hac
1027 1233 1275 1295 heremo
1313 1270 1388 1279 -—
1428 1232 1510 1295 14
1555 1234 1756 1318 extr.).
1805 1236 2127 1317 praeterea
2174 1234 2415 1315 folium,
2462 1234 2628 1316 quod

335 1358 476 1403 esse
523 1338 794 1402 debebat
838 1336 984 1419 213,
1032 1338 1123 1401 ita
1167 1339 1621 1421 transpositum
1669 1342 1785 1418 est,
1833 1342 1905 1403 ut
1950 1357 2117 1403 nunc
2158 1339 2243 1403 sit
2284 1336 2429 1401 219.
2482 1357 2627 1423 ergo

335 1443 526 1508 codex
575 1443 820 1527 integer
862 1440 989 1505 252
1035 1442 1187 1507 folia
1217 1443 1350 1506 siue
1391 1443 1833 1524 quaterniones
1878 1442 1958 1505 31
2009 1448 2073 1507 et
2102 1443 2435 1507 dimidium
2480 1460 2627 1508 con—

332 1548 556 1632 plexus
603 1552 754 1611 erat.
815 1546 1262 1631 orthographia
1305 1546 1450 1611 libri
1495 1547 1664 1612 bona
1696 1551 1809 1611 est.
1867 1548 2347 1631 capitulationes
2380 1550 2625 1613 desunt.

422 1652 840 1718 Communem
881 1652 1164 1715 codicum
1196 1649 1361 1713 DW
1381 1652 1689 1736 originem
1720 1653 1958 1717 multae
2002 1653 2303 1717 lectiones
2334 1652 2623 1736 probant,

333 1776 496 1840 quae
528 1758 620 1821 eis
661 1757 811 1821 solis
857 1757 1142 1840 propriae
1189 1760 1353 1821 sunt.
1420 1775 1621 1838 neque
1670 1760 1883 1821 tamen
1930 1774 2270 1822 consensus
2316 1756 2462 1823 talis
2511 1762 2626 1839 est,

333 1866 404 1926 ut
435 1861 905 1927 Uercellensem
949 1861 1350 1945 apographon
1381 1860 1653 1925 Parisini
1686 1880 1822 1925 esse
1852 1865 2022 1926 recte
2066 1863 2381 1946 possimus
2416 1862 2627 1927 existi-

335 1985 528 2031 mare.
600 1984 750 2031 nam
795 1970 866 2030 ut
911 1966 974 2029 in
1023 1966 1113 2029 eis
1159 1984 1318 2049 quae
1365 1966 1701 2049 archetypo
1761 1967 2082 2031 communi
2127 1965 2434 2032 debentur
2480 1986 2626 2033 con—

334 2072 642 2150 sentiunt,
704 2071 796 2135 ita
840 2071 905 2134 in
949 2070 1208 2151 reliquis
1254 2068 1548 2134 omnibus
1604 2070 1791 2153 plane
1836 2070 2211 2155 discrepant.
2290 2072 2503 2155 itaque
2550 2073 2626 2136 ad

333 2194 740 2241 communem
785 2178 1035 2239 tantum
1080 2174 1322 2239 fontem
1368 2174 1929 2239 demonstrandum
1964 2176 2134 2240 locos
2182 2176 2419 2259 aliquot
2465 2176 2629 2240 infra

335 2280 776 2345 adscribimus,

823 2469 944 2524 DW
1931 2468 2083 2524 codd.
2122 2469 2235 2525 rell.

333 2593 518 2661 Conl.
547 2594 664 2674 ΠΙ,
697 2593 757 2675 6,
789 2593 832 2658 4
877 2612 980 2658 om
985 2643 1428 2658 .....
1536 2613 1616 2654 ac

545 2697 814 2779 1111‚19,
847 2697 887 2761 6
919 2719 1035 2760 con
1071 2695 1286 2781 (com-)
1324 2718 1432 2782 pe—

639 2812 840 2866 tentem·
873 2853 1430 2867 ......
1537 2809 1989 2884 consequenter

551 2907 627 2989 V,
659 2906 720 2988 6,
751 2905 794 2970 5
837 2905 1236 2992 simpliciter
1307 2957 1320 2970 .
1415 2957 1428 2969 .
1535 2901 1849 2966 similiter

553 3049 634 3057 —
663 3009 704 3073 9
749 3031 1028 3096 quosque
1089 3063 1101 3074 .
1197 3063 1210 3075 .
1305 3062 1318 3074 .
1415 3061 1427 3075 .
1537 3028 1783 3092 quoque

554 3152 636 3160 —
670 3113 768 3196 18,
806 3115 836 3178 1
887 3115 1135 3178 uitium
1196 3167 1210 3180 .
1307 3167 1318 3179 .
1413 3165 1426 3178 .
1535 3111 1709 3174 uitio

555 3257 635 3265 —-
669 3219 746 3282 19
794 3240 919 3286 11011
963 3219 1364 3304 distinguunt
1413 3272 1425 3282 .
1537 3217 1939 3302 distinguunt

557 3361 632 3369 —-
665 3323 821 3405 2231
851 3322 1138 3387 obtinent
1155 3323 1226 3387 in
1243 3323 1428 3387 nobis
1535 3320 1611 3383 in
1654 3320 1841 3384 nobis
1887 3319 2175 3386 obtinent

557 3427 658 3508 VI,
691 3429 750 3510 3,
789 3428 818 3491 1
873 3427 1238 3492 ducendum
1305 3481 1318 3493 .
1413 3482 1425 3493 .
1538 3423 1886 3489 dicendum

559 3568 628 3578 -—
664 3532 723 3614 9,
757 3533 798 3595 2
845 3532 1094 3596 dicens.
1116 3582 1130 3596 .
1154 3581 1168 3596 .
1199 3532 1431 3596 bonum

637 3638 864 3702 desunt
979 3689 1426 3703 .....
1536 3639 1753 3699 extant
1798 3633 1951 3717 (non
1997 3639 2214 3702 tamen
2258 3637 2323 3701 in
2370 3636 2488 3721 Xl)

556 3777 636 3786 -—
667 3779 746 3787 -
779 3779 858 3788 --
909 3742 984 3804 in
1029 3761 1149 3806 om.
1197 3795 1208 3807 .
1305 3796 1317 3806 .
1414 3795 1426 3807 .
1536 3743 1707 3804 extat

569 3883 628 3890 —-
672 3844 767 3927 10,
801 3845 841 3909 9
889 3845 1190 3909 deaetram
1305 3901 1316 3911 .
1414 3900 1427 3912 .
1538 3842 1871 3907 dexteram

559 3985 628 3994 -—
673 3948 767 4031 10,
803 3949 884 4015 10
929 3950 1185 4037 qratias
1305 4003 1317 4017 .
1413 4004 1425 4016 .
1534 3958 1752 4034 qrates

559 4089 638 4099 -—
675 4053 768 4134 ll,
801 4053 842 4116 2
878 4065 1078 4140 pate-r
1121 4077 1250 4117 non
1295 4077 1430 4117 coi·-

642 4158 807 4243 ripit
868 4209 1428 4224 ......
1537 4178 1667 4220 non
1714 4156 1999 4243 corripit
2035 4168 2236 4243 pater

559 4299 641 4308 --
673 4261 768 4344 11,
803 4263 838 4325 7
887 4285 1124 4326 omnem
1171 4283 1292 4328 om.
1413 4317 1424 4330 .
1536 4267 1707 4328 extat

561 4365 698 4444 VII,
727 4365 786 4447 5,
818 4367 856 4430 3
905 4367 1188 4430 dicemus
1303 4422 1315 4434 .
1413 4421 1424 4432 .
1537 4365 1817 4430 dicimus

447 4484 582 4528 xvu.
605 4485 702 4526 cas·
743 4492 773 4528 1.
2283 4473 2314 4520 3

2713 1652 2879 1716 DW
