3167 4975
285 1595 336 1634 1⁰

285 2115 334 2156 15

1221 451 1380 505 Inst.
1419 451 1530 507 lib.
1555 451 1649 515 VI,
1686 455 1841 508 2—4.
2553 452 2673 514 117

387 629 631 712 saepius
687 632 750 692 et
810 628 1087 693 crebrius
1151 631 1518 712 arguuntur,
1579 628 1749 692 ocius
1813 630 2189 711 perueniunt
2248 629 2325 692 ad
2386 629 2674 692 salutem.

387 734 488 799 hic
531 752 681 799 uero
727 734 982 798 morbus
1030 752 1174 798 cum
1222 734 1495 816 corporis
1543 731 1896 798 adflictione
1944 737 2005 798 et
2049 734 2417 798 contritione
2478 733 2678 796 cordis

388 839 724 904 solitudine
771 856 1018 922 quoque
1065 857 1136 902 ac
1180 839 1526 902 remotione
1572 838 1832 922 indiget,
1880 842 1950 903 ut
1993 839 2192 922 possit
2238 839 2315 902 ad
2360 838 2679 921 integrum

388 944 676 1008 sanitatis
722 946 956 1008 statum
1002 943 1354 1027 perniciosa
1415 947 1705 1007 aestuum
1766 943 1925 1008 febri
1986 943 2271 1027 deposita
2329 943 2675 1027 peruenire.

389 1050 550 1114 sicut
600 1050 968 1132 plerumque
1029 1052 1200 1112 certa
1261 1049 1653 1132 aegritudine
1715 1048 2144 1113 laborantibus
2209 1047 2359 1112 utile
2422 1051 2547 1130 est,
2610 1051 2679 1112 ut

388 1153 510 1218 cibi
557 1153 722 1218 noxii
769 1173 846 1218 ne
893 1155 1212 1218 oculorum
1275 1153 1528 1236 quidem
1588 1153 1867 1237 ipsorum
1929 1153 2253 1218 obtutibus
2316 1151 2677 1233 offerantur,

389 1279 464 1324 ne
511 1259 674 1341 quod
722 1261 1010 1342 aspectus
1057 1259 1382 1324 occasione
1427 1259 1803 1324 desiderium
1853 1259 1939 1324 eis
1986 1259 2175 1323 letale
2218 1258 2536 1342 gignatur,
2592 1258 2681 1322 ita

387 1364 728 1447 plurimum
792 1364 1032 1428 confert
1093 1364 1170 1428 ad
1233 1363 1671 1447 depellendum
1732 1364 1901 1429 hunc
1968 1363 2317 1446 specialiter
2386 1363 2677 1427 morbum

388 1468 564 1552 quies
613 1486 682 1531 ac
729 1467 1016 1549 solitudo,
1063 1471 1135 1532 ut
1179 1487 1358 1532 mens
1408 1486 1597 1553 aegra
1642 1469 1901 1533 minime
1943 1468 2205 1533 diuersis
2236 1467 2455 1552 figuris
2487 1468 2677 1532 inter-

387 1573 620 1656 pellata
651 1571 728 1636 ad
758 1573 1072 1655 puriorem
1103 1573 1477 1656 perueniens
1511 1573 2061 1658 contemplationis
2095 1573 2391 1638 intuitum
2432 1572 2676 1637 facilius

387 1679 748 1762 pestiferum
796 1678 1336 1760 concupiscentiae
1380 1679 1665 1742 fomitem
1710 1679 2009 1744 radicitus
2053 1679 2257 1762 possit
2302 1697 2535 1742 eruere.

475 1783 621 1847 IIII.
669 1781 874 1846 Nemo
923 1786 1136 1847 tamen
1184 1802 1256 1862 ex
1303 1783 1421 1847 hoc
1467 1801 1699 1867 negare
1746 1802 1859 1848 nos
1913 1787 2095 1868 putet
2156 1783 2343 1848 etiam
2405 1783 2468 1847 in
2530 1801 2677 1847 con-

386 1889 750 1973 gregatione
797 1889 1064 1952 fratrum
1109 1888 1346 1971 positos
1393 1889 1660 1952 inueniri
1707 1889 2129 1954 continentes:
2177 1888 2339 1972 quod
2384 1889 2677 1974 perfacile

387 2011 570 2076 posse
615 1991 749 2057 fieri
797 1991 1184 2056 confitemur.
1257 1991 1426 2056 aliud
1475 1995 1643 2058 enim
1690 1997 1789 2058 est
1818 1995 2245 2060 continentem
2278 2013 2436 2074 esse,
2484 1993 2545 2056 id
2582 1997 2679 2057 est

389 2098 652 2179 ἐγκρατῆ,
700 2097 870 2162 aliud
916 2100 1180 2178 castum,
1239 2101 1302 2162 et
1345 2101 1417 2162 ut
1461 2098 1552 2162 ita
1598 2099 1801 2162 dicam
1849 2099 1913 2162 in
1960 2098 2253 2163 affectum
2300 2099 2677 2182 integritatis

387 2202 489 2266 uel
535 2201 1014 2286 incorruptionis
1063 2202 1349 2283 transire,
1397 2203 1562 2286 quod
1610 2203 1834 2268 dicitur
1880 2205 2066 2285 ἁγνόν,
2114 2221 2272 2285 quae
2316 2204 2521 2267 uirtus
2554 2204 2679 2268 illis

389 2307 536 2371 solis
585 2305 879 2371 tribuitur
925 2307 1218 2389 maxime,
1265 2307 1371 2390 qui
1418 2308 1698 2392 uirgines
1749 2309 1847 2373 uel
1896 2327 2082 2373 carne
2128 2308 2231 2373 uel
2281 2312 2493 2373 mente
2537 2329 2679 2391 pcr-

389 2411 642 2493 durant,
707 2416 777 2475 ut
837 2415 1098 2495 uterque
1155 2412 1468 2478 Iohannes
1531 2415 1595 2477 in
1658 2432 1821 2478 nouo
1882 2417 2293 2496 testamentO,
2356 2413 2419 2477 in
2480 2414 2679 2478 ueteri

389 2536 630 2601 quoque
660 2518 901 2598 HeliaS,
932 2518 1308 2598 Hiereniia8‚
1340 2519 1611 2583 Danihel
1652 2520 1847 2583 fuisse
1893 2524 2256 2585 noscuntur.
2318 2520 2381 2585 in
2414 2538 2677 2603 quorum

387 2622 582 2706 gradu
628 2623 692 2687 hi
739 2640 984 2705 quoque
1032 2641 1156 2687 non
1201 2622 1494 2688 inmerito
1539 2624 2020 2708 reputabuntur,
2082 2626 2187 2707 qui
2246 2628 2389 2709 post
2441 2624 2679 2708 experi-

389 2730 603 2791 menta
647 2726 1058 2811 corruptionis
1107 2727 1184 2792 ad
1246 2728 1516 2793 similem
1575 2728 1867 2813 puritatis
1930 2734 2167 2795 statum
2228 2750 2339 2815 per
2398 2729 2678 2794 laborem

387 2832 644 2915 longum
693 2835 754 2896 et
801 2832 1170 2897 industriam
1219 2833 1576 2917 integritate
1626 2836 1858 2899 mentis
1923 2840 1985 2899 ct
2044 2836 2316 2919 corporis
2376 2853 2679 2918 peruene-

387 2940 536 3001 runt
581 2940 644 3001 et
689 2938 935 3001 aculeos
997 2937 1202 3001 carnis
1263 2956 1386 3001 non
1450 2942 1582 3003 tam
1643 2940 2095 3023 inpugnat-ione
2140 2941 2677 3023 concupiscentiae

389 3043 608 3125 turpiS‚
655 3060 844 3125 quam
891 3046 1150 3107 naturae
1183 3044 1619 3108 tantummodo
1652 3048 1825 3108 motu
1859 3043 2161 3110 sentiunt.
2219 3066 2405 3129 quem
2439 3048 2677 3110 stat-um
2726 3057 2760 3109 2

393 3146 652 3211 dicimus
715 3146 1084 3211 difficillime
1143 3165 1328 3230 posse
1388 3148 1552 3213 inter
1612 3149 1939 3213 hominum
2000 3149 2218 3215 turbas
2275 3150 2674 3233 adprehendi.

391 3255 602 3316 utrum
647 3270 796 3317 uero
858 3256 924 3317 et
981 3252 1346 3337 inpossibile
1409 3254 1520 3335 sit,
1581 3254 2013 3338 unusquisque
2074 3273 2199 3321 non
2262 3260 2477 3321 nostra
2538 3275 2678 3320 sen·

479 3411 504 3463 1
544 3408 682 3461 otius
708 3409 824 3463 HL
882 3408 1200 3477 quantocius
1225 3409 1358 3465 ATc
1464 3409 1751 3463 sanitatem
1779 3411 1858 3465 A:
1882 3414 1952 3479 cf.
1979 3410 2132 3467 Conl.
2164 3412 2224 3481 V,
2262 3416 2312 3480 4,
2349 3416 2384 3466 6
2488 3414 2521 3467 3
2556 3411 2677 3465 soli-

391 3492 578 3548 tudine*
610 3500 660 3549 et
689 3494 983 3548 remotione*
1007 3495 1082 3549 L¹
1187 3496 1219 3549 4
1257 3495 1447 3564 pernit.
1480 3496 1609 3551 G¹L
1716 3496 1867 3550 sebra
1892 3499 1974 3552 Η1
2046 3496 2211 3552 febris
2236 3499 2289 3553 L
2350 3496 2497 3551 febre
2523 3500 2680 3553 11282

391 3583 423 3635 6
449 3582 536 3652 ne]
566 3582 678 3636 sine
703 3584 758 3637 A
865 3584 896 3637 7
932 3581 1232 3637 occassione
1260 3584 1329 3637 H
1424 3581 1589 3654 let-ale
1617 3584 1669 3638 L
1740 3583 1932 3637 laetale
1966 3584 2041 3637 eis
2068 3586 2136 3640 H
2235 3588 2268 3641 8
2303 3584 2677 3655 depellendum

399 3696 626 3751 CGLT:
663 3694 1040 3750 debellandum
1080 3697 1133 3751 A
1154 3652 1508 3749 debellandum
1534 3698 1604 3751 H
1702 3695 1950 3751 morbum
1989 3698 2289 3767 specialiter
2315 3700 2384 3753 H
2483 3702 2515 3754 9
2553 3715 2680 3768 egra

393 3782 610 3835 minime
631 3799 696 3837 ex
716 3782 987 3851 egramine
1007 3784 1072 3837 H
1145 3785 1208 3838 12
1230 3799 1385 3836 nemo
1410 3826 1420 3837 .
1443 3826 1454 3837 .
1477 3826 1489 3839 .
1510 3787 1665 3853 putet
1688 3802 1844 3839 enan.
1862 3786 1923 3840 in
1945 3784 1993 3841 Ο
2078 3786 2256 3855 potest
2279 3786 2329 3840 G
2427 3789 2491 3842 13
2510 3787 2677 3856 possi-

393 3874 471 3923 tos
493 3870 604 3924 11¹.-
628 3888 730 3926 om.
751 3872 804 3925 A
917 3873 980 3926 14
1007 3870 1122 3923 fieri
1146 3886 1299 3940 posse
1325 3872 1412 3927 Av
1517 3871 1653 3925 aliut
1672 3874 1745 3937 A,
1770 3874 1897 3929 item
1922 3874 2078 3941 infra
2186 3875 2249 3927 15
2277 3888 2534 3942 enxparn
2578 3874 2679 3929 OG

393 3972 690 4025 enxparnx
727 3959 780 4012 A
853 3972 1140 4027 esxparm
1185 3958 1240 4013 L
1312 3957 1580 4027 anfapaan
1617 3960 1686 4013 H
1821 3961 1887 4014 16
1922 3958 2031 4028 uel]
2072 3962 2166 4013 aut
2201 3960 2253 4014 L
2395 3960 2571 4014 asxox
2616 3962 2685 4015 H

392 4048 600 4097 autnon
628 4044 680 4098 L
791 4046 853 4100 17
893 4042 1018 4097 solis
1044 4062 1145 4100 om.
1180 4044 1226 4099 G
1329 4044 1601 4099 tribuetur
1636 4046 1687 4101 G
1792 4043 1878 4099 uel
1916 4049 2094 4100 mente
2133 4046 2217 4100 uel
2256 4063 2411 4100 carne
2437 4048 2522 4101 Ac
2592 4046 2678 4100 uel

392 4136 565 4183 mente
593 4148 692 4186 om.
723 4131 773 4185 G
855 4134 920 4187 18
945 4134 1008 4184 ut
1032 4132 1199 4187 om.L
1289 4131 1534 4186 iohannis
1559 4132 1813 4188 ΘΑΕ-Ἠ
1815 4136 1826 4170 ¹
1920 4135 1985 4189 19
2011 4149 2071 4187 ac
2098 4133 2274 4187 daniel
2295 4135 2364 4188 H
2434 4150 2548 4237 3¹¹⁰
2568 4134 2685 4189 HT

391 4244 458 4297 20
481 4242 558 4297 hii
587 4244 654 4298 H
753 4243 1080 4313 experientia
1115 4245 1187 4311 (⁶⁹
1207 4245 1336 4301 add.
1363 4264 1430 4300 m.
1455 4247 1514 4313 2)
1551 4248 1621 4301 H
1719 4248 1785 4301 22
1825 4244 1893 4299 ad
1928 4246 2296 4316 integritatem
2333 4248 2386 4302 L
2456 4246 2677 4315 integri-

393 4330 697 4384 tatementis
738 4331 788 4386 G
835 4330 922 4399 (ad
962 4348 1106 4386 nmn.
1133 4332 1192 4401 2)
1333 4334 1400 4387 23
1437 4332 1675 4387 carnales
1719 4350 1786 4389 ex
1830 4333 2057 4387 carnalis
2093 4335 2162 4388 H
2296 4336 2363 4389 24
2410 4339 2587 4387 motus
2625 4336 2677 4389 L

393 4417 624 4472 sentiant
665 4418 737 4474 G¹
853 4420 924 4474 26
961 4422 1014 4472 et
1049 4436 1153 4475 om.
1181 4420 1248 4474 H
1345 4421 1713 4491 unusquisque
1750 4416 1872 4475 ὦ
1910 4436 2019 4476 non
2056 4438 2115 4475 ex
2153 4424 2335 4476 nostra
2370 4422 2441 4477 H
