3167 4975
509 406 637 470 112
1317 405 1633 460 Iohannis
1680 405 1981 461 Cassiani

507 585 720 646 menta
749 583 1114 665 perciperet,
1161 584 1388 666 etipse
1419 601 1569 648 suae
1619 581 2081 648 munificentiae
2126 584 2423 667 pietatem
2469 587 2799 666 tamquam

506 687 696 752 debiti
741 689 1114 752 necessitate
1155 689 1500 772 conpleret:
1550 707 1623 753 eo
1656 688 2080 753 abundantius
2112 689 2466 752 mercedem
2499 688 2617 754 sibi
2649 705 2799 752 con-

505 793 777 874 quirenS,
834 810 954 874 quo
1005 792 1244 857 ambitu
1295 792 1528 858 maiore
1575 794 1905 877 peregrino
1951 793 2125 858 fratri
2172 811 2297 857 non
2343 795 2547 858 solum
2594 794 2795 857 uictus

503 897 870 977 necessaria,
933 915 1155 961 uerum
1213 897 1404 962 etiam
1448 899 1653 981 operis
1702 899 2123 962 instrumenta
2168 902 2232 962 et
2278 898 2573 980 operandi
2619 915 2797 962 occa-

503 1000 743 1065 sionem
787 1003 1022 1086 pariter
1067 1003 1454 1068 contulisset.
2872 1019 2898 1060 ⁵

587 1105 720 1170 XL.
768 1104 888 1172 Sed
935 1108 1230 1188 quoniam
1275 1108 1339 1171 in
1384 1110 1539 1188 loco,
1585 1107 1697 1172 ubi
1742 1107 1818 1170 de
1864 1107 2237 1172 ieiuniorum
2276 1111 2341 1171 et
2370 1106 2793 1171 continentiae

499 1211 702 1294 rigore
750 1210 950 1275 dicere
997 1212 1233 1294 aliquid
1295 1212 1757 1296 proposuimuS,
1822 1211 2085 1277 adfectio
2147 1215 2210 1276 et
2269 1229 2457 1294 opera
2516 1211 2793 1276 caritatis

499 1315 795 1380 uidentur
842 1316 1138 1397 admixta,
1185 1335 1438 1381 rursum
1484 1317 1562 1382 ad
1608 1317 1999 1400 propositum
2044 1320 2433 1381 reuertentes
2480 1316 2795 1398 quoddam

497 1438 834 1502 puerorum
881 1425 1107 1502 aetate,
1155 1440 1281 1486 non
1327 1440 1538 1502 sensu,
1588 1423 1823 1486 factum
1872 1421 2277 1486 memorabile
2320 1421 2619 1503 opusculo
2648 1420 2793 1484 huic

497 1524 866 1589 inseremus.
945 1544 1094 1590 nam
1140 1544 1288 1590 cum
1333 1527 1502 1590 ultra
1545 1542 1801 1590 omnem
1841 1526 2319 1591 admirationem
2349 1526 2505 1590 ficus
2537 1525 2793 1608 quidam
2848 1553 2901 1592 ιο

498 1629 574 1692 de
619 1628 940 1694 Mareotae
985 1630 1220 1714 Libyae
1264 1629 1550 1715 partibus
1598 1631 1775 1695 uelut
1816 1650 1953 1695 rem
1992 1635 2137 1696 ante
2168 1632 2233 1696 in
2265 1632 2400 1696 loeo
2432 1647 2557 1695 non
2588 1631 2793 1694 uisam

499 1731 714 1798 abbati
757 1734 1022 1800 Iohanni
1077 1754 1414 1801 oeconomo
1461 1736 1525 1800 in
1581 1735 1837 1800 heremo
1884 1731 2059 1801 Sciti'
2094 1736 2438 1816 detulisset,
2501 1735 2610 1817 qui
2668 1735 2793 1798 dis-

495 1839 932 1920 pensationem
977 1841 1172 1924 ipsius
1221 1841 1520 1905 ecclesiae
1568 1840 1956 1924 temporibus
2003 1839 2173 1904 beati
2212 1840 2491 1904 Pafnutii
2534 1839 2793 1923 presby-

499 1943 617 2006 teri
663 1943 742 2008 ab
791 1944 1009 2007 eodem
1057 1945 1175 2009 sibi
1221 1945 1528 2010 creditam
1571 1944 1986 2030 gubernabat,
2034 1945 2135 2009 hic
2181 1945 2513 2009 confestim
2560 1962 2665 2008 eas
2712 1943 2793 2008 ad

502 2066 716 2111 senem
771 2049 1104 2130 quendam,
1166 2050 1271 2130 qui
1331 2050 1396 2114 in
1458 2048 1859 2114 interioribus
1923 2049 2154 2114 deserti
2214 2049 2383 2114 mala
2445 2047 2791 2112 ualitudine
2847 2081 2901 2122 u.

499 2150 846 2233 laborabat,
909 2171 1020 2236 per
1066 2152 1220 2217 duos
1269 2153 1772 2218 adulescentulos
1820 2153 2017 2217 misit:
2080 2153 2391 2236 siquidem
2452 2153 2670 2216 decem
2730 2156 2795 2217 et

417 2269 433 2292 ⁶
502 2259 638 2321 octo
685 2255 938 2321 milibus
976 2260 1162 2341 longe
1210 2257 1288 2322 ab
1332 2259 1595 2322 eeclesia
1624 2257 2081 2323 commanebat.
2147 2258 2253 2340 qui
2284 2258 2487 2341 pomis
2518 2257 2791 2339 acceptis

498 2378 643 2424 cum
689 2360 766 2423 ad
805 2362 1106 2446 praedicti
1137 2362 1302 2426 senis
1335 2363 1667 2427 tenderent
1697 2363 1942 2443 cellam,
1990 2363 2155 2445 quod
2187 2363 2273 2427 ibi
2304 2362 2599 2446 perfacile
2630 2361 2791 2426 solet

499 2466 690 2530 etiam
734 2465 1080 2532 senioribus
1130 2467 1402 2549 euenire,
1448 2467 1661 2532 infusa
1704 2469 1960 2551 repente
1992 2466 2371 2532 densissima
2403 2467 2635 2533 nebula
2662 2469 2791 2531 tra-

498 2572 720 2635 mitem
780 2574 932 2636 recti
989 2573 1228 2637 itineris
1291 2572 1712 2656 perdiderunt.
1790 2590 2058 2653 cumque
2119 2576 2253 2637 tota
2312 2572 2410 2637 die
2473 2590 2545 2636 ac
2606 2575 2787 2637 nocte
2842 2605 2897 2645 20

497 2676 914 2741 discurrentes
961 2695 1070 2760 per
1103 2677 1314 2741 auiam
1343 2677 1582 2742 heremi
1613 2676 1976 2741 uastitatem
2010 2694 2407 2759 nequaquam
2436 2676 2791 2760 potuissent

499 2780 876 2863 aegrotantis
925 2782 1219 2846 cellulam
1265 2782 1601 2865 repperire,
1666 2785 1797 2845 tam
1862 2781 2101 2845 itineris
2162 2781 2534 2845 lassitudine
2594 2799 2789 2863 quam

494 2885 701 2950 inedia
747 2885 974 2967 sitique
1021 2886 1286 2951 confecti
1331 2886 1467 2951 fixis
1513 2884 1781 2969 genibus
1827 2885 1892 2949 in
1934 2886 2228 2949 orationis
2261 2884 2462 2950 officio
2495 2885 2788 2968 spiritum

496 2989 746 3053 domino
792 2989 1211 3054 reddiderunt.
1291 2992 1397 3072 qui
1441 2994 1584 3073 post
1616 2991 1773 3054 haec
1804 2990 2217 3073 uestigiorum
2249 3006 2505 3053 suorum
2537 2988 2784 3054 indiciis

493 3095 845 3160 diutissime
888 3095 1232 3177 perquisiti,
1280 3113 1442 3177 quae
1491 3094 1553 3159 in
1598 3095 1750 3159 locis
1798 3094 1922 3159 illis
1968 3094 2290 3158 harenosis
2334 3097 2659 3176 tamquam
2690 3093 2786 3157 ni·
2838 3126 2891 3164 25

493 3199 677 3265 uibus
709 3201 997 3284 inpressa
1027 3199 1377 3283 signantur,
1412 3200 1610 3264 donec
1642 3219 1716 3263 ea
1745 3200 1848 3263 uel
1879 3199 2005 3263 leui
2036 3201 2367 3263 uentorum
2400 3198 2552 3263 flatu
2576 3198 2783 3263 tenuis

492 3304 728 3369 harena
774 3305 1128 3369 discurrens
1175 3323 1391 3369 rursus
1439 3304 1701 3389 operiat,
1748 3304 1988 3369 inuenti
2034 3308 2185 3368 sunt
2224 3304 2377 3367 ficus
2410 3302 2681 3368 intactas
2714 3305 2787 3367 ut

578 3446 612 3497 2
657 3443 1026 3497 necessitatem
1073 3444 1128 3497 A
1286 3441 1524 3497 habund.
1573 3444 1655 3498 11¹
1815 3446 1849 3498 3
1896 3458 1999 3511 quo
2049 3443 2275 3499 G²SL².·
2319 3441 2461 3511 quod
2507 3442 2783 3497 AG·¹HL¹

491 3532 524 3585 6
569 3530 884 3583 XXXVIIII
921 3530 989 3585 H
1137 3533 1168 3586 7
1215 3530 1448 3599 rigorem
1493 3532 1569 3586 L¹
1726 3530 1900 3584 dicere
1946 3549 2047 3586 om.
2088 3531 2139 3585 G
2292 3533 2323 3585 9
2369 3526 2676 3583 memoriale
2722 3530 2791 3584 H

493 3620 557 3673 10
594 3618 877 3670 inserimus
914 3619 967 3673 A
1057 3618 1354 3672 inseramus
1400 3619 1453 3673 L
1596 3616 2027 3671 ammirationem
2072 3618 2125 3671 L
2258 3619 2319 3673 11
2366 3620 2601 3688 mareote
2647 3616 2783 3686 (ma-

489 3706 634 3757 reote
658 3706 744 3771 H)
777 3703 907 3775 libie-
943 3704 1190 3773 partibus
1216 3706 1439 3773 HT(v).·
1475 3708 1713 3759 mareote
1742 3706 1849 3760 GL
1873 3704 1996 3773 (om.
2024 3703 2223 3773 Libyae
2248 3704 2511 3773 partibus)
2605 3703 2781 3773 lybiae

487 3790 730 3859 partibus
767 3792 818 3845 A
878 3808 978 3847 om.
1019 3791 1308 3861 Mareotae)
1439 3808 1544 3846 nou
1581 3792 1757 3847 uisam
1798 3792 1855 3846 in
1892 3790 2007 3846 loco
2042 3793 2097 3846 A
2230 3793 2295 3847 12
2330 3790 2451 3846 sciti
2488 3793 2600 3846 11¹.-
2640 3791 2781 3845 scitii

487 3904 712 3958 AG¹H²
780 3904 921 3958 scitii
953 3906 1026 3959 6²
1097 3904 1279 3959 scithii
1304 3906 1413 3961 LT
1501 3904 1773 3959 intulisset
1796 3906 1851 3960 A
1950 3908 2015 3960 13
2040 3904 2259 3959 eclesiae
2278 3904 2329 3959 A
2424 3904 2701 3973 pafhnutii
2726 3905 2781 3960 L

485 3988 604 4059 pbri
637 3991 689 4045 G
759 3990 1039 4059 presbiteri
1065 3993 1118 4046 L
1227 3995 1292 4048 14
1319 3992 1568 4046 cfifestim
1596 3993 1648 4047 L
1766 3995 1829 4047 15
1857 3992 2065 4045 deserto
2090 3992 2167 4046 L¹
2277 3994 2340 4047 16
2366 3990 2781 4045 aduliscentulos

485 4077 706 4132 AG¹H¹
813 4077 1235 4133 adolescentulos
1263 4080 1395 4133 G²L
1503 4078 1677 4133 decim
1714 4080 1790 4134 L¹
1896 4078 1945 4133 X
1982 4082 2037 4131 et
2068 4078 2203 4132 VIII
2245 4079 2296 4133 G
2405 4080 2468 4133 17
2506 4078 2693 4132 eclesia
2722 4082 2778 4135 A

487 4166 552 4219 19
579 4164 876 4219 senioribus
902 4165 1098 4219 desert-i
1123 4164 1374 4219 uastitate
1400 4166 1613 4219 euenire
1633 4167 1703 4220 Η
1766 4164 1972 4219 infussa
1997 4168 2081 4220 Η1
2152 4167 2221 4221 20
2244 4164 2329 4234 ac]
2354 4168 2407 4217 et
2426 4166 2514 4220 Av
2580 4168 2649 4221 22
2676 4166 2779 4219 cel-

483 4248 646 4304 lolam
682 4252 754 4306 L¹
865 4253 1092 4322 reperire
1134 4252 1262 4308 G²L
1368 4255 1437 4308 24
1481 4268 1700 4305 suorum
1746 4270 1847 4307 om.
1901 4252 2005 4307 GL
2049 4255 2175 4322 fort.
2214 4258 2353 4308 reete
2457 4251 2647 4305 indicis
2692 4254 2777 4308 ΙΙι

483 4366 550 4417 26
589 4331 832 4433 ἰηρντιέειι
871 4366 937 4419 ΙΙ
1035 4368 1102 4420 27
1141 4381 1300 4419 arena
1336 4366 1389 4420 A
