3167 4975
527 439 654 502 246
1337 438 1654 492 Iohannis
1701 436 1999 492 Cassiani

1218 733 1513 818 LIBER
1566 732 2120 816 SECUNDUS.

612 931 661 993 Ι.
731 929 1038 1010 Quoniam
1107 899 1320 994 libello
1378 929 1581 1012 primo
1658 929 1968 1011 quaedam
2041 927 2515 1012 praemisimu3‚
2590 925 2817 1009 quibus

525 1052 762 1099 nouum
822 1034 1209 1099 haereticum
1270 1053 1343 1098 ex
1404 1033 1699 1115 antiquae
1760 1034 2089 1098 haereseos
2150 1031 2452 1116 stirpibus
2509 1032 2817 1115 pullulare

525 1139 1034 1223 adprobaremuS,
1081 1139 1370 1204 sufficere
1415 1138 1670 1222 quidem
1716 1138 1770 1201 ei
1810 1138 1887 1202 ad
1918 1137 2347 1221 excipiendam
2390 1137 2596 1201 iustae
2641 1136 2817 1200 dam-

523 1245 794 1311 nationis
827 1243 1208 1309 sententiam
1239 1243 1426 1308 debet
1455 1243 1738 1326 priorum
1766 1243 2223 1307 haereticorum
2261 1241 2431 1306 iusta
2474 1240 2814 1321 damnatio,
2904 1267 2933 1305 5

524 1351 690 1432 quia,
723 1368 867 1414 cum
900 1349 1154 1414 easdem
1182 1348 1424 1413 radices
1455 1347 1691 1412 habeat
1722 1351 1907 1429 atque
1939 1347 2139 1411 isdem
2164 1345 2487 1411 scrobibus
2512 1347 2813 1428 emergat,

525 1457 678 1519 satis
725 1455 852 1519 iam
901 1455 966 1519 in
1012 1452 1370 1518 auctoribus
1417 1453 1548 1516 suis
1596 1453 1730 1535 ipse
1775 1452 2110 1517 damnatus
2158 1455 2275 1531 est,
2336 1451 2608 1515 maxime
2670 1468 2815 1514 cum

524 1560 589 1623 id
634 1560 864 1642 ipsum,
920 1558 1083 1641 quod
1129 1559 1236 1623 isti
1281 1562 1591 1638 asserunt,
1648 1558 1841 1622 etiam
1887 1557 1975 1638 hi,
2031 1557 2139 1639 qui
2182 1556 2461 1640 proxime
2508 1559 2655 1619 ante
2700 1555 2813 1619 hos

527 1665 690 1728 male
738 1665 935 1729 secuti
982 1666 1152 1743 sunt,
1197 1663 1358 1727 bene
1389 1663 1965 1742 condemnauerint,
2014 1665 2085 1725 ut
2116 1660 2404 1725 sufficere
2434 1661 2533 1724 his
2570 1659 2815 1724 abunde

524 1770 652 1833 iam
712 1771 778 1832 in
839 1769 1212 1833 alterutrum
1274 1785 1531 1832 suorum
1593 1767 1877 1850 exempla
1920 1765 2211 1846 debeant,
2272 1765 2373 1829 uel
2417 1765 2641 1830 horum
2698 1765 2815 1829 sci-
2876 1793 2932 1832 ιο

526 1874 674 1938 licet
727 1874 834 1956 qui
895 1873 1209 1938 emendati
1269 1873 1372 1937 uel
1419 1891 1635 1937 eorum
1679 1871 1789 1954 qui
1834 1870 2235 1936 condemnati
2294 1872 2459 1934 sunt.
2538 1869 2594 1933 si
2648 1869 2817 1933 enim

525 1977 750 2062 corrigi
794 1982 1053 2060 queunt,
1099 1977 1340 2042 habent
1382 1977 1451 2041 in
1497 1995 1755 2042 suorum
1800 1975 2289 2040 correctionibus
2343 1973 2701 2053 medellam,
2765 1973 2817 2037 si

525 2084 750 2168 corrigi
816 2086 1155 2165 nequeunt,
1217 2081 1454 2147 habent
1511 2081 1578 2146 in
1640 2099 1898 2146 suorum
1952 2080 2353 2145 damnatione
2413 2077 2814 2143 sententiam.

525 2191 741 2252 tamen
800 2208 880 2253 ne
925 2187 1302 2271 praeiudicio
1365 2186 1568 2272 magis
1630 2186 1967 2250 aduersum
2028 2202 2133 2248 eos
2188 2201 2379 2266 quam
2437 2182 2669 2247 iudicio
2726 2183 2819 2246 uti

525 2293 688 2357 uelle
735 2293 1186 2373 existimemur,
1249 2292 1454 2375 ipsam
1519 2308 1735 2354 eorum
1795 2291 1863 2354 in
1916 2289 2199 2353 medium
2252 2287 2621 2372 pestiferam
2675 2305 2815 2371 pro·
2878 2315 2932 2354 1⁵

523 2397 897 2480 positionem
959 2397 1059 2461 uel
1121 2396 1326 2480 potius
1384 2395 1936 2479 blasphemantem
1998 2393 2345 2458 amentiam
2405 2392 2817 2475 proferamus,

525 2506 908 2566 sumentes
978 2502 1050 2566 in
1119 2501 1464 2567 omnibus
1535 2504 1829 2565 scutum
1888 2499 2073 2563 fidei
2143 2502 2214 2563 et
2272 2496 2608 2581 gladium
2676 2496 2817 2581 spi-

524 2608 738 2687 rituS,
801 2607 992 2689 quod
1039 2610 1154 2671 est
1211 2605 1524 2670 uerbum
1588 2605 1734 2685 dei,
1801 2604 2039 2679 scilicet
2084 2607 2157 2667 ut
2200 2621 2537 2685 resurgens
2584 2602 2819 2665 uetusti

525 2712 810 2775 draconis
873 2715 1060 2793 caput
1120 2711 1288 2775 idem
1349 2710 1546 2773 diuini
1608 2708 1911 2773 sermonis
1972 2708 2219 2792 gladius
2282 2706 2472 2771 etiam
2535 2724 2703 2771 nunc
2753 2706 2817 2770 in

524 2815 702 2879 nouis
749 2815 1058 2899 anguibus
1107 2818 1296 2894 secet,
1352 2814 1456 2896 qui
1501 2813 1675 2896 prius
1722 2813 1787 2876 in
1834 2812 2107 2894 antiquis
2154 2809 2552 2894 serpentibus
2600 2828 2819 2893 ampu-
2880 2838 2941 2877 ιο

531 2921 704 2983 tauit.
785 2937 932 2983 nam
994 2938 1138 2983 cum
1200 2918 1367 2982 idem
1410 2918 1639 2984 horum
1701 2936 1868 2981 error
1930 2918 2013 2981 sit
2056 2916 2165 2998 qui
2208 2916 2459 2981 illorum
2506 2915 2649 2996 fuit,
2707 2932 2819 2998 pro

525 3023 878 3088 desectione
909 3024 1175 3088 istorum
1205 3023 1422 3087 haberi
1467 3020 1656 3086 debet
1700 3022 1973 3086 desectio
2020 3021 2292 3100 illorum,
2342 3024 2405 3084 et
2448 3020 2597 3102 quia
2639 3036 2821 3083 rena—

525 3131 770 3193 scentes
803 3128 1042 3192 colubri
1079 3128 1411 3211 pestiferos
1441 3128 1505 3190 in
1539 3126 1805 3190 ecclesia
1835 3126 2072 3190 domini
2103 3124 2291 3189 flatus
2324 3127 2523 3208 agunt
2554 3127 2617 3189 et
2646 3122 2821 3187 tabe-

525 3250 698 3297 scere
744 3233 1048 3314 quosdam
1097 3232 1294 3297 sibilis
1341 3230 1471 3295 suis
1516 3231 1779 3311 faciunt,
1827 3230 2145 3313 iungenda
2190 3233 2289 3294 est
2332 3230 2586 3313 propter
2623 3245 2819 3292 nouas

523 3335 922 3401 infirmitates
971 3336 1244 3419 antiquis
1292 3334 1723 3401 curationibus
1768 3353 1985 3400 recens
2039 3334 2329 3414 medella,
2392 3336 2465 3397 ut
2524 3333 2716 3398 etiam
2763 3332 2816 3396 si
2882 3361 2945 3399 25

521 3441 698 3522 illud,
746 3440 910 3523 quod
940 3442 1112 3525 prius
1147 3444 1360 3505 actum
1393 3444 1508 3520 est,
1557 3459 1683 3505 non
1716 3440 1887 3504 ualet
1918 3439 1995 3503 ad
2040 3439 2361 3523 languoris
2410 3439 2816 3518 curationem,

522 3547 642 3610 hoc
669 3548 903 3626 tamen,
937 3546 1100 3628 quod
1133 3563 1301 3610 nunc
1333 3546 1602 3628 agimuS,
1634 3545 1845 3609 ualeat
1878 3543 1957 3608 ad
1986 3543 2427 3628 languentium
2458 3542 2812 3609 sanitatem.

735 3729 823 3798 17]
861 3727 996 3797 Eph.
1024 3730 1072 3792 6,
1101 3730 1321 3783 16—17.

609 3880 643 3933 3
666 3877 962 3931 hereticum
988 3883 1038 3932 et
1060 3876 1303 3929 hereseos
1329 3876 1466 3930 ΝΜ
1481 3876 1540 3945 (p
1561 3876 1799 3945 passim)
1893 3874 2128 3943 antiquis
2153 3892 2186 3930 v
2245 3874 2466 3943 antiqua
2488 3880 2539 3930 et
2563 3874 2728 3943 stirpe
2752 3874 2829 3929 M

522 3970 556 4021 4
591 3965 987 4035 dampnationis
1021 3966 1188 4034 NMp
1295 3967 1328 4019 6
1362 3963 1563 4017 eisdem
1589 3965 1665 4018 M
1736 3962 1928 4017 iisdem
1960 3982 1997 4017 a
2104 3966 2137 4019 8
2172 3962 2250 4016 hii
2285 3964 2390 4032 Mp
2503 3966 2537 4017 9
2570 3960 2818 4015 condem-

522 4053 743 4123 pnarint
779 4054 882 4121 M(
882 4054 930 4120 v)
1044 4050 1295 4106 habunde
1327 4070 1368 4121 p
1481 4054 1542 4107 12
1581 4049 1875 4105 medullam
1912 4052 1977 4105 N
2044 4049 2309 4103 medelam
2352 4051 2493 4119 Mpv
2600 4051 2663 4104 13
2709 4064 2818 4101 non

524 4142 728 4209 queunt
773 4142 872 4195 Μυ
1013 4138 1416 4208 dampnationes
1461 4138 1528 4193 N
1529 4139 1546 4173 ¹
1686 4141 1750 4193 15
1797 4137 2115 4191 extimemur
2158 4138 2233 4191 M
2357 4140 2419 4191 19
2466 4133 2735 4205 caicapud
2774 4152 2820 4203 p

523 4231 592 4283 20
618 4232 788 4282 seccet
807 4246 850 4299 p
959 4226 1168 4281 desecet
1191 4228 1316 4281 Mu:
1340 4228 1409 4295 cf.
1439 4228 1486 4293 Ι,
1511 4230 1562 4293 1,
1585 4230 1625 4279 2
1658 4224 1815 4279 sectis
1845 4224 2111 4293 capitibus
2146 4226 2497 4277 renascuntur
2600 4225 2668 4278 22
2701 4220 2819 4275 ina-

524 4332 646 4370 rum
673 4318 742 4386 1²¹
871 4318 938 4371 25
976 4314 1214 4369 medulla
1249 4315 1314 4369 N
1387 4312 1598 4367 medela
1634 4314 1772 4383 Mpv
1900 4314 1969 4367 26
2008 4312 2099 4382 ad]
2138 4328 2169 4365 a
2206 4313 2271 4367 N
2393 4309 2630 4380 langoris
2667 4308 2817 4363 dam-

524 4402 831 4472 pnationem
877 4404 950 4457 M
953 4402 1030 4471 (v)
1135 4403 1201 4457 27
1239 4400 1418 4455 ualeat
1451 4418 1517 4457 ea:
1553 4400 1731 4455 ueleat
1766 4401 1831 4455 N
