3167 4975
523 438 652 504 214
1337 438 1657 492 Iohannis
1696 435 1995 491 Cassiani

609 615 753 680 XII.
802 614 1021 680 Omnis
1069 615 1237 679 enim
1267 615 1661 698 longaeuitas
1709 617 1877 680 uitae
1908 615 2277 697 praesentis,
2325 633 2469 678 cum
2516 615 2595 678 ad
2638 615 2815 680 illam

523 723 770 786 futurae
830 721 1064 803 gloriae
1125 722 1589 803 perennitatem
1634 722 2001 801 respexeriS,
2064 720 2401 799 euanescit,
2464 723 2528 784 et
2572 719 2816 784 dolores

523 828 731 890 cuncti
791 826 1315 906 contemplatione
1373 825 1542 888 illius
1603 825 1927 888 inmensae
1994 823 2396 888 beatitudinis
2459 823 2818 908 effugantur

524 935 710 1013 atque
765 933 834 993 ut
877 929 1088 994 fumus
1137 929 1214 994 ad
1261 929 1413 993 nihil
1462 929 1777 992 extenuati
1837 929 2191 1010 liquescunt
2250 933 2314 992 et
2374 945 2685 1010 nusquam
2744 932 2819 992 ut

523 1035 740 1100 fauilla
785 1037 1144 1116 conparent.
2899 1059 2929 1098 5

608 1139 786 1204 XIII.
837 1137 1225 1222 Quapropter
1281 1141 1410 1202 iam
1457 1144 1706 1221 tempus
1770 1143 1868 1202 est
1926 1141 1999 1202 ut
2057 1137 2209 1220 ipsis
2272 1137 2497 1219 quibus
2559 1138 2819 1202 tradunt

521 1243 730 1308 uerbis
775 1247 1024 1326 patrum
1073 1245 1450 1308 sententiam
1488 1245 1899 1326 proferri-mm,
1948 1260 2165 1307 eorum
2212 1243 2449 1306 scilicet
2492 1244 2599 1324 qui
2644 1246 2817 1306 uiam

520 1348 916 1430 perfectionis
963 1351 1028 1411 et
1086 1349 1454 1430 qualitatem
1500 1349 1630 1412 eius
1690 1366 1817 1412 non
1862 1346 2197 1412 uerborum
2255 1347 2555 1411 iactantia
2599 1347 2816 1428 depin-

521 1456 762 1533 xerunt,
827 1453 938 1516 sed
980 1453 1187 1535 potius
1241 1473 1309 1518 re
1357 1458 1419 1517 et
1472 1472 1657 1535 opere
1705 1471 1777 1516 ac
1838 1453 2065 1516 uirtute
2114 1452 2367 1533 spiritus
2425 1452 2816 1533 possidentes

521 1558 960 1639 experimentis
1008 1575 1148 1621 eam
1201 1557 1464 1640 propriis
1513 1561 1576 1622 et
1636 1557 1935 1639 exemplis
1982 1558 2347 1620 certissimis
2406 1555 2813 1620 tradiderunt.
2879 1583 2935 1620 ιο

521 1663 698 1726 aiunt
757 1662 968 1744 itaque
1012 1679 1138 1726 non
1199 1680 1381 1744 posse
1429 1662 1508 1726 ad
1553 1681 1781 1745 purum
1828 1663 2189 1745 quempiam
2244 1660 2600 1726 carnalibus
2646 1662 2817 1726 uitiis

523 1767 878 1846 emundari,
940 1768 1058 1830 nisi
1117 1769 1482 1832 uniuersum
1543 1767 1823 1831 laborem
1887 1785 2071 1831 suum
2134 1751 2321 1848 atque
2383 1769 2677 1830 conatum
2737 1765 2817 1830 ad

521 1876 768 1937 tantum
815 1871 1210 1953 perfectionis
1258 1871 1448 1935 finem
1511 1871 1886 1936 intellexerit
1930 1889 2055 1936 non
2099 1889 2285 1954 posse
2333 1870 2639 1950 sufficere,
2702 1889 2818 1934 nec

522 1997 662 2042 eam
729 1977 850 2040 nisi
909 1976 1008 2039 dei
1067 1977 1464 2041 miseratione
1527 1980 1592 2041 et
1650 1977 1953 2040 adiutorio
2016 1975 2438 2058 conprehendi
2498 1993 2623 2038 non
2682 1978 2817 2039 tam

521 2081 824 2146 tradentis
854 2081 1242 2144 institutione
1290 2099 1478 2162 quam
1511 2080 1739 2145 affectu
1787 2085 1973 2162 atque
2006 2081 2237 2146 uirtute
2270 2085 2333 2143 et
2373 2080 2816 2162 experimentis
2880 2105 2935 2144 ιε,

519 2186 784 2268 propriis
831 2185 1108 2249 eruditus
1157 2189 1474 2269 agnoscat.
1524 2187 1605 2250 ad
1650 2185 2035 2268 capessenda
2080 2203 2351 2266 namque
2399 2188 2531 2248 tam
2572 2185 2817 2268 magni-

520 2291 638 2354 fica
683 2294 936 2372 tamque
982 2291 1304 2372 praecelsa
1347 2291 1635 2372 puritatis
1670 2295 1733 2354 et
1774 2291 2155 2374 integritatis
2202 2289 2481 2372 praemia
2512 2293 2816 2370 quantus-

517 2395 674 2459 libet
717 2395 1108 2474 ieiuniorum,
1155 2396 1530 2478 uigiliarum,
1575 2395 1879 2475 lectionis,
1938 2394 2287 2459 solitudinis
2334 2413 2407 2458 ac
2452 2394 2817 2459 remotionis

519 2500 696 2565 labor
741 2500 931 2566 fuerit
975 2501 1297 2584 inpensuS‚
1343 2502 1690 2584 condignus
1738 2520 1873 2565 esse
1920 2519 2045 2566 non
2088 2502 2320 2583 poterit
2364 2500 2469 2581 qui
2518 2499 2675 2563 haec
2716 2499 2817 2563 in-

521 2606 794 2669 dustriae
841 2624 990 2670 suae
1035 2606 1260 2669 merito
1307 2607 1408 2670 uel
1455 2606 1697 2670 sudoris
1743 2605 2041 2671 obtineat.
2113 2624 2459 2687 numquam
2508 2604 2675 2668 enim
2722 2603 2819 2666 di·
2880 2628 2940 2667 20

519 2712 738 2774 uinum
785 2728 1013 2774 munus
1059 2709 1236 2775 labor
1281 2711 1563 2793 proprius
1610 2710 1970 2775 humanaue
2018 2708 2429 2792 conpensabit
2486 2708 2817 2787 industria,

521 2816 638 2879 nisi
686 2814 1060 2879 desideranti
1107 2814 1318 2879 diuina
1363 2816 1552 2880 fuerit
1594 2814 1998 2880 miseratione
2044 2832 2430 2879 concessum.

607 2918 816 2983 XIIII.
863 2919 997 2983 Nec
1049 2918 1168 2983 hoc
1228 2919 1364 2983 dico
1409 2924 1480 2983 ut
1537 2920 1847 2984 humanos
1894 2924 2153 2983 conatus
2216 2937 2530 2983 euacuans
2578 2917 2657 2981 ab
2716 2918 2817 2982 in-

521 3023 758 3087 dustria
818 3026 880 3087 et
922 3022 1152 3087 laboris
1214 3023 1560 3087 intentione
1623 3042 2003 3106 quemquam
2059 3041 2355 3087 reuocare
2416 3022 2815 3101 contendam,

521 3127 628 3191 sed
691 3128 878 3209 plane
945 3127 1450 3193 constantissime
1513 3146 1637 3192 non
1699 3147 1862 3208 mea,
1933 3128 2043 3193 sed
2112 3128 2427 3192 seniorum
2498 3127 2817 3192 sententia
2876 3151 2935 3189 25

521 3232 745 3295 definio
804 3231 1250 3313 perfectionem
1299 3232 1552 3313 quidem
1601 3234 1734 3297 sine
1794 3232 1891 3296 his
1939 3233 2191 3297 omnino
2237 3235 2375 3314 capi
2436 3251 2559 3297 non
2606 3248 2814 3315 posse,

520 3337 618 3401 his
651 3340 862 3401 autem
910 3337 1056 3401 solis
1090 3336 1222 3400 sine
1263 3337 1468 3420 gratia
1500 3337 1600 3401 dei
1629 3356 1813 3420 posse
1846 3357 1983 3401 eam
2019 3356 2057 3401 a
2087 3340 2337 3401 nemine
2368 3338 2812 3401 consummari.

520 3446 592 3505 ut
654 3441 822 3505 enim
885 3440 1149 3505 dicimus
1197 3445 1456 3505 conatus
1517 3442 1827 3507 humanos
1874 3442 2340 3525 adprehendere
2395 3460 2533 3505 eam
2589 3460 2699 3524 per
2746 3460 2813 3504 se

521 3546 688 3629 ipsos
735 3564 858 3609 non
905 3564 1088 3628 posse
1136 3545 1270 3609 sine
1337 3546 1643 3611 adiutorio
1690 3546 1807 3627 dei,
1853 3547 1942 3611 ita
1986 3547 2465 3630 pronuntiamus
2524 3546 2815 3610 laboran-

520 3649 689 3713 tibus
754 3653 1004 3715 tantum
1065 3668 1137 3714 ac
1198 3650 1647 3715 desudantibus
1710 3652 2197 3717 misericordiam
2261 3652 2359 3715 dei
2419 3653 2813 3736 gratiamque
2876 3682 2937 3721 ao

605 3878 638 3929 2
675 3872 876 3942 gloriae
913 3892 1014 3929 om.
1053 3876 1108 3929 L
1231 3876 1266 3929 4
1303 3873 1474 3943 adque
1509 3877 1580 3930 H
1702 3874 1837 3929 nihil
1878 3876 2060 3931 GLT:
2096 3874 2325 3929 nihilum
2364 3876 2461 3931 Hv
2590 3880 2623 3931 6
2658 3880 2721 3929 ut
2758 3877 2815 3931 in

519 3962 647 4030 ipsis
673 3962 742 4017 H
805 3969 870 4015 ut
903 3961 1004 4031 ipsi
1030 3964 1085 4017 L
1191 3966 1224 4018 8
1249 3962 1502 4015 iactantie
1531 3964 1605 4018 6¹
1713 3961 2097 4031 depincxerunt
2122 3963 2190 4018 H
2291 3966 2324 4018 9
2360 3980 2417 4016 re
2454 3963 2530 4033 ct]
2560 3972 2704 4017 recto
2732 3966 2817 4020 Gc

516 4048 858 4118 possedentes
905 4048 974 4103 H
1095 4050 1158 4103 12
1196 4048 1466 4102 emendari
1505 4050 1636 4105 HS1
1764 4050 1935 4117 adque
1972 4051 2043 4104 H
2156 4052 2219 4105 13
2256 4054 2438 4105 tantae
2474 4068 2507 4107 v
2658 4054 2721 4107 14
2762 4062 2821 4106 et.

519 4154 620 4191 om.
653 4136 726 4191 G¹
835 4152 943 4189 non
967 4154 1068 4192 om.
1097 4136 1164 4190 H
1255 4140 1320 4191 15
1358 4136 1749 4191 institutionem
1776 4139 1851 4191 L¹
1948 4137 2120 4205 adque
2146 4139 2215 4193 H
2304 4138 2561 4192 uirtutem
2586 4139 2661 4193 L¹
2762 4147 2819 4193 et.

520 4242 619 4279 om.
661 4224 728 4278 H
843 4226 906 4279 16
943 4222 1254 4292 capissenda
1297 4224 1366 4279 H
1447 4223 1824 4292 capessendam
1870 4226 1948 4279 L¹
2064 4242 2293 4294 namque
2338 4244 2439 4283 om.
2487 4227 2541 4281 L
2651 4229 2717 4282 18
2763 4235 2820 4281 et

521 4309 828 4365 solitudinis
869 4312 953 4366 Gv
1058 4314 1126 4366 20
1171 4310 1428 4364 obtenuat
1473 4312 1540 4365 H
1640 4314 1703 4367 21
1756 4313 2104 4380 conpensauit
2150 4313 2281 4368 GL¹
2387 4316 2455 4367 26
2503 4312 2688 4367 difinio
2740 4316 2817 4371 G¹

520 4397 625 4453 hiis
664 4400 746 4453 bis
781 4398 851 4453 Η
951 4400 1018 4454 27
1057 4414 1089 4451 a
1127 4396 1360 4467 nemine]
1399 4398 1616 4451 inanem
1652 4400 1707 4453 L
1812 4402 1881 4455 28
1917 4399 2185 4454 humanus
2222 4401 2299 4456 L¹
2406 4402 2575 4453 semet
2610 4401 2681 4455 H
