3167 4975
516 454 866 511 XXXVIII

517 620 774 684 abbatis
827 621 1149 707 pafnutii
1211 621 1286 685 de
1347 620 1562 683 tribus
1626 619 2318 683 abrenuntiationibus
2387 622 2452 685 II
2524 617 2806 684 Collatio

516 725 774 789 abbatis
809 724 1138 788 danihelis
1173 724 1250 788 de
1281 725 1805 810 concupiscentia
1836 726 2059 787 carnis
2092 746 2168 787 ac
2199 724 2485 809 spiritus
2532 726 2629 789 III
2671 722 2808 787 Col-

521 830 683 893 latio
731 828 988 893 abbatis
1034 830 1406 913 serapion-is
1455 828 1531 893 de
1577 839 1713 892 octo
1751 828 2199 915 principali&
2250 829 2445 892 uiti-is
2494 830 2625 894 IIII
2666 825 2807 892 Col-

523 934 685 997 latio
755 933 1013 997 abbatis
1081 934 1296 997 sereni
1365 933 1442 997 de
1509 934 1769 997 animae
1836 932 2199 996 mobilitate
2259 944 2317 995 et
2376 932 2807 1019 spiritalibus

518 1037 834 1124 ‘nequitiis
880 1040 938 1103 V
977 1038 1138 1101 Item
1181 1037 1468 1101 eiusdem
1515 1038 1593 1102 de
1623 1036 2129 1124 principalibus
2174 1039 2486 1122 nequitiis
2532 1039 2621 1103 VI
2672 1036 2811 1102 Col-

523 1141 686 1206 latio
733 1140 992 1205 abbatis
1024 1143 1207 1205 isaac
1253 1142 1330 1205 de
1375 1143 1673 1205 oratione
1718 1144 1842 1208 VII
1876 1142 2034 1205 Item
2065 1142 2349 1206 eiusdem
2396 1142 2471 1205 de
2512 1143 2809 1206 oratione

516 1247 590 1310 in
635 1245 772 1309 alio
819 1258 889 1309 co
921 1298 934 1311 .
971 1298 984 1311 .
1023 1298 1036 1311 .
1075 1298 1088 1311 .
1125 1246 1226 1331 (in
1272 1246 1408 1310 alio
1455 1260 1523 1310 co
1567 1266 1767 1331 paene
1814 1248 2037 1332 erasa).

609 1350 668 1416 6.
704 1350 1228 1437 Sangallensis
1253 1350 1383 1415 574
1407 1371 1566 1416 saec.
1596 1353 1953 1433 VIHI-X,
1980 1353 2181 1417 forma
2208 1354 2501 1431 maxima,
2525 1353 2629 1416 fol.
2662 1350 2809 1432 128,

515 1456 682 1521 binis
729 1457 1038 1521 columnis
1087 1462 1374 1521 exaratus
1423 1461 1536 1521 est.
1610 1458 1839 1521 desunt
1885 1458 1948 1521 in
1997 1476 2067 1521 eo
2115 1456 2503 1521 Conlationis
2550 1457 2808 1538 quintae

515 1565 706 1646 caput
753 1559 834 1623 19
878 1563 1008 1625 fere
1057 1564 1261 1626 totum
1309 1560 1534 1644 (usque
1582 1563 1657 1625 ad
1707 1565 1763 1641 ἓ.
1798 1561 1842 1623 4
1887 1583 2081 1623 usum
2126 1564 2312 1645 uero)
2374 1566 2437 1625 et
2490 1563 2661 1626 tituli
2706 1580 2810 1625 ca-

514 1668 716 1749 pitum
763 1667 1226 1730 XHII—XXV
1272 1665 1660 1731 Conlationis
1706 1670 1985 1731 octauae.

605 1769 765 1835 Cum
797 1770 918 1831 PX
935 1771 1001 1834 in
1025 1771 1340 1854 plerisque
1366 1772 1831 1835 consentientes
1858 1790 1998 1835 eam
2020 1772 2450 1836 recensionem
2475 1770 2811 1836 exhibeant

519 1894 549 1937 e
597 1893 723 1957 qua
768 1874 1073 1938 editiones
1106 1876 1402 1958 uulgatae
1433 1874 1765 1955 fluxerunt,
1812 1877 2068 1959 insuper
2100 1877 2292 1940 etiam
2338 1876 2529 1940 uariis
2564 1876 2809 1939 mendis

517 1983 820 2059 scateant,
883 1979 973 2043 eis
1020 1998 1146 2044 non
1209 1984 1282 2043 ut
1327 1980 1598 2044 testibus
1644 1981 1928 2064 integris,
1993 1981 2101 2044 sed
2148 1980 2412 2044 subsidii
2466 1981 2600 2045 loco
2656 1999 2810 2044 usus

517 2103 679 2163 sum,
744 2084 983 2148 scilicet
1043 2084 1272 2166 quibus
1336 2084 1784 2148 auxiliantibus
1844 2085 1965 2149 loci
2026 2085 2314 2148 nonnulli
2361 2086 2426 2149 in
2488 2084 2807 2149 codicibus

518 2188 882 2252 melioribus
930 2189 1140 2251 minus
1187 2188 1346 2252 bene
1407 2190 1624 2252 traditi
1669 2190 1915 2271 possint
1976 2190 2351 2253 auctoritate
2397 2190 2669 2271 quadam
2730 2191 2809 2253 ad

517 2294 836 2376 integrum
869 2296 1106 2357 statum
1153 2294 1369 2376 redigi.
1429 2297 1707 2356 ceterum
1755 2294 1820 2357 in
1866 2292 1933 2353 X
1958 2297 2202 2377 praeter
2250 2312 2321 2357 ea
2352 2294 2600 2373 menda,
2648 2312 2808 2375 quae

516 2396 919 2460 librariorum
967 2397 1247 2461 socordia
1291 2398 1393 2460 uel
1440 2398 1632 2461 etiam
1680 2398 1940 2461 audacia
1982 2398 2267 2481 generari
2330 2399 2553 2477 solent,
2616 2398 2810 2461 inter-

515 2502 863 2584 polationes
912 2503 1326 2566 audacissime
1372 2503 1576 2566 factae
1618 2507 1971 2583 occurrunt,
2020 2503 2249 2584 quibus
2296 2503 2491 2566 uerba
2522 2502 2809 2567 Cassiani

515 2607 768 2690 penitus
817 2610 1068 2670 extrusa
1114 2611 1278 2670 sunt.
1347 2625 1536 2690 quam
1583 2607 1763 2672 foede
1810 2611 2022 2671 autem
2070 2626 2294 2672 manus
2342 2607 2808 2691 interpolatoris

514 2713 804 2793 grassata
864 2711 966 2790 sit,
1028 2711 1081 2774 is
1143 2711 1510 2793 plenissime
1569 2713 1801 2795 poterit
1847 2731 2239 2796 cognoscere,
2302 2713 2409 2794 qui
2470 2713 2809 2776 editionem

517 2815 946 2878 Basileensem
993 2813 1074 2897 (a.
1114 2813 1300 2879 1485.
1341 2815 1534 2899 1495)
1582 2835 1727 2880 cum
1774 2821 1990 2881 nostra
2036 2818 2387 2881 contulerit.
2447 2835 2597 2881 nam
2629 2817 2809 2880 Basi-

513 2918 831 2982 leensibus
865 2923 975 2982 aut
1020 2919 1152 3003 ipse
1201 2921 1390 2984 codex
1423 2918 1488 2980 X
1515 2924 1625 2983 aut
1670 2922 1855 3002 plane
1904 2921 2128 2984 similis
2172 2925 2423 3004 praesto
2470 2921 2610 3000 fuit,
2655 2939 2803 2984 >cum

517 3021 890 3086 Cassianum
916 3024 1079 3107 typis
1113 3024 1584 3106 exprimendum
1614 3029 1919 3089 curarent.
1971 3027 2077 3089 sed
2110 3029 2180 3089 ut
2211 3027 2403 3088 etiam
2428 3026 2540 3104 illi,
2574 3023 2802 3107 quibus

518 3127 695 3209 copia
739 3127 1030 3191 editionis
1077 3127 1246 3190 illius
1294 3146 1418 3192 non
1469 3129 1675 3209 fuerit,
1738 3130 1813 3192 de
1860 3129 2091 3194 talibus
2138 3131 2291 3194 locis
2336 3131 2582 3212 possint
2642 3130 2804 3192 iudi-

516 3249 677 3310 care,
726 3250 798 3293 ex
843 3231 1190 3295 innumeris
1239 3231 1826 3315 interpolationibus
1860 3235 2013 3298 duas
2059 3235 2163 3298 hic
2196 3235 2611 3298 adscribimus
2658 3252 2801 3296 cum

515 3335 670 3417 ipsis
718 3335 1037 3419 scriptoris
1083 3335 1296 3400 uerbis
1343 3343 1733 3421 conparatas

837 3524 1078 3580 Cassiani
1114 3525 1279 3580 uerba

605 3647 777 3712 Conl.
842 3649 926 3729 II,
983 3649 1052 3712 3:
1116 3647 1412 3734 Denique
1469 3649 1606 3728 ille,

516 3751 632 3836 qui
689 3752 956 3836 primus
1021 3752 1274 3816 iudicio
1343 3753 1450 3818 dei
1514 3777 1607 3816 ‘re-

513 3877 710 3940 9num
759 3855 1006 3942 populi
1071 3856 1386 3921 Isi-abelis
1455 3881 1605 3922 eme-

517 3959 681 4038 ruit,
745 3961 904 4046 quia
963 3961 1135 4023 hunc
1191 3959 1605 4026 discretionis

448 4101 452 4106 ›
517 4063 778 4126 oculum
796 4086 1202 4151 nequaquam
1223 4064 1478 4143 habuit,
1503 4088 1607 4130 ue-

520 4165 621 4230 lut
698 4178 825 4231 toto
895 4190 1164 4253 corpore
1237 4169 1605 4234 tenebrosus

518 4271 714 4334 etiam
752 4272 893 4357 ipso
935 4273 1216 4337 deiectus
1259 4285 1349 4338 est
1391 4297 1604 4362 re9n0,

519 4373 675 4438 dum
721 4373 1026 4440 lucernae
1071 4378 1272 4442 huius
1329 4377 1607 4442 tenebris

2234 3530 2283 3583 X

1802 3651 2094 3738 Denique
2156 3651 2291 3730 ille,
2367 3653 2483 3739 qui
2536 3653 2801 3739 primus

1714 3756 1804 3818 ad
1834 3756 2238 3842 regnandum
2258 3758 2513 3842 populo
2548 3757 2679 3821 isrl
2704 3758 2803 3820 iu-

1714 3859 1885 3922 dicio
1934 3860 2041 3923 dei
2080 3860 2439 3945 preelectus
2485 3873 2596 3939 est,
2643 3863 2804 3948 quia

1714 3965 1884 4026 hunc
1929 3964 2341 4028 discretionis
2389 3964 2650 4029 oculum
2703 3987 2803 4029 ne-

1714 4090 2039 4153 quaquam
2103 4069 2361 4147 habuit,
2422 4069 2607 4134 uelut
2676 4081 2802 4134 toto

1713 4193 1978 4258 corpore
2078 4172 2445 4237 tenebrosus
2546 4173 2803 4261 effectus

1713 4277 1907 4340 etiam
1954 4277 2095 4363 ipso
2144 4299 2337 4365 reqno
2385 4278 2634 4342 tradito
2672 4277 2806 4342 sibi

1714 4382 1955 4444 meruit
1977 4381 2284 4466 spoliari,
2320 4382 2475 4446 dum
2502 4381 2806 4446 lucernae
