3167 4975
522 425 643 489 158
1325 427 1643 480 Iohannis
1690 425 1991 482 Cassiani

514 601 741 666 dicitur
787 602 851 666 in
907 601 1112 666 medio
1175 601 1273 666 die
1337 603 1580 668 dicente
1642 602 1977 686 propheta:
2040 603 2333 666 occidet
2394 603 2499 666 eis
2565 602 2675 666 sol
2736 601 2811 665 in

514 705 843 770 meridie.
921 707 1023 769 uel
1071 711 1238 771 certe
1286 707 1633 771 secundum
1681 707 1989 789 tropicum
2038 725 2297 770 sensum
2346 725 2545 787 menS,
2606 705 2667 769 id
2714 709 2811 769 est

512 815 635 882 νοῦς
676 811 810 875 siue
842 810 1016 890 ratio,
1049 829 1208 892 quae
1241 829 1351 894 pro
1393 829 1486 892 eo,
1531 811 1697 892 quod
1744 828 1962 874 omnes
1994 811 2197 874 cordis
2244 811 2652 893 cogitationes
2685 809 2811 872 dis-

515 915 944 998 cretionesque
978 917 1341 999 perlustret,
1389 917 1479 980 sol
1527 917 1751 980 merito
1798 920 2217 998 nuncupatur,
2284 915 2411 978 irae
2472 915 2625 978 uitio
2686 933 2809 978 non

515 1020 931 1103 extinguatur,
979 1039 1058 1085 ne
1105 1020 1324 1084 eadem
1372 1020 1689 1084 occidente
1736 1020 2281 1103 perturbationum
2328 1018 2625 1083 tenebrae
2666 1036 2809 1081 cum

514 1127 766 1188 auctore
814 1142 925 1189 suo
973 1123 1217 1188 diabolo
1265 1125 1633 1188 uniuersum
1681 1124 1877 1188 nost-ri
1924 1125 2125 1188 cordis
2172 1129 2477 1206 occupent
2531 1141 2810 1202 sensum,

514 1231 578 1291 et
619 1227 897 1292 tenebris
944 1229 1072 1293 irae
1119 1229 1394 1312 possessi
1441 1230 1619 1292 uelut
1663 1229 1727 1292 in
1774 1233 1954 1293 nocte
2008 1245 2214 1308 caeca,
2274 1227 2421 1308 quid
2466 1244 2581 1291 nos
2627 1245 2813 1309 agere

513 1336 814 1416 oporteat,
859 1334 1238 1417 ignoremus.
1318 1333 1427 1397 tali
1489 1351 1680 1398 sensu
1724 1332 1894 1397 hunc
1942 1334 2205 1417 apostoli
2252 1334 2457 1397 locum
2504 1332 2811 1396 institutis

513 1437 831 1501 seniorum
877 1439 1180 1503 traditum
1227 1437 1428 1518 nobiS,
1491 1437 1639 1520 quia
1690 1457 1945 1502 necesse
1994 1438 2116 1501 fuit
2160 1437 2689 1518 quemadmodum
2737 1437 2813 1501 de

513 1543 605 1606 ira
665 1542 987 1622 sentirent,
1049 1542 1198 1606 licet
1257 1543 1534 1626 longiore
1588 1559 1875 1607 sermone
1921 1543 2325 1625 protulimus:
2389 1543 2495 1625 qui
2546 1559 2685 1606 eam
2732 1561 2811 1605 ne

513 1646 593 1710 ad
640 1651 1030 1711 momentum
1078 1647 1330 1729 quidem
1377 1666 1481 1712 cor
1525 1653 1815 1712 nostrum
1852 1653 2181 1730 penetrare
2214 1647 2611 1731 permittunt,
2656 1647 2813 1710 illud

514 1751 826 1834 euangelii
871 1751 1248 1816 omnimodis
1295 1750 1732 1816 obseruantes:
1795 1752 1919 1834 qui
1979 1752 2338 1816 irascitur
2383 1751 2605 1814 fratri
2652 1769 2813 1830 suo,

511 1875 684 1920 reus
731 1857 880 1920 erit
923 1856 1224 1920 iudicio.
1302 1861 1578 1920 ceterum
1639 1857 1690 1920 si
1752 1873 1947 1938 usque
2007 1874 2297 1920 occasum
2361 1857 2510 1920 solis
2570 1855 2811 1919 licitum

515 1961 596 2024 sit
639 1960 844 2040 irasci,
906 1964 1051 2024 ante
1110 1960 1336 2025 furoris
1386 1961 1644 2025 satietas
1693 1965 1757 2024 et
1816 1960 2073 2024 ultrices
2134 1961 2261 2024 irae
2326 1959 2813 2024 commotionem

515 2067 810 2147 poterunt
855 2064 1072 2129 noxiae
1116 2063 1605 2148 perturbationis
1654 2065 1919 2148 explere,
1965 2083 2155 2146 quam
2202 2065 2294 2129 sol
2337 2065 2455 2129 iste
2495 2064 2573 2128 ad
2604 2065 2813 2128 locum

516 2169 614 2232 sui
659 2173 878 2251 uergat
925 2185 1200 2232 occasus,

603 2273 713 2336 XI.
765 2272 925 2353 Quid
972 2291 1118 2337 uero
1165 2273 1494 2337 dicendum
1550 2273 1625 2336 de
1686 2273 1781 2336 his
1843 2273 2032 2356 (quod
2094 2273 2349 2355 quidem
2411 2273 2615 2337 dicere
2678 2273 2812 2336 sine

515 2395 660 2440 mea
718 2378 1079 2442 confusione
1141 2395 1263 2442 non
1325 2377 1642 2461 possum),
1713 2395 1975 2460 quorum
2038 2376 2515 2460 inplacabilitati
2577 2396 2655 2442 ne
2713 2377 2813 2440 hic

519 2481 772 2565 quidem
819 2481 912 2548 sol
957 2482 1244 2547 occidens
1293 2482 1633 2547 terminum
1680 2483 1875 2566 ponit,
1938 2483 2049 2546 sed
2107 2502 2219 2566 per
2278 2482 2411 2547 dies
2473 2500 2611 2546 eam
2674 2482 2813 2565 plu-

515 2586 706 2650 rimos
751 2586 1134 2669 protelantes
1182 2591 1366 2669 atque
1414 2588 1715 2651 aduersus
1764 2605 1888 2667 eoS,
1934 2588 2000 2650 in
2042 2606 2197 2669 quos
2230 2588 2526 2652 commoti
2558 2588 2811 2667 fuerint,

513 2708 838 2755 rancorem
902 2692 1097 2756 animi
1156 2696 1552 2756 reseruantes
1616 2696 1853 2775 negant·
1910 2693 2161 2773 quidem
2225 2712 2291 2755 se
2346 2692 2559 2755 uerbis
2607 2692 2811 2771 irasci,

517 2795 626 2859 sed
673 2815 738 2860 re
786 2796 924 2879 ipsa
969 2800 1030 2860 et
1077 2814 1260 2879 opere
1306 2796 1617 2879 indignari
1663 2796 2033 2879 grauissime
2082 2795 2585 2878 conprobantur?
2663 2814 2810 2859 nam

515 2918 718 2981 neque
766 2918 868 2965 eos
916 2918 1188 2983 congruo
1235 2918 1523 2966 sermone
1563 2900 1921 2983 conpellant
1952 2918 2066 2964 nec
2098 2900 2467 2965 affabilitate
2501 2901 2590 2964 eis
2626 2901 2812 2965 solita

515 3005 990 3086 conloquuntur,
1037 3008 1099 3068 et
1144 3006 1208 3068 in
1256 3022 1327 3069 eo
1375 3024 1441 3068 se
1488 3005 1747 3068 minime
1794 3003 2153 3086 delinquere
2185 3009 2429 3088 putant,
2476 3004 2639 3086 quod
2671 3005 2811 3067 uin-

516 3109 746 3172 dictam
793 3127 942 3173 suae
990 3108 1421 3173 commotionis
1470 3127 1593 3173 non
1642 3111 1965 3192 expetant:
2013 3127 2203 3191 quam
2246 3112 2459 3173 tamen
2492 3110 2632 3191 quia
2666 3128 2809 3192 pro-

517 3212 677 3276 ferre
721 3213 932 3296 palam
979 3218 1042 3277 et
1087 3231 1368 3277 exercere
1416 3216 1526 3277 aut
1571 3230 1697 3277 non
1745 3213 1977 3277 audent
2024 3218 2133 3277 aut
2173 3218 2337 3277 certe
2369 3232 2491 3278 non
2524 3218 2808 3297 possunt,

694 3450 702 3465 ⁸
727 3385 780 3454 1]
817 3384 939 3439 Am.
966 3388 1014 3449 8,
1041 3388 1089 3440 9.
1203 3386 1290 3455 12]
1327 3384 1521 3439 Matth.
1549 3389 1599 3449 5,
1625 3388 1711 3441 22.

607 3552 632 3604 1
672 3549 878 3603 occidet
905 3550 984 3605 G.-
1019 3550 1234 3605 occedet
1259 3552 1312 3605 A
1385 3550 1582 3604 occidit
1608 3552 1779 3606 HLT
1878 3550 1955 3605 eis
1983 3552 2174 3606 GHT:
2210 3552 2256 3605 ei
2293 3554 2345 3607 L
2453 3552 2561 3606 illis
2597 3554 2650 3607 A
2747 3553 2807 3607 iu

513 3656 614 3692 om.
655 3638 722 3691 H
846 3638 879 3691 3
915 3637 1033 3691 nori*
1067 3638 1134 3692 H
1255 3654 1438 3691 omnes
1474 3656 1575 3693 om.
1616 3640 1669 3692 A
1811 3642 1843 3692 5
1880 3637 2065 3692 eodem
2104 3640 2218 3693 HL
2361 3639 2689 3693 occidentem
2728 3642 2805 3695 Ι)

514 3726 547 3778 6
585 3721 799 3777 diabulo
834 3724 1039 3779 AG¹H
1147 3728 1180 3781 8
1217 3728 1457 3795 oporteat
1500 3742 1655 3793 agere
1690 3726 1743 3780 L
1850 3728 1883 3781 9
1920 3726 2391 3794 quemammodum
2428 3728 2481 3781 L
2587 3730 2650 3783 10
2686 3743 2807 3779 sen-

513 3812 680 3865 tirent
715 3811 930 3875 (dicero)
965 3830 997 3865 r
1133 3812 1391 3880 longioris
1429 3812 1511 3866 H¹
1584 3811 1812 3880 longiori
1850 3814 1990 3867 H²L
2132 3829 2229 3866 nec
2275 3814 2343 3868 Η
2482 3816 2540 3869 11
2592 3814 2713 3867 illut
2748 3818 2807 3869 A

519 3942 582 3996 13
617 3957 782 4009 usque
818 3940 956 3996 AG.-
997 3957 1163 4010 usque
1201 3942 1267 3995 ad
1295 3943 1465 3997 HLT
1569 3946 1633 3998 14
1672 3908 2001 4011 §intinitatem
2028 3944 2095 3997 ΙΙ
2150 3944 2457 3997 societatem
2502 3946 2545 3997 T
2650 3944 2803 3997 ultri-

515 4044 598 4081 ces
640 4027 719 4082 G.-
755 4028 959 4081 ultricis
994 4030 1107 4084 rell.
1221 4032 1284 4085 15
1321 4034 1564 4098 poterant
1606 4030 1657 4083 L
1729 4034 2017 4099 potuerunt
2045 4031 2095 4083 T
2220 4030 2637 4099 perturbationis
2677 4032 2809 4086 GT.-

513 4114 936 4183 perturbationes
953 4117 1067 4171 rell.
1181 4119 1242 4171 17
1263 4116 1348 4170 his
1367 4117 1518 4171 estL
1632 4119 1695 4172 18
1716 4116 2136 4186 inplacabilitate
2161 4118 2232 4171 G¹
2330 4134 2426 4171 nec
2445 4118 2522 4171 L²
2614 4120 2683 4172 20
2708 4118 2804 4171 ad-

513 4216 613 4268 que
641 4203 706 4255 H
794 4200 1078 4255 aduersum
1103 4205 1158 4256 A
1263 4203 1320 4255 in
1355 4220 1456 4257 om.
1497 4206 1550 4257 A
1657 4204 1721 4258 21
1764 4219 2045 4271 rangore’m
2086 4204 2152 4257 ΙΙ
2155 4206 2165 4238 ¹
2276 4208 2549 4257 seruantes
2590 4205 2641 4259 G
2748 4222 2805 4258 se

513 4288 729 4355 quidem
771 4289 822 4343 G
962 4291 1030 4343 23
1067 4288 1377 4342 effabilitato
1419 4290 1492 4343 G¹
1564 4289 1935 4343 affabilitatem
1975 4293 2049 4345 L¹
2192 4293 2260 4345 24
2298 4291 2651 4344 conlocantur
2686 4292 2806 4347 HL

513 4390 598 4428 eos
636 4376 705 4429 H
839 4378 1024 4444 potant
1069 4378 1139 4431 G¹
1283 4379 1349 4430 ‘25
1388 4380 1693 4444 exspectant
1736 4376 1878 4431 G¹H
1946 4380 2225 4445 expectant
2262 4379 2337 4432 L¹

2869 1565 2921 1603 lo

2871 2094 2921 2131 15

2866 3139 2925 3177 25
