3167 4975
2302 455 2613 513 va1111

319 623 462 705 638,
493 622 572 686 18
601 622 1030 687 discernenda
1059 642 1172 707 pro
1206 622 1519 687 discenda
1542 623 1662 706 (ita
1684 624 1877 688 etiam
1913 621 2020 709 O),
2046 622 2195 705 640,
2221 621 2260 685 9
2276 624 2615 709 peccatori

317 750 426 814 pro
451 727 872 814 peccator-ib),
905 728 1053 810 654,
1079 727 1165 792 20
1195 727 1412 791 cordis
1445 746 1556 813 pro
1588 727 1813 791 caruis
1852 726 1965 813 (=
2006 726 2112 812 O).
2148 764 2234 775 —
2263 749 2323 813 p.
2352 727 2502 810 622,
2533 727 2614 791 12

317 832 522 897 solam
549 852 662 917 pro
692 832 1042 897 secundam
1073 834 1140 897 in
1164 831 1352 896 BFO
1376 852 1408 897 e
1433 834 1780 917 conpendio
1802 834 2019 896 sedam
2042 836 2251 897 ortum
2277 852 2413 899 esse
2440 834 2615 897 simi-

315 940 484 1005 libus
517 938 830 1005 erroribus
861 940 926 1003 in
977 936 1030 1001 O
1061 938 1530 1003 occurrentibus
1563 938 1883 1023 probatur,
1926 939 2033 1020 qui
2063 937 2221 1002 liber
2250 958 2311 1021 p.
2346 936 2495 1019 535,
2530 936 2611 1001 28

315 1043 528 1109 solum
571 1064 682 1129 pro
728 1044 970 1121 sedum,
1016 1064 1077 1127 p.
1115 1041 1263 1126 685,
1295 1042 1336 1105 9
1381 1041 1625 1105 sedalis
1672 1062 1785 1127 pro
1830 1040 2081 1105 sodalis
2129 1043 2397 1133 enhibet.

469 1180 478 1187 ·
529 1148 773 1230 Quibus
805 1148 1144 1233 disputatis
1177 1166 1322 1211 eum
1354 1148 1538 1213 facile
1571 1148 1977 1232 intellegatur
2007 1149 2075 1213 in
2104 1149 2305 1232 pretio
2337 1148 2615 1213 familiae

317 1254 452 1317 BF
498 1258 668 1320 reete
729 1254 1121 1319 aestimando
1181 1254 1706 1337 ponderandoque
1767 1254 2054 1318 cautione
2123 1253 2396 1335 quadam
2456 1270 2613 1336 opus

317 1380 476 1440 esse,
523 1363 830 1442 quotquot
859 1359 1014 1423 loeis
1045 1359 1346 1423 lectiones
1377 1358 1605 1423 horum
1651 1358 1937 1423 codicum
1968 1358 2117 1423 ferri
2148 1376 2271 1423 non
2303 1361 2612 1442 poterant,

316 1483 460 1529 eam
491 1465 754 1529 sanandi
785 1465 1095 1529 rationem
1125 1464 1446 1548 ingressus
1479 1482 1643 1543 sum,
1684 1466 1757 1528 ut
1787 1466 1897 1527 aut
1925 1462 2159 1527 librum
2198 1460 2253 1525 O
2284 1462 2362 1527 ab
2396 1462 2613 1527 eodem

315 1568 654 1653 archetypo
711 1570 1068 1633 deriuatum
1123 1586 1416 1650 sequerer
1472 1572 1581 1631 aut
1639 1569 1997 1633 coniectura
2047 1566 2359 1650 probabili
2406 1570 2613 1632 uterer

318 1678 448 1754 aut,
496 1675 551 1738 si
586 1674 742 1738 haec
771 1673 1052 1737 remedia
1083 1690 1206 1737 non
1255 1672 1676 1753 sufficiebant,
1724 1672 1801 1736 ad
1846 1672 2041 1736 libros
2082 1672 2420 1735 deteriores
2466 1689 2614 1737 eon-

317 1780 622 1863 fugerem,
684 1779 792 1861 qui
854 1778 1146 1860 quamuis
1207 1776 1468 1841 correcti
1531 1780 1720 1858 atque
1766 1774 2358 1859 interpolationibus
2404 1776 2614 1840 euius-

314 1902 434 1965 que
481 1884 728 1967 generis
773 1882 986 1947 referti
1035 1882 1184 1962 sint,
1247 1886 1463 1946 tamen
1511 1882 1751 1963 aliquot
1800 1879 1953 1945 loeis
1998 1881 2249 1964 integra
2292 1880 2613 1964 scriptoris

319 1986 516 2051 uerba
559 1987 676 2053 soli
721 1991 1152 2051 seruauerunt.
1213 1987 1425 2068 itaque
1468 1986 1704 2049 reiecta
1749 1986 2033 2050 codicum
2071 1982 2203 2046 BF
2240 1986 2613 2050 auctoritate

315 2092 432 2156 hos
464 2092 634 2156 locos
663 2092 992 2157 constitui:
1027 2111 1086 2174 p.
1114 2088 1262 2171 506,
1289 2088 1330 2153 9
1361 2091 1545 2155 lectio
1575 2088 1926 2153 ulteriores
1960 2090 2093 2155 loeo
2128 2090 2321 2153 simili
2347 2090 2459 2170 XI,
2484 2088 2545 2171 2,
2576 2090 2607 2151 1

315 2196 740 2261 confirmatur.
792 2232 876 2241 —
921 2192 1069 2276 507,
1109 2194 1204 2259 17.
1257 2213 1641 2278 quamquam
1688 2194 1985 2279 quisquis
2026 2214 2213 2279 saepe
2245 2214 2283 2259 a
2312 2194 2611 2261 Cassiano

315 2306 678 2385 usurpatur,
725 2305 938 2365 tamen
970 2298 1257 2384 quisque,
1305 2301 1368 2364 in
1403 2318 1524 2382 quo
1565 2297 1757 2361 ΘΗΚ
1790 2300 2210 2379 consentiunt,
2257 2300 2611 2383 praeferen-

315 2408 466 2470 dum
514 2406 688 2469 duxi:
735 2406 816 2469 ef.
847 2426 908 2490 p.
947 2402 1092 2485 708,
1131 2405 1184 2468 1.
1219 2440 1306 2451 -—
1335 2402 1482 2485 509,
1517 2402 1596 2465 27
1644 2403 1841 2466 etiam
1868 2412 1944 2465 ut
1974 2404 2039 2468 in
2076 2402 2141 2465 F
2162 2404 2611 2488 interpolatum

315 2515 418 2575 est
471 2511 496 2594 (
503 2519 708 2595 prout
755 2537 837 2567 =
883 2509 1130 2592 καθὲτι);
1193 2510 1362 2574 idem
1423 2509 1829 2573 statuendum
1891 2509 1967 2573 de
2026 2509 2337 2593 particula
2395 2518 2612 2572 autem

314 2637 375 2699 p.
409 2614 557 2696 510,
596 2616 651 2679 1.
683 2653 771 2662 --
800 2613 950 2695 515,
983 2613 1068 2678 25
1099 2633 1244 2679 eum
1276 2612 1414 2676 RK
1439 2614 1659 2698 scripsi
1692 2613 1765 2675 in
1812 2612 1933 2676 hac
1976 2634 2169 2697 quam
2208 2611 2399 2676 semel
2430 2613 2611 2676 adri·

309 2729 608 2805 puerunt
657 2717 1086 2804 professione.
1165 2719 1330 2801 quod
1383 2716 1515 2780 BF
1562 2717 1859 2782 exhibent
1914 2738 2043 2802 qua
2091 2715 2379 2780 diximus
2427 2716 2611 2780 adri·

313 2832 610 2910 puerunt
653 2824 836 2888 nihili
881 2828 996 2888 est.
1044 2859 1130 2868 ———
1175 2819 1322 2902 529,
1362 2820 1442 2885 10
1479 2820 1785 2905 fomitem
1832 2820 2221 2898 curationis,
2276 2826 2347 2886 ut
2390 2823 2612 2906 legunt

315 2927 589 3005 BFOR,
637 2929 930 3012 explicari
963 2928 1208 3010 nequit:
1258 2927 1486 2991 uitium
1519 2930 1727 2991 ortum
1761 2947 1793 2989 e
1826 2926 2170 3010 conpendio
2188 2923 2493 3010 foffztum.
2525 2963 2612 2974 -—

317 3031 468 3115 529,
504 3033 581 3096 17
617 3054 650 3097 e
681 3033 804 3096 Z‘2v
833 3033 1040 3117 recepi
1071 3053 1214 3094 omn
1243 3029 1425 3094 illud
1455 3029 1878 3114 mortiferum
1907 3030 2105 3094 uivus
2130 3029 2304 3115 quod
2332 3029 2612 3093 nolunt

310 3137 652 3224 prodere
708 3135 910 3200 lateat
955 3135 1028 3200 in
1073 3134 1404 3200 medullis.
1473 3137 1538 3200 in
1588 3135 1923 3220 archetypo
1970 3137 2253 3200 omnium
2305 3135 2645 3210 librorum·

317 3264 448 3306 nou
475 3241 629 3306 uult
661 3241 934 3322 extabat,
967 3258 1158 3323 quare
1183 3241 1448 3306 editores
1478 3262 1608 3302 uon
1637 3238 1791 3302 uult
1806 3237 2087 3324 prodire
2118 3244 2607 3323 temptauerunt.

319 3369 442 3415 non
489 3350 686 3413 reete:
735 3348 1051 3432 praeeedit
1081 3347 1248 3410 enim
1283 3365 1446 3430 uei-s.
1487 3345 1568 3408 14
1600 3342 2127 3407 erubescentes
2176 3343 2391 3428 ipsam
2426 3364 2610 3428 pro-

319 3452 496 3516 dere
555 3452 922 3515 uer-itatem.
969 3487 1056 3498 -—
1100 3447 1249 3533 537,
1287 3448 1363 3512 17
1413 3451 1641 3514 melius
1690 3453 1787 3514 est
1832 3449 1996 3531 quod
2061 3446 2263 3530 ΟΕβυ
2306 3447 2611 3531 praebent

319 3557 392 3620 in
449 3555 832 3620 huiusmodi
877 3565 1148 3640 raptum
1193 3553 1586 3640 frequenter
1631 3574 1951 3617 esec-essum
1996 3571 2186 3635 quam
2234 3551 2610 3615 huiusmodi

319 3673 590 3748 raptum
633 3659 1022 3746 frequenter
1081 3681 1361 3737 excessu,
1423 3679 1568 3724 eum
1616 3659 1954 3724 Cassianus
2013 3657 2387 3740 aliquotiens
2443 3657 2610 3721 dieat

319 3767 478 3854 rapi
507 3767 583 3830 in
614 3787 954 3843 excessum,
988 3785 1301 3848 nusquam
1333 3763 1492 3848 ‘rapi
1522 3783 1812 3826 eaecessu:
1842 3764 1919 3827 cf.
1946 3763 2083 3826 Ind.
2119 3782 2166 3826 S.
2202 3781 2261 3826 u.
2297 3782 2606 3824 eaecessus.

318 3911 404 3918 —
435 3873 668 3937 mirum
714 3875 811 3936 est
841 3871 1142 3936 mendum
1185 3868 1334 3950 541,
1367 3867 1446 3931 21
1483 3865 1781 3950 fideliter
1816 3865 1927 3930 uel
1963 3887 2158 3952 posse
2189 3864 2298 3928 uel
2335 3863 2608 3950 plenius

321 3975 670 4064 disputare
726 3995 838 4059 pro
899 3971 1008 4038 uel
1053 3973 1332 4057 fidelius
1384 3993 1576 4058 posse
1620 3993 1687 4034 u.
1712 3993 1785 4056 p.
1819 3970 1904 4048 d„
1968 3971 2121 4036 item
2165 3969 2315 4052 545,
2354 3968 2452 4050 10,
2500 3970 2608 4033 ubi

319 4084 596 4166 primum
637 4077 748 4144 uel
795 4077 1002 4142 deesse
1045 4082 1300 4163 propter
1345 4079 1724 4162 praecedens
1770 4075 1994 4152 inesse,
2051 4075 2273 4140 deinde
2318 4083 2609 4136 motuum

319 4187 626 4251 omissum
686 4189 802 4266 est,
863 4188 1176 4269 postremo
1235 4203 1496 4244 manere
1545 4201 1833 4266 prorsus
1895 4180 2115 4264 (etiam
2161 4178 2227 4243 in
2282 4175 2360 4261 Ο)
2416 4179 2609 4242 inter-

319 4290 619 4375 polatum.
697 4288 1021 4354 Hartelius
1069 4289 1322 4371 quidem
1367 4287 1693 4372 proposuit
1740 4285 1855 4348 has
1902 4283 2032 4347 sibi
2077 4283 2281 4346 inesse
2321 4282 2607 4345 uirtutes

321 4393 740 4479 exploratrioe
785 4393 1193 4456 internorum
1236 4390 1629 4455 couscientia
1672 4409 2017 4453 ‘manereue
2054 4408 2337 4474 prorsus
2386 4386 2607 4472 depre-
