3167 4975
278 1599 334 1638 10

279 3166 335 3206 25

951 457 1180 508 contra
1215 445 1595 508 Nestorium
1631 453 1739 508 lib.
1767 450 1860 516 VI,
1903 456 2120 510 19—21.
2549 451 2674 518 347

388 628 451 693 in
496 646 681 692 carne
724 629 995 693 hominis
1041 629 1314 694 aduenit.
1390 630 1658 693 uerbum
1705 630 1874 694 enim
1920 647 2062 694 caro
2101 631 2340 694 factum
2382 632 2506 694 est:
2554 647 2680 694 non

388 751 640 797 carnem
694 751 911 798 secum
964 733 1257 815 exhibuit,
1320 733 1431 798 sed
1491 735 1662 798 carni
1723 754 1792 798 se
1851 734 2120 798 hominis
2183 733 2542 817 dignatione
2589 734 2680 796 di-

389 837 667 902 uinitatis
734 839 955 903 uniuit.
1050 839 1147 902 dic
1216 839 1385 903 enim
1454 839 1636 903 mihi:
1708 839 1955 921 quando
2023 839 2124 903 uel
2192 839 2300 902 ubi
2368 838 2678 902 uerbum

388 960 555 1006 caro
616 943 899 1007 factum
946 947 1087 1024 est,
1150 946 1261 1008 aut
1305 942 1412 1006 ubi
1458 943 1876 1008 exinaniuit
1937 948 2177 1008 semet
2234 944 2478 1026 ipsum
2538 943 2680 1006 for-

390 1065 578 1111 mam
638 1048 839 1112 serui
894 1048 1300 1132 accipiens,
1363 1052 1473 1111 aut
1517 1048 1626 1113 ubi
1673 1068 1952 1132 egenus
1999 1049 2250 1112 factus
2313 1053 2455 1128 est,
2518 1066 2679 1112 cum

390 1156 590 1216 esset
636 1152 874 1233 diueS,
922 1152 1042 1216 nisi
1085 1152 1148 1218 in
1188 1153 1294 1217 illo
1326 1171 1501 1217 sacro
1546 1153 1810 1236 uirginis
1858 1156 2058 1234 utem,
2104 1153 2233 1234 ubi,
2281 1153 2430 1216 dum
2477 1153 2680 1217 incar-

389 1260 572 1320 natur
615 1257 882 1322 ucrbum
935 1257 1054 1339 dei,
1116 1275 1259 1320 caro
1320 1257 1543 1322 dicitur
1589 1256 1850 1338 fact-um,
1911 1257 2062 1321 dum
2125 1258 2349 1338 editur,
2412 1257 2678 1320 formam

389 1360 554 1424 serui
618 1361 682 1425 in
750 1361 1015 1426 ueritate
1076 1361 1355 1446 suscipit,
1417 1362 1567 1426 dum
1634 1363 1913 1427 humana
1981 1363 2338 1426 condicione
2398 1361 2678 1444 patibulo

388 1465 684 1548 affigitur,
746 1466 818 1530 fit
862 1485 1099 1550 egenus
1154 1469 1218 1530 et
1262 1485 1499 1551 pauper
1551 1467 1832 1531 redditur
1875 1467 2164 1550 passione
2219 1465 2474 1547 carnali,
2535 1484 2676 1529 cum

390 1575 557 1634 esset
588 1571 761 1636 diues
794 1571 1121 1636 maiestate
1162 1571 1415 1636 diuina?
1461 1571 1734 1654 alioquin
1765 1572 1838 1652 si,
1887 1575 1956 1636 ut
2001 1572 2134 1656 ipse
2181 1571 2292 1652 εἰς,
2339 1575 2482 1654 post
2523 1571 2678 1635 haec
2733 1603 2744 1610 ·

386 1676 449 1738 in
496 1694 664 1755 eum,
722 1679 795 1740 ut
837 1676 903 1739 in
948 1694 1144 1764 unum
1191 1677 1638 1760 prophetarum
1695 1679 1880 1758 atque
1942 1681 2323 1756 sanctorum,
2385 1675 2680 1738 diuinitas

386 1780 579 1860 uenit,
628 1797 775 1864 ergo
820 1785 885 1845 et
928 1781 993 1845 in
1037 1781 1179 1861 illis,
1226 1781 1291 1844 in
1336 1781 1561 1863 quibus
1611 1780 1895 1846 habitare
1927 1781 2218 1864 dignatus
2252 1784 2366 1862 est,
2413 1779 2680 1844 uerbum

388 1903 529 1948 caro
579 1887 818 1949 factum
866 1889 981 1966 est,
1028 1903 1175 1969 ergo
1222 1889 1287 1950 et
1329 1905 1441 1968 per
1484 1904 1998 1968 unumquemque
2045 1886 2296 1949 illorum
2341 1885 2682 1948 exinaniuit

388 1992 591 2054 semet
648 1991 855 2072 ipsum
916 1989 1185 2054 formam
1247 1991 1413 2055 serui
1474 1991 1813 2072 accipiens,
1877 2007 1948 2054 ac
2009 2009 2120 2073 per
2178 1991 2296 2054 hoc
2355 1989 2508 2053 nihil
2571 2007 2682 2054 no-

310 2121 333 2158 r,
388 2112 541 2157 uum
596 2113 712 2158 nec
770 2095 1173 2179 praecipuum
1234 2092 1297 2159 in
1345 2093 1594 2160 Christo
1654 2095 1893 2160 factum
1956 2099 2072 2176 est,
2133 2095 2286 2159 nihil
2341 2094 2679 2176 singulare,

390 2199 539 2262 nihil
598 2198 879 2263 mirabile
942 2219 1057 2264 nec
1116 2199 1436 2282 conceptio
1499 2200 1694 2282 ipsius
1756 2199 1977 2264 habuit
2031 2217 2146 2264 nec
2207 2199 2503 2264 natiuitas
2565 2218 2681 2262 nec

391 2321 578 2367 mors,

476 2408 647 2472 XXI.
696 2408 778 2472 Et
820 2412 1055 2490 tamen,
1101 2413 1173 2473 ut
1218 2409 1295 2473 ad
1328 2409 1648 2493 superiora
1677 2409 2028 2489 redeamuS,
2076 2427 2219 2473 cum
2251 2409 2406 2472 haec
2435 2409 2522 2472 ita
2553 2408 2680 2472 sint

390 2514 602 2577 omnia
647 2514 810 2577 sicut
855 2514 1141 2593 diximuS,
1188 2516 1495 2596 quomodo
1542 2514 1719 2578 Iesus
1768 2513 2074 2593 Christus,
2130 2532 2319 2595 quem
2365 2518 2434 2578 tu
2479 2514 2680 2577 homi-

389 2638 537 2682 nem
580 2619 1019 2683 tantummodo
1067 2638 1205 2683 esse
1251 2620 1500 2700 assem,
1549 2619 1738 2683 ctiam
1783 2622 2120 2699 antequam
2155 2638 2227 2681 ex
2275 2618 2520 2701 uirgine
2567 2637 2679 2683 na-

391 2726 686 2804 sceretur,
742 2742 991 2806 semper
1036 2722 1231 2787 fuisse
1279 2723 1507 2807 legitur
1562 2727 1626 2786 et
1671 2740 1708 2786 a
1751 2722 2072 2807 prophetis
2132 2726 2320 2804 atque
2381 2723 2677 2805 apostolis

390 2827 541 2891 dens
590 2828 781 2892 etiam
828 2831 973 2892 ante
1020 2828 1267 2893 saecula
1312 2827 1724 2910 praedicatur,
1771 2828 2014 2891 dicente
2054 2827 2280 2891 Paulo:
2327 2846 2515 2890 unus
2563 2827 2678 2890 do-

390 2932 631 2995 minus
692 2932 907 2997 Iesus
968 2931 1345 3013 ChristuS,
1408 2951 1535 3015 per
1595 2950 1812 3013 quem
1873 2931 2147 3011 omnia,
2210 2931 2318 2994 sed
2381 2934 2446 2994 et
2498 2931 2676 2994 alibi:

389 3038 737 3118 quoniam
782 3038 856 3101 in
888 3036 1220 3118 Christe,
1268 3036 1488 3119 inquit,
1535 3039 1788 3100 creata
1834 3039 2008 3100 sunt
2053 3036 2297 3099 omnia
2341 3036 2414 3099 in
2446 3036 2676 3099 caelis

391 3146 465 3205 et
509 3141 583 3205 in
628 3145 859 3221 terra,
906 3141 1246 3205 uisibilia
1292 3145 1365 3205 et
1408 3139 1875 3205 inuisibilia?
1957 3139 2278 3221 symbolus
2325 3156 2568 3222 quoque
2615 3145 2678 3203 et

390 3245 665 3310 humana
710 3247 943 3329 pariter
988 3250 1051 3310 et
1095 3246 1308 3310 diuina
1352 3246 1720 3309 auctoritate
1767 3248 2092 3310 context-us
2148 3246 2392 3324 credo,
2453 3245 2678 3326 inquit,

388 3350 458 3414 in
494 3350 705 3415 deum
737 3354 1025 3435 patrem
1066 3354 1139 3415 et
1183 3351 1254 3414 in
1305 3350 1683 3415 dominum
1725 3349 1970 3413 Iesum
2004 3349 2386 3415 Christum
2431 3349 2677 3413 filium

388 3456 576 3535 eiuS,
634 3458 697 3519 et
749 3458 893 3539 post
940 3456 1089 3520 alia:
1154 3454 1367 3519 deum
1412 3473 1674 3518 uerum
1719 3454 1802 3517 de
1851 3454 1981 3517 deo
2027 3472 2230 3535 uem,
2290 3474 2418 3536 per
2465 3472 2678 3536 quem

390 3563 463 3624 et
520 3561 822 3625 saecula
881 3560 1383 3643 conpaginata
1429 3564 1606 3623 sunt
1651 3563 1723 3623 et
1783 3559 2031 3623 omnia
2077 3559 2306 3639 facta,
2371 3562 2434 3622 et
2494 3557 2676 3622 item:

594 3785 687 3855 22]
726 3785 755 3839 Ι
791 3784 909 3841 Cor.
935 3788 985 3851 8,
1011 3787 1059 3842 6.
1162 3785 1254 3854 24]
1294 3783 1404 3840 Col.
1435 3787 1481 3849 1,
1510 3786 1590 3841 16.

476 3980 503 4033 1
544 3980 627 4032 est
651 3995 753 4033 om.
792 3996 824 4033 υ
952 3981 986 4033 2
1024 3976 1197 4031 carnis
1226 3995 1269 4047 p
1400 3980 1433 4032 5
1470 3976 1588 4045 aut]
1627 3979 1688 4030 ut
1715 3994 1759 4046 p
1889 3978 1924 4031 6
1957 3974 2265 4029 incarnatus
2295 3993 2338 4045 p
2467 3976 2502 4031 8
2539 3974 2676 4028 ueri-

385 4066 555 4119 tatem
584 4083 629 4135 ρ
734 4064 967 4134 suscepit
1001 4066 1159 4135 N‘pv
1264 4062 1567 4117 conditione
1605 4063 1704 4134 ΝΡ
1813 4065 1879 4118 10
1925 4062 2202 4116 maiestate
2240 4062 2425 4116 diuina
2461 4061 2611 4115 diues
2646 4080 2679 4117 v

390 4155 454 4209 13
491 4154 545 4205 et
579 4170 683 4208 om.
718 4170 753 4208 v
865 4155 927 4208 15
964 4151 1286 4221 principium
1324 4170 1360 4206 a
1480 4154 1545 4208 18
1582 4154 1646 4205 ut
1681 4170 1782 4207 om.
1821 4152 1887 4205 N
1999 4151 2067 4205 22
2111 4149 2220 4203 scra
2256 4151 2354 4219 Np
2474 4149 2604 4202 deus
2633 4168 2676 4219 p

385 4242 455 4295 23
488 4240 737 4295 Christus
772 4258 873 4295 om.
902 4258 934 4295 υ
1038 4242 1121 4293 set
1155 4239 1220 4293 N
1230 4240 1266 4308 ²,
1302 4256 1404 4295 om.
1438 4240 1522 4293 N1
1629 4241 1696 4294 25
1735 4236 2038 4307 symbolum
2071 4255 2104 4291 v
2207 4238 2276 4292 26
2314 4238 2620 4289 contextum
2645 4256 2679 4291 v

384 4330 454 4385 28
484 4318 759 4397 post’eius
793 4328 1047 4382 additum
1082 4328 1145 4381 in
1179 4344 1239 4381 v.-
1282 4326 1623 4395 unigenitum
1659 4328 1714 4379 et
1747 4324 2164 4393 primogenitum
2203 4323 2368 4377 totius
2406 4326 2676 4376 creaturae

386 4414 477 4483 de]
514 4430 575 4468 cx
610 4432 644 4469 v
748 4416 816 4471 29
854 4414 965 4469 reia
1002 4414 1069 4469 N
1134 4413 1309 4467 secula
1336 4431 1380 4483 p
1488 4412 1863 4482 conpaginata]
1901 4414 2078 4466 creata
2113 4430 2146 4466 α
