3167 4975
291 1611 343 1649 10

270 2657 335 2695 20

264 3179 329 3218 25

255 3703 325 3744 30

978 469 1209 520 contra
1244 466 1626 519 Nestorium
1663 465 1772 519 lib.
1811 466 1913 530 111,
1951 470 2136 522 8—10.
2568 468 2695 532 273

404 644 715 707 humanae
760 642 1131 723 audientiae,
1196 642 1361 724 quod
1410 642 1766 706 inauditum
1813 642 2020 707 fuerat
2064 643 2310 706 diuinae
2357 643 2694 726 contigisse

404 752 681 812 naturae.
772 750 979 829 itaque
1041 766 1296 811 securus
1359 768 1424 811 es
1488 748 1602 811 tali
1661 746 2075 813 affirmatione.
2145 750 2330 829 atquc
2391 748 2692 829 doctrina,
2742 758 2776 810 3

400 854 564 934 quod
632 870 979 934 numquam
1047 851 1423 935 praedicatio
1486 856 1598 917 tua
1664 856 1774 917 aut
1840 852 2182 935 gentilibus
2251 852 2520 916 stultitia
2587 857 2697 917 aut

402 956 647 1021 Iudaeis
682 956 1049 1021 scandalum
1082 958 1227 1021 erit:
1276 975 1624 1039 numquam
1672 960 1740 1021 tu
1773 976 1810 1021 a
1840 957 2090 1021 Iudaeis
2123 961 2308 1039 atque
2353 957 2694 1041 gentilibus

402 1064 511 1125 aut
555 1080 699 1125 cum
730 1062 919 1126 Pet-ro
966 1061 1345 1145 crucifigeris
1394 1065 1502 1125 aut
1540 1081 1684 1125 cum
1717 1060 1942 1125 Iacobo
1987 1060 2364 1143 lapidaberis
2411 1064 2521 1125 aut
2550 1080 2694 1125 cum

400 1166 595 1231 Paulo
628 1166 830 1249 capite
876 1167 1187 1249 plecteris,
1260 1184 1384 1230 non
1433 1168 1600 1230 enim
1648 1165 1844 1231 habet
1888 1167 2264 1251 praedicatio
2305 1170 2414 1231 tua
2445 1167 2692 1231 illorum

400 1270 823 1335 offensionem.
916 1270 1267 1334 solitarium
1328 1271 1650 1336 hominem
1714 1274 1964 1351 natum,
2027 1272 2376 1335 solitarium
2434 1289 2694 1354 passum

400 1375 644 1439 asseris,
723 1375 944 1439 timere
990 1392 1115 1439 non
1160 1379 1360 1458 potes,
1410 1394 1487 1439 ne
1532 1376 1966 1458 persecutione
2008 1394 2124 1439 sua
2169 1375 2263 1439 illi
2309 1378 2370 1438 te
2416 1375 2692 1455 laedant,

399 1498 541 1543 cum
590 1483 659 1543 tu
706 1498 809 1544 eos
857 1482 967 1543 tua
1010 1480 1474 1561 praedicatione
1523 1480 1873 1543 confirmes

482 1584 559 1648 X.
596 1582 715 1649 Sed
746 1583 1073 1647 uideamus
1121 1586 1337 1673 tamen
1370 1584 1573 1647 adhuc
1609 1584 1844 1666 aliquid
1891 1582 1965 1646 de
2011 1582 2130 1647 hoc
2177 1583 2331 1666 ipso,
2404 1582 2690 1648 Christus

398 1706 545 1771 ergo
607 1688 781 1753 iuxta
841 1689 1195 1770 apostolum
1257 1688 1459 1752 uirtus
1522 1689 1622 1751 dei
1685 1692 1748 1751 et
1809 1688 2118 1770 sapientia
2179 1688 2278 1751 dei
2340 1691 2453 1752 est.
2543 1688 2688 1771 quid

394 1792 589 1856 habes
649 1792 815 1874 quod
872 1794 1295 1875 respondeas?
1357 1794 1503 1874 quid
1566 1792 1763 1857 habes
1825 1810 1948 1875 quo
2010 1796 2072 1856 te
2135 1792 2460 1857 conferas?
2526 1793 2690 1856 exire

392 1897 541 1961 hinc
587 1900 650 1961 et
694 1897 984 1980 progredi
1028 1915 1342 1979 nusquam
1388 1900 1585 1979 potes.
1669 1896 1955 1961 Christus
2003 1897 2104 1960 dei
2150 1896 2460 1980 sapientia
2499 1900 2690 1960 estet

396 2002 495 2065 dei
554 2002 772 2066 uirtus
850 2001 985 2082 ille,
1047 2002 1335 2083 inquam,
1398 2020 1585 2083 quem
1641 2001 1858 2065 Iudaei
1911 2001 2201 2066 insectati
2263 2004 2439 2082 sunt,
2499 2020 2688 2083 quem

314 2134 341 2171 5
394 2106 663 2189 gentiles
708 2105 1001 2186 riserunt,
1050 2125 1239 2187 quem
1284 2110 1353 2169 tu
1400 2124 1547 2169 cum
1595 2106 1720 2170 illis
1767 2107 1902 2189 ipse
1947 2106 2365 2189 persequeriS,
2419 2106 2547 2186 ille,
2593 2107 2688 2170 in-

394 2230 614 2292 quam,
676 2210 784 2292 qui
845 2213 907 2274 et
960 2211 1224 2294 paganis
1288 2210 1561 2275 stultit-ia
1622 2214 1719 2274 est
1779 2214 1842 2274 et
1886 2210 2136 2275 Iudaeis
2201 2210 2570 2274 scandalum
2624 2214 2688 2274 et

394 2315 509 2379 tibi
572 2318 928 2398 utrumque,
990 2315 1117 2395 ille,
1180 2314 1458 2397 inquam,
1526 2317 1624 2379 est
1669 2314 1770 2379 dei
1827 2316 2031 2379 uirtus
2095 2318 2158 2379 et
2204 2314 2302 2379 dei
2355 2314 2682 2397 sapientia.

392 2420 538 2501 quid
582 2418 778 2483 habes
826 2420 991 2502 quod
1038 2422 1232 2504 agas?
1280 2420 1533 2484 claudes
1579 2420 1842 2485 forsitan
1891 2438 2094 2502 aureS,
2141 2440 2220 2483 ne
2267 2418 2512 2483 audias:
2566 2418 2687 2483 hoc

394 2529 457 2589 et
529 2524 745 2589 Iudaei
828 2526 1109 2607 apostolo
1185 2525 1585 2607 praedicante
1669 2526 1970 2589 fecerunt.
2075 2525 2400 2608 quodlibet
2473 2524 2687 2606 facias,
2737 2534 2771 2586 2

389 2629 673 2693 Christus
733 2629 799 2692 in
860 2629 1031 2692 caelo
1092 2631 1189 2693 est
1250 2633 1312 2693 et
1372 2629 1435 2692 in
1484 2629 1598 2693 deo
1661 2634 1724 2693 et
1785 2648 1928 2692 cum
1991 2647 2062 2692 eo
2127 2632 2312 2710 atque
2371 2629 2437 2693 in
2501 2647 2572 2692 eo
2617 2629 2682 2692 in

388 2733 831 2816 superioribuS,
879 2733 944 2798 in
992 2751 1112 2815 quo
1161 2737 1225 2798 et
1270 2734 1335 2797 in
1380 2732 1780 2798 inferioribus
1827 2734 1965 2798 fuit.
2044 2733 2334 2815 persequi
2365 2752 2509 2797 eum
2554 2734 2680 2798 iam

387 2855 533 2902 cum
580 2837 828 2902 Iudaeis
891 2856 1016 2903 non
1077 2841 1277 2921 poteS,
1342 2837 1451 2902 sed
1511 2837 1667 2901 facis
1730 2842 1946 2902 tamen
2005 2856 2202 2902 unum
2263 2838 2426 2919 quod
2481 2841 2680 2922 poteS‚

386 2943 782 3026 persequeris
846 2962 991 3007 eum
1052 2943 1117 3006 in
1162 2941 1304 3024 fide,
1367 2942 1762 3025 persequeris
1823 2943 1888 3006 in
1949 2943 2230 3023 ecclesia,
2291 2942 2681 3024 persequeris

385 3047 693 3130 opinionis
739 3047 969 3130 impiae
1018 3048 1163 3126 te10,
1210 3047 1603 3129 persequeris
1653 3046 1830 3129 praui
1876 3047 2187 3129 dogmatis
2233 3046 2460 3130 gladio,
2537 3046 2679 3128 plus

384 3151 543 3216 forte
575 3150 807 3233 aliquid
854 3169 1043 3233 quam
1088 3150 1341 3234 quidam
1380 3155 1668 3214 ueterum
1701 3149 2077 3214 Iudaeorum
2123 3150 2308 3215 facis:
2357 3149 2678 3216 Christum

387 3259 453 3320 tu
515 3273 683 3320 nunc
741 3256 1154 3338 persequeriS,
1214 3259 1549 3339 postquam
1613 3274 1758 3319 eum
1820 3255 2008 3319 etiam
2069 3255 2162 3319 illi
2218 3255 2324 3336 qui
2367 3257 2678 3336 persecuti

384 3361 635 3426 fuerant
680 3361 1090 3425 crediderunt.
1172 3361 1281 3424 sed
1342 3361 1599 3424 minoris
1645 3360 1855 3425 forsan
1919 3360 2200 3424 criminis
2244 3363 2451 3442 putaS,
2513 3361 2676 3442 quod

383 3466 611 3529 inicere
666 3466 731 3529 in
796 3484 941 3529 eum
994 3466 1121 3528 iam
1183 3484 1408 3529 manus
1470 3484 1596 3529 non
1641 3467 1840 3547 potes,
1921 3482 2044 3528 uon
2105 3464 2336 3543 minuS,
2396 3465 2674 3545 inquam,

382 3589 508 3634 non
554 3571 762 3634 minus
810 3569 903 3633 illi
946 3569 1156 3653 grauis
1204 3569 1313 3633 illa
1372 3573 1467 3635 est
1511 3569 1882 3652 persecutio,
1943 3569 2006 3633 in
2053 3587 2175 3650 qua
2235 3587 2378 3631 eum
2423 3569 2489 3632 in
2543 3569 2673 3632 suis

382 3675 563 3758 impii
609 3676 1090 3758 persequuntur.
1170 3673 1279 3736 sed
1336 3673 1594 3738 offendit
1638 3677 1700 3738 te
1747 3673 2094 3738 dominicae
2156 3673 2356 3736 crucis
2418 3691 2676 3738 nomen:

378 3779 500 3844 hoc
575 3781 638 3842 et
702 3778 968 3846 Iudaeos
1045 3795 1294 3860 semper
1369 3777 1644 3842 offendit.
1746 3777 2128 3842 exhorrescis
2199 3775 2385 3840 deum
2461 3777 2673 3841 audire

468 3989 502 4041 3
537 3985 787 4054 gentibus
814 3987 912 4041 Mv
1014 3989 1047 4040 4
1082 4001 1356 4054 nunquam
1382 3987 1458 4040 M
1555 4003 1588 4039 a
1622 4003 1722 4042 om.
1751 3985 1848 4054 ΝΡ
1955 3983 2206 4052 gentibus
2230 3985 2332 4040 Mv
2435 3989 2466 4040 5
2504 3983 2673 4038 cruci-

376 4074 549 4142 figens
586 4075 659 4128 M
756 4072 1010 4142 lapidaris
1054 4073 1121 4127 N
1159 4073 1295 4138 (non
1336 4073 1398 4142 p)
1493 4077 1526 4130 8
1571 4075 1625 4126 te
1670 4071 1749 4126 illi
1798 4073 1936 4140 Mpv
2044 4073 2109 4126 14
2145 4071 2364 4139 inquam
2401 4089 2503 4126 om.
2540 4072 2674 4140 va

378 4165 445 4216 15
485 4160 765 4215 irriserunt
794 4179 837 4229 p
962 4159 1072 4228 ipse
1110 4177 1211 4214 om.
1252 4161 1325 4214 M
1443 4162 1508 4215 18
1544 4159 1769 4213 sortasse
1806 4160 1904 4214 Mo
2037 4161 2102 4214 19
2139 4157 2404 4226 quidlibet
2441 4159 2562 4212 Mv:
2599 4161 2668 4226 ef.

372 4247 429 4318 §.
458 4253 493 4302 6
527 4253 577 4302 et
612 4265 731 4318 cap.
757 4251 842 4316 15,
866 4252 901 4302 4
1006 4249 1073 4302 22
1109 4263 1279 4300 unum
1317 4249 1499 4300 tamen
1524 4248 1624 4302 Mo
1727 4249 1796 4302 23
1833 4251 1888 4312 et
1922 4245 1980 4298 in
2015 4243 2236 4316 ecclesia
2252 4263 2298 4314 p
2403 4247 2470 4299 25
2507 4260 2668 4313 quam

373 4353 479 4391 om.
527 4335 625 4404 ΝΡ
766 4332 1023 4403 quiddam
1060 4351 1105 4404 p
1248 4333 1410 4386 facias
1456 4335 1522 4388 N
1561 4334 1697 4401 (non
1733 4334 1802 4402 p)
1863 4333 1872 4351 ⁴
1942 4335 2012 4388 26
2057 4332 2147 4400 qui
2193 4350 2292 4388 om.
2333 4332 2400 4386 N
2439 4332 2573 4399 (non
2603 4333 2671 4401 p)

374 4423 445 4478 29
482 4423 565 4474 est
600 4420 691 4474 illa
720 4439 763 4491 p
870 4421 1035 4490 inqua
1072 4422 1137 4476 N
1238 4423 1305 4476 30
1342 4423 1690 4489 persecuntur
1723 4421 1894 4489 NMp
1999 4422 2063 4475 31
2105 4418 2384 4472 exorrescis
2423 4421 2498 4473 M
