3167 4975
2610 480 2663 535 V

361 656 676 731 occurrat,
725 652 910 717 facile.
941 651 1072 715 fieri
1107 653 1313 734 pot-uit
1347 656 1416 717 ut
1448 652 1554 733 qui
1590 652 1722 715 eius
1754 668 1943 733 opera
1984 650 2187 715 obiter
2232 653 2481 715 tantum
2516 649 2663 715 atti-

360 761 548 840 gerat
587 758 662 820 de.
695 756 952 839 Scythia
991 776 1134 819 eum
1179 761 1502 838 tamquam
1547 757 1623 820 de
1664 757 1865 839 patrio
1908 756 2039 821 solo
2080 756 2249 837 loqui
2280 755 2659 837 opinaretur.

455 862 820 927 Admodum
867 862 1234 925 adulescens
1268 862 1608 925 Cassianus
1656 880 1799 925 cum
1846 860 2212 926 Germano
2261 859 2460 924 amico
2510 863 2662 923 natu

365 967 672 1050 maiorel)
719 966 946 1030 intima
991 966 1418 1030 familiaritate
1467 965 1591 1029 sibi
1637 964 1991 1047 deuincto²)
2039 966 2105 1029 in
2152 964 2473 1029 Orientem
2520 983 2663 1046 pro-

365 1071 576 1134 fect-us
637 1074 754 1151 est,
817 1088 888 1135 eo
935 1071 1199 1135 fort-asse
1246 1069 1526 1150 consilio,
1589 1074 1660 1135 ut
1721 1070 2119 1154 perlustratis
2176 1087 2249 1133 ac
2310 1068 2661 1152 conspectis

365 1176 524 1239 locis
573 1176 810 1239 sanctis
857 1174 922 1239 in
967 1175 1266 1258 religione
1299 1174 1837 1240 confirmarentur.
1855 1175 1904 1258 ³)
1973 1178 2139 1238 certe
2186 1174 2249 1238 in
2282 1173 2663 1237 monasterio

367 1280 769 1359 Bethlehem,
831 1281 993 1362 quod
1055 1297 1248 1363 prope
1293 1280 1504 1344 natale
1549 1281 1755 1344 solum
1819 1278 2054 1344 domini
2109 1282 2461 1342 extructum
2509 1282 2661 1357 erat,

367 1384 612 1466 aliquot
659 1401 855 1448 annos
902 1383 1269 1449 commorat-i
1317 1388 1482 1448 sunt.
1503 1384 1553 1469 ⁴)
1604 1383 1837 1447 ibidem
1870 1383 2211 1448 Cassianus
2258 1383 2449 1448 etiam
2482 1383 2665 1447 insti-

368 1488 648 1553 tutiones
708 1490 1230 1553 monasteriorum
1295 1488 1487 1553 totius
1535 1487 1809 1554 Orientis
1872 1488 2221 1553 accuratius
2276 1488 2587 1571 cognouit.
2613 1485 2662 1570 ⁵)

365 1612 496 1675 qua
541 1612 688 1657 uero
734 1610 924 1657 causa
971 1592 1222 1657 adduct-i
1270 1592 1418 1674 sint,
1467 1595 1538 1658 ut
1583 1592 1649 1657 in
1694 1593 2057 1676 Aegyptum
2103 1591 2661 1674 proficiscerentur,

365 1699 504 1780 ipse
537 1698 602 1762 in
636 1696 810 1762 Conl.
839 1698 950 1777 XI,
977 1716 1110 1781 cap.
1145 1697 1174 1759 1
1211 1698 1481 1762 dilucide
1515 1702 1755 1762 narrat:
1800 1694 1959 1761 Cum
1990 1696 2062 1759 in
2092 1694 2389 1759 coenobio
2422 1694 2663 1781 Syriae

367 1800 781 1865 emisistentcs
819 1810 972 1885 post
1008 1800 1240 1885 prima
1268 1800 1440 1883 fidei
1471 1800 1851 1865 rudimenta
1880 1798 2369 1864 succedentibus
2401 1799 2663 1885 aliqua-

367 1914 561 1968 tenus
615 1905 1030 1969 incrementis
1087 1905 1399 1969 maio-rem
1447 1903 1881 1991 perfectionis
1938 1905 2319 1969 desiderare
2375 1904 2665 1991 qratiam

367 2009 816 2095 coepissemus,
871 2010 1222 2073 statuimus
1279 2007 1621 2095 confestim
1665 2009 2029 2097 Aeyyptnm
2073 2018 2295 2095 petere
2348 2032 2423 2072 ac
2468 2032 2665 2073 remo-

371 2114 632 2177 tissima
679 2114 876 2178 etiam
930 2113 1288 2178 Thebaidos
1347 2116 1596 2179 heremo
1634 2124 1986 2200 penetrata
2030 2124 2403 2178 sanctorum
2438 2113 2663 2199 pluri-

369 2241 527 2297 mos,
573 2241 852 2304 quorum
895 2218 1178 2306 yloriam
1209 2218 1411 2305 fama
1445 2242 1576 2303 per
1622 2219 1947 2283 uniuersa
1994 2217 2383 2304 diffuderat,
2428 2219 2492 2281 si
2534 2241 2663 2281 non

367 2323 772 2402 aemulandi,
833 2324 1056 2387 saltim
1114 2323 1504 2411 aynoscendi
1554 2324 1779 2387 studio
1838 2323 2147 2387 inuisere.
2226 2324 2661 2409 peregrinandi

368 2434 584 2494 autem
640 2433 917 2514 pot-estas
973 2430 1224 2514 utrique
1281 2448 1318 2495 a
1372 2429 1723 2495 senioribus
1772 2429 2137 2495 monasterii
2184 2448 2258 2494 ea
2304 2428 2664 2494 condicione

371 2537 540 2600 sacta
585 2539 700 2614 est,
748 2539 820 2599 ut
865 2535 1456 2619 congregationibus
1489 2535 1763 2620 Aegypti
1809 2535 2233 2599 celeberrimis
2264 2535 2662 2617 perlustratis

367 2641 590 2704 statim
635 2641 928 2706 redirent.
947 2641 996 2724 ὅ)
1055 2641 1246 2724 igitur
1292 2659 1329 2705 a
1372 2644 1554 2724 portu
1605 2641 1899 2723 quopiam
1943 2639 2155 2723 Syriae
2196 2657 2359 2704 naue
2398 2639 2661 2722 profecti

367 2745 448 2808 ad
509 2743 808 2827 oppidum
855 2744 1282 2825 Thennesum,
1343 2745 1508 2826 quod
1571 2746 1734 2810 ostio
1794 2744 1923 2809 Nili
1970 2744 2256 2809 Tanitico
2318 2743 2663 2824 adiacebat,

367 2849 764 2932 appulerunt.
790 2848 840 2932 7)
903 2849 990 2913 ibi
1051 2853 1188 2913 tum
1246 2849 1406 2914 forte
1453 2847 1809 2913 Archebius
1872 2849 2200 2932 episcopus
2252 2848 2665 2932 PanephysiS,

369 2952 478 3035 qui
510 2957 698 3018 antea
727 2973 836 3036 per
869 2954 1130 3037 triginta
1161 2957 1403 3036 septem
1437 2971 1635 3018 annos
1668 2955 1869 3018 uitam
1903 2952 2407 3018 anachoreticam
2431 2957 2663 3035 egerat,

369 3057 645 3141 episcopi
678 3057 950 3142 eligendi
981 3076 1172 3122 causa
1203 3058 1434 3122 aderat.
1455 3057 1503 3141 q)
1551 3057 1630 3122 ab
1666 3077 1735 3122 eo
1770 3059 1988 3122 statim
2020 3058 2096 3122 ad
2129 3057 2430 3141 oppidum
2460 3057 2664 3120 Pane-

367 3161 600 3244 physin
655 3162 907 3226 deducti
969 3166 1137 3242 sunt,
1199 3163 1264 3226 in
1326 3162 1504 3226 cuius
1566 3162 1835 3228 confinio
1897 3162 2143 3245 oppidis
2190 3165 2253 3226 et
2307 3161 2465 3226 uicis
2510 3161 2664 3226 olim

367 3265 720 3332 abundanti
779 3271 930 3331 tunc
991 3267 1292 3350 temporis
1336 3267 1580 3331 insulae
1629 3267 1867 3350 aliquot
1913 3267 2195 3334 desertae
2243 3271 2442 3346 erant,
2504 3285 2663 3348 quae

367 3371 615 3454 stagnis
663 3371 848 3435 salsis
893 3372 1309 3436 circumfusae
1357 3371 1752 3436 anachoretis
1801 3371 2217 3436 desideratam
2258 3370 2663 3436 solitudinem

366 3475 774 3559 praebebant.
824 3475 888 3540 in
921 3476 1010 3540 eis
1043 3479 1170 3540 tres
1205 3495 1406 3556 seneS,
1455 3475 1865 3555 Chaeremon,
1912 3475 2231 3555 NesterOS,
2276 3474 2505 3558 Ioseph
2550 3475 2664 3540 ha-

365 3579 682 3660 bitabant,
745 3599 1010 3662 quorum
1071 3581 1422 3644 doctrinam
1479 3578 1819 3644 Cassianus
1882 3583 2125 3662 septem
2187 3578 2662 3644 Conlationibus

463 3825 500 3890 ¹)
538 3821 686 3877 Conl.
713 3821 898 3886 XIIII,
923 3825 971 3886 9,
997 3825 1046 3878 4.

459 3911 500 3976 ²)
537 3909 687 3964 Conl.
715 3911 760 3974 I,
789 3914 842 3974 13
869 3910 1010 3974 XVI,
1040 3912 1084 3965 1.

459 4000 502 4062 ³)
542 3998 676 4052 Inst.
705 3997 806 4062 ΙΙΙ,
829 4001 879 4062 4,
910 4001 954 4054 1.
995 3997 1142 4052 Conl.
1171 3997 1314 4062 XVI,
1343 4001 1386 4055 1.

457 4085 499 4152 ⁴)
535 4085 672 4138 Inst.
695 4085 798 4148 111,
825 4087 874 4148 4,
905 4088 961 4149 1;
1000 4084 1128 4148 1111,
1155 4089 1239 4140 31.
1277 4083 1426 4140 Conl.
1455 4083 1548 4148 XI,
1579 4087 1623 4140 l.
1650 4088 1708 4146 53
1746 4083 1976 4146 XVIIII,
2010 4087 2053 4148 1,
2081 4089 2137 4145 3;
2174 4083 2289 4146 XX,
2321 4086 2364 4146 1,
2392 4087 2438 4138 5.

458 4175 500 4240 ⁵)
537 4171 672 4226 Inst.
697 4171 772 4234 11,
797 4175 848 4227 8.
873 4171 1005 4235 IHI,
1035 4175 1114 4227 19.
1143 4171 1204 4236 V,
1232 4174 1316 4228 24.

455 4261 499 4326 ⁶)
538 4258 690 4314 Conl.
715 4257 888 4323 XVII,
914 4262 963 4321 2,
989 4262 1021 4314 2
1059 4259 1152 4314 fin.

457 4347 498 4416 ⁷)
539 4345 690 4400 Conl.
717 4345 810 4410 XI,
840 4348 886 4401 1.

455 4435 496 4502 ε’)
535 4431 692 4490 Conl.
715 4432 808 4498 XI,
835 4435 885 4489 2.
