3167 4975
489 418 576 483 40
1299 420 1617 474 Iohannis
1663 419 1966 474 Cassiani

576 595 651 659 V.
702 593 896 660 Cuius
944 596 1388 661 sollemnitatis
1442 595 1604 660 ratio
1651 615 1761 662 0111
1809 601 2050 662 statuta
2096 599 2181 662 sit
2228 599 2326 662 uel
2371 599 2652 682 inuenta,
2713 603 2779 665 in

488 702 609 766 hac
666 701 993 785 prouincia
1036 702 1324 773 nonnulli
1383 702 1746 786 ignorantes
1808 702 2070 786 expletis
2135 704 2464 768 matutinis
2526 705 2778 789 hymnis

486 824 739 871 rursum
782 809 1185 871 reuertuntur
1233 807 1310 871 ad
1356 824 1673 888 somnum,
1728 807 1792 870 in
1839 806 2016 870 illam
2061 825 2318 872 causam
2365 808 2778 875 nihilominus

489 910 857 992 incidenteS,
919 909 996 975 ob
1044 929 1237 992 quam
1292 912 1795 995 conpescendam
1855 913 2011 976 haec
2057 929 2094 976 a
2139 911 2488 978 senioribus
2544 915 2775 980 nostris

488 1015 880 1080 sollemnitas
926 1015 1223 1081 instituta
1269 1019 1385 1080 est.
1456 1017 1566 1080 illa
1610 1034 1883 1098 namque
1937 1017 2094 1082 hora
2139 1036 2279 1082 eam
2339 1035 2778 1084 consummare
2857 1035 2883 1075 ⁵

488 1119 811 1201 festinant,
860 1138 985 1203 qua
1013 1121 1592 1205 neglegentioribus
1637 1122 1976 1204 minusque
2022 1122 2308 1187 sollicitis
2337 1141 2592 1187 rursum
2639 1125 2778 1188 dor-

488 1224 725 1289 miendi
784 1226 1083 1289 reddatur
1146 1225 1410 1290 occasio,
1486 1227 1652 1309 quod
1705 1227 2085 1291 omnimodis
2146 1226 2281 1291 fieri
2325 1245 2452 1292 non
2512 1231 2776 1312 oportet,

490 1330 653 1394 sicut
716 1331 783 1395 in
844 1330 1161 1413 superiore
1225 1331 1438 1396 libello
1508 1331 1934 1397 describentes
1995 1331 2452 1417 Aegyptiorum
2513 1334 2776 1417 synaxin

484 1435 734 1519 plenius
804 1434 1225 1519 exposuimus,
1300 1455 1380 1500 110
1447 1435 1950 1520 purificationem
2026 1441 2310 1503 nostram
2385 1438 2776 1504 confessione

488 1540 755 1623 supplici
816 1543 879 1604 et
938 1540 1330 1604 antelucanis
1391 1541 1780 1606 orationibus
1843 1540 2224 1624 adquisitam
2285 1543 2388 1607 uel
2449 1561 2776 1627 emergens
2831 1562 2882 1601 ιο

487 1644 797 1727 quaedam
840 1644 1261 1710 redundantia
1318 1663 1613 1710 umorum
1659 1646 2043 1710 naturalium
2103 1647 2347 1730 polluat
2391 1647 2494 1712 uel
2546 1647 2776 1713 inlusio

488 1753 847 1832 corrumpat
876 1749 1137 1831 inimici,
1184 1749 1288 1814 uel
1319 1753 1487 1814 certe
1517 1751 1912 1816 intercedens
1959 1751 2150 1815 etiam
2181 1751 2322 1835 puri
2369 1769 2440 1816 00
2473 1752 2776 1836 simplicis

490 1855 693 1920 somni
724 1854 983 1919 refectio
1015 1855 1438 1940 interrumpat
1468 1855 1727 1938 spiritus
1758 1855 1957 1921 nostri
1989 1857 2302 1921 feruorem
2333 1875 2406 1921 ac
2429 1857 2776 1941 tepefactos

486 1960 691 2025 somni
742 1963 991 2044 torpore
1049 1979 1161 2044 per
1206 1963 1413 2025 totum
1460 1961 1581 2024 diei
1629 1961 1904 2044 spatium
1965 1961 2199 2026 inertes
2245 1961 2536 2046 deinceps
2597 1962 2776 2045 igna-

488 2084 724 2147 uosque
770 2065 1077 2148 traducat.
1150 2065 1315 2147 quod
1360 2063 1660 2149 Aegyptii
1703 2083 1786 2129 ne
1830 2065 2172 2146 incurrant,
2221 2071 2284 2130 et
2328 2067 2582 2148 quidem
2630 2085 2776 2131 cum
2829 2083 2881 2126 15

486 2171 729 2234 soleant
774 2169 962 2234 certis
1004 2168 1395 2252 temporibus
1442 2170 1634 2234 etiam
1681 2171 1826 2233 ante
1872 2171 2184 2254 gallorum
2215 2173 2472 2235 cantum
2519 2189 2777 2236 consur-

485 2293 651 2358 gere,
714 2275 911 2338 missa
955 2275 1257 2338 canonica
1300 2273 1618 2338 celebrata
1661 2292 1862 2356 usque
1907 2274 1985 2338 ad
2037 2274 2244 2338 lucem
2289 2278 2435 2359 post
2478 2276 2636 2340 haec
2681 2277 2776 2340 ui-

483 2379 668 2462 gilias
732 2379 1097 2459 extendunt,
1165 2381 1238 2442 ut
1296 2395 1401 2442 eos
1464 2379 1916 2461 superueniens
1976 2380 2083 2442 lux
2153 2381 2470 2444 matutina
2528 2381 2595 2445 in
2657 2381 2776 2445 hoc

483 2484 727 2548 feruore
775 2483 1033 2566 spiritus
1072 2482 1387 2567 repperiat
1432 2483 1810 2548 constitutos
1858 2502 1931 2549 00
1958 2503 2071 2567 per
2117 2488 2322 2551 totum
2369 2485 2491 2549 diei
2523 2490 2773 2570 tempus

483 2588 893 2652 feruentiores
926 2588 1445 2671 sollicitioresque
1476 2588 1810 2670 custodiat,
1850 2594 2253 2673 praeparatos
2286 2608 2391 2655 eos
2423 2591 2774 2674 suscipiens
2827 2610 2880 2649 20

486 2693 563 2757 ad
610 2691 971 2756 conflictum
1032 2696 1097 2757 et
1141 2696 1359 2757 contra
1418 2692 1710 2757 diurnam
1757 2694 2287 2758 conluctationem
2334 2694 2567 2760 diaboli
2627 2713 2774 2761 noc-

480 2800 813 2863 turnarum
860 2796 1153 2861 exercitio
1184 2796 1544 2881 uigiliarum
1592 2816 1666 2861 ac
1713 2797 1982 2881 spiritali
2015 2798 2424 2863 meditatione
2469 2799 2768 2865 firmatos

570 2902 677 2965 VI.
727 2901 893 2965 Illud
948 2918 1195 2983 quoque
1241 2919 1427 2966 nosse
1474 2902 1777 2966 debemus
1833 2903 1991 2967 1111111
2039 2920 2076 2967 0
2121 2905 2352 2969 nostris
2399 2904 2771 2987 senioribuS‚

482 3006 591 3089 qui
644 3006 809 3070 hanc
856 3006 1119 3070 eandem
1180 3005 1561 3071 matutinam
1610 3008 2101 3071 sollemnitatem
2149 3008 2294 3072 addi
2353 3008 2580 3073 debere
2625 3028 2771 3074 een-

482 3114 763 3191 suerunt,
824 3111 901 3174 de
946 3112 1208 3192 antiqua
1249 3111 1640 3195 psalmorum
1695 3112 2146 3176 consuetudine
2190 3113 2598 3195 inmutatum,
2661 3116 2770 3179 sed
2823 3130 2876 3172 25

482 3216 699 3280 eodem
746 3215 961 3279 ordine
1006 3215 1271 3278 missam
1312 3233 1433 3297 quo
1479 3216 1652 3298 prius
1699 3216 1764 3279 in
1812 3217 2134 3281 nocturnis
2168 3218 2583 3282 conuentibus
2629 3238 2771 3303 per-

478 3323 668 3403 petuo
729 3318 1129 3384 celebratam.
1207 3320 1441 3384 etenim
1502 3319 1792 3401 hymnoS,
1859 3339 2014 3402 quos
2076 3322 2142 3385 in
2204 3322 2325 3386 hac
2375 3323 2630 3407 regione
2692 3324 2770 3387 ad

479 3425 860 3489 matutinam
909 3443 1203 3507 excepere
1249 3424 1765 3506 sollemnitatem,
1822 3425 1889 3489 in
1934 3425 2059 3490 fine
2114 3431 2562 3492 nocturnarum
2609 3428 2770 3512 uigi-

687 3562 745 3632 s]
780 3561 857 3628 Π,
886 3564 965 3618 13.

568 3688 593 3741 1
632 3702 747 3741 mm
783 3684 1130 3755 distinyuwnt
1168 3684 1292 3739 GH
1406 3688 1439 3740 2
1475 3686 1749 3754 prouintia
1789 3686 1840 3742 G
1964 3687 2181 3757 hymnis
2223 3686 2325 3742 6¹.-
2358 3687 2536 3756 ymnis
2577 3688 2720 3742 (3211
2722 3690 2768 3743 L

476 3777 510 3830 3
548 3788 799 3827 sumnum
822 3772 901 3827 L¹
1008 3771 1143 3825 nihil
1178 3772 1357 3825 minus
1381 3773 1434 3827 L
1538 3776 1573 3828 4
1609 3773 1916 3828 incedentes
1946 3776 2076 3829 G¹L
2181 3774 2656 3843 concupiscendam
2685 3778 2768 3831 Ηι

478 3860 674 3915 nostris
710 3878 811 3916 om.
844 3860 896 3915 G
1000 3862 1033 3915 5
1068 3858 1221 3912 illam
1251 3858 1325 3915 G¹
1431 3862 1464 3915 6
1502 3860 1698 3930 neglig.
1730 3863 1806 3918 G²
1912 3866 1945 3919 8
1982 3862 2406 3931 01111011011111,2
2476 3862 2655 3931 superi
2692 3864 2768 3918 121

475 3948 614 4002 libro
652 3948 721 4002 H
844 3945 1049 4000 sinaxin
1086 3947 1156 4001 H
1276 3948 1309 4001 9
1346 3948 1711 4017 expossuimus
1753 3950 1837 4004 Η1
1969 3966 2071 4003 110.
2104 3993 2114 4003 .
2145 3993 2154 4002 .
2195 3952 2260 4005 15
2296 3948 2546 4004 traducat
2579 3968 2680 4005 om,
2709 3952 2778 4005 H

480 4037 543 4092 11
580 4034 952 4089 habundantia
985 4036 1040 4089 L
1158 4034 1449 4088 humorum
1490 4036 1620 4090 G²L
1731 4036 1944 4106 pulluat
1977 4038 2053 4092 L¹
2188 4040 2252 4094 13
2289 4037 2500 4106 sompni
2537 4038 2606 4107 L,
2645 4040 2772 4093 item

476 4124 633 4192 infra
775 4124 839 4178 15
886 4122 1219 4175 incurrerent
1263 4122 1316 4175 L
1446 4126 1500 4176 et
1536 4122 1754 4191 quidem
1794 4124 1951 4178 (ΗΡ.-
1996 4124 2214 4192 quidem
2257 4125 2332 4178 L¹
2465 4124 2664 4178 etenim
2709 4127 2778 4180 H

480 4212 543 4265 16
581 4208 801 4262 caeteris
836 4210 889 4263 L
998 4211 1062 4265 19
1099 4208 1331 4277 reperiat
1372 4210 1447 4265 6²
1552 4214 1616 4265 21
1659 4210 1908 4265 diurnam
1944 4229 2079 4267 eras.
2115 4215 2180 4267 in
2216 4213 2268 4267 G
2377 4211 2580 4266 diabuli
2605 4214 2768 4267 H¹L¹

476 4299 543 4351 22
579 4296 891 4365 uigiliarum
928 4296 1173 4351 exercitio
1196 4298 1251 4352 L
1356 4300 1425 4353 23
1450 4298 1556 4351 VII
1582 4300 1652 4353 H
1750 4302 1818 4355 26
1853 4299 2096 4353 ordinem
2119 4300 2197 4355 L¹
2303 4303 2369 4356 27
2395 4316 2586 4369 ymnos
2613 4302 2766 4355 codd.

475 4386 543 4440 28
581 4383 815 4453 excipere
856 4384 1049 4438 G¹HL
