3167 4975
543 412 810 470 LXXVI

535 582 736 646 horat.
818 581 985 665 quod
1030 584 1104 645 ut
1147 580 1376 645 saltem
1423 579 1725 663 exemplis
1788 579 2251 643 demonstretur
2294 614 2381 624 -
2426 594 2577 641 nam
2622 576 2835 639 omnia

537 686 829 770 persequi
874 687 1137 771 longum
1181 686 1280 749 est
1323 720 1408 729 —
1455 684 1709 749 omissis
1754 684 1845 747 eis
1890 683 2065 763 loeiS,
2128 680 2357 765 quibus
2404 682 2507 745 uel
2568 682 2831 745 lacunae

539 794 844 874 apparent
887 790 989 854 uel
1035 788 1233 854 uerba
1277 789 1539 854 traiecta
1585 791 1755 869 sunt,
1802 789 1879 853 de
1924 784 2513 872 interpolationibus
2572 786 2831 869 quibus-

537 895 682 959 dam
729 893 1083 978 insignibus
1130 893 1530 959 disseremus,
1579 893 1633 973 Ι,
1664 890 1727 974 2,
1759 890 1800 954 2
1846 891 2184 976 legendum
2232 910 2376 956 eum
2426 888 2569 976 Np:
2618 888 2829 952 Euno-

535 996 706 1061 mius
739 1050 753 1062 .
791 1044 806 1060 .
841 1044 856 1060 .
893 996 1040 1061 licet
1083 994 1366 1061 similem
1394 995 1526 1060 sibi
1558 994 1863 1059 diuinam
1892 1018 2021 1059 esse
2052 995 2411 1059 asseruerit
2444 994 2829 1072 trinitatem,

533 1102 872 1165 diuersam
931 1112 1142 1165 tamen
1203 1124 1246 1165 a
1304 1122 1370 1165 se
1430 1100 1776 1165 contendit.
1855 1105 2076 1168 eontra
2133 1102 2199 1167 in
2244 1100 2331 1163 Μ
2379 1101 2536 1167 haee
2582 1105 2827 1166 extant:

536 1206 683 1270 licet
725 1204 1002 1271 similem
1045 1204 1178 1271 sibi
1210 1205 1575 1270 trinitatem
1606 1206 1680 1269 in
1720 1206 2081 1269 diuinitate
2112 1226 2241 1269 esse
2270 1204 2593 1286 concedat,
2640 1226 2827 1291 equa-

533 1309 655 1375 lem
699 1320 914 1374 tamen
957 1332 1088 1374 non
1133 1332 1262 1375 esse
1307 1310 1653 1374 contendit.
1702 1348 1786 1357 -—
1817 1312 1868 1392 Ι,
1902 1308 1963 1393 5,
1996 1308 2037 1375 5
2082 1309 2273 1373 nouit
2320 1309 2477 1374 deus
2522 1310 2663 1375 sine
2714 1310 2829 1373 sui

529 1415 952 1501 corruptione
995 1415 1255 1479 misceri
1301 1425 1358 1479 et
1405 1425 1619 1479 tamen
1650 1415 1723 1478 in
1754 1415 2039 1479 ueritate
2068 1414 2350 1492 misceri,
2398 1424 2457 1479 et
2496 1414 2597 1477 ita
2624 1414 2828 1479 susci-

519 1542 700 1605 pere,
762 1530 839 1583 ut
881 1519 1059 1583 nihil
1105 1520 1166 1583 ei
1211 1530 1456 1584 crescat
1503 1520 1851 1606 auymenti.
1927 1539 2038 1605 pro
2086 1529 2146 1583 et
2204 1519 2303 1583 ita
2362 1522 2430 1585 in
2477 1518 2560 1581 M
2594 1520 2825 1605 legitur

526 1625 717 1688 nouit
755 1626 830 1688 in
858 1648 924 1691 se
955 1626 1072 1689 ita.
1107 1664 1192 1673 -
1223 1627 1274 1706 Ι,
1306 1625 1368 1707 5,
1403 1625 1442 1689 6
1479 1624 1591 1711 Np
1622 1629 1792 1691 reete
1826 1626 2123 1691 exhibent
2154 1623 2476 1709 conflatili
2520 1623 2823 1709 quodam-

527 1728 710 1793 modo
740 1752 984 1817 qenere,
1032 1730 1116 1793 M
1137 1729 1507 1815 conflatilia
1537 1729 1764 1816 aliquo
1798 1730 1983 1793 modo
2014 1728 2123 1794 uel
2162 1752 2404 1816 qenere.
2454 1766 2538 1777 —-
2568 1731 2652 1811 II,
2686 1728 2747 1811 5,
2786 1730 2817 1791 1

526 1856 914 1921 quamquam
949 1834 1060 1920 ΝΡ
1091 1840 1280 1918 reete,
1313 1857 1704 1921 quamquam
1735 1835 1893 1920 quia
1924 1834 2019 1898 M.
2060 1873 2135 1881 —-
2168 1836 2286 1916 III,
2320 1834 2381 1916 6,
2412 1834 2457 1897 4
2484 1839 2667 1920 rogat
2696 1834 2821 1899 Ne-

525 1941 790 2005 storium
823 1940 1163 2006 Cassianus
1209 1941 1360 2023 quid
1407 1941 1689 2006 facturus
1736 1944 1923 2021 esset,
1972 1941 2026 2005 si
2072 1942 2129 2005 ei
2176 1940 2465 2005 similiter
2510 1944 2583 2005 ut
2622 1941 2820 2005 Paulo

525 2046 808 2128 apostolo
853 2045 1146 2110 dominus
1193 2045 1402 2110 subito
1447 2046 1689 2110 lumine
1734 2046 1947 2110 diuino
1996 2045 2200 2109 clarus
2247 2048 2617 2129 appareret?
2664 2064 2820 2109 num

525 2149 844 2214 dubitaret
887 2150 1212 2215 dominum
1259 2154 1324 2215 et
1369 2168 1705 2235 agnoscere
1753 2156 1817 2215 et
1860 2150 2051 2215 deum
2090 2149 2414 2215 confiteri?
2481 2148 2589 2211 dic
2632 2149 2818 2229 mihi,

523 2274 778 2338 quaem,
839 2255 1064 2337 inquit,
1123 2255 1188 2318 si
1233 2264 1291 2318 te
1345 2254 1793 2341 inopinantem
1820 2253 2065 2341 fulqor
2112 2253 2229 2319 ille
2273 2254 2713 2319 circumda-ret
2757 2264 2819 2319 et

512 2356 898 2443 perculsum
943 2368 1134 2444 atque
1170 2359 1607 2445 perterritum
1665 2358 1979 2445 splendor
2024 2359 2302 2423 inmensi
2348 2358 2619 2423 luminis
2676 2382 2815 2423 con-

519 2471 846 2527 sternaret
889 2462 1252 2548 iacere-sque
1298 2463 1370 2528 in
1417 2463 1697 2530 tenebris
1744 2463 2083 2531 oculorum
2122 2474 2313 2551 atque
2344 2486 2649 2530 errorum
2680 2474 2815 2528 tuo-

521 2589 690 2645 rum,
735 2589 898 2652 qaas
946 2567 1072 2632 tibi
1115 2569 1445 2634 inmensus
1491 2580 1551 2634 et
1596 2568 1960 2656 ineffabilis
1996 2592 2224 2656 pauor
2267 2570 2496 2634 mentis
2528 2579 2811 2657 anyer-et,
2924 2643 2929 2650 ‚

520 2721 536 2735 .
571 2721 586 2735 .
623 2719 636 2736 .
669 2672 835 2757 quid
879 2672 1163 2738 diceres?
1225 2693 1370 2740 cum
1429 2677 1496 2741 in
1548 2677 1887 2760 archetypo
1943 2695 2053 2760 pro
2115 2676 2443 2740 inmensus
2505 2676 2811 2760 seriptum

520 2778 747 2843 fuisset
791 2777 1135 2857 inmensas,
1182 2781 1248 2844 in
1293 2781 1536 2846 familia
1565 2779 1645 2842 M
1672 2781 2069 2864 ineptissima
2098 2782 2578 2865 interpolatione
2624 2799 2809 2846 uoca-

517 2881 740 2947 bulum
786 2883 1128 2969 anqustias
1175 2888 1321 2950 ante
1357 2905 1585 2970 pauor
1617 2885 1922 2966 additum,
1970 2883 2331 2972 ineffabilis
2363 2905 2511 2951 uero
2544 2887 2609 2951 in
2640 2884 2809 2971 inef-

502 2983 762 3070 fabiles
793 2991 1108 3054 mutatum
1143 2995 1255 3054 est.
1289 3027 1376 3036 —
1406 2991 1492 3072 II,
1519 2989 1578 3072 7,
1604 2989 1646 3052 2
1677 2991 1745 3055 in
1772 2988 1884 3075 ΝΡ
1908 2995 2077 3056 reete
2102 2990 2475 3076 disparatio
2500 2992 2807 3076 seriptum
2840 3001 2855 3012 ·

517 3095 707 3173 extat,
731 3093 797 3158 in
813 3091 900 3154 M
911 3091 1350 3179 disseparatio
1376 3092 1685 3178 dispatiO.
1709 3131 1797 3142 -—
1818 3096 1903 3175 II,
1924 3095 1983 3176 7,
2002 3095 2041 3160 3
2063 3115 2177 3179 pro
2199 3093 2710 3180 inseparabilem
2732 3097 2819 3160 Μ

515 3195 768 3262 exhibet
795 3197 1114 3284 yeminam
1133 3197 1422 3283 penitus.
1447 3237 1533 3244 —
1557 3201 1641 3282 H,
1668 3199 1727 3281 7,
1754 3200 1794 3263 6
1814 3199 1921 3263 M:
1951 3199 2233 3264 alterum
2256 3202 2424 3264 enim
2443 3200 2503 3287 <6
2528 3201 2809 3288 duobus>

498 3298 662 3383 fieri
690 3321 932 3364 necesse
977 3311 1087 3380 est,
1133 3303 1217 3384 H,
1250 3301 1310 3384 8,
1345 3302 1385 3366 2
1431 3325 1583 3367 caro
1629 3323 1741 3388 pro
1786 3315 2009 3369 mater.
2042 3343 2129 3352 -—
2158 3307 2275 3388 III,
2313 3305 2388 3369 11
2437 3327 2549 3391 pro
2596 3309 2805 3374 uerbis

513 3403 630 3488 qui
659 3402 894 3469 habere
931 3428 1026 3470 me
1057 3406 1307 3495 forsan
1347 3407 1516 3472 alios
1546 3431 1825 3494 quorum
1852 3419 2014 3473 utar
2056 3411 2437 3476 testimoniis
2466 3433 2597 3475 non
2629 3412 2803 3476 arbi-

514 3508 724 3572 traris
777 3509 865 3572 M
897 3511 1187 3595 praebet:
1249 3513 1410 3596 quia
1453 3512 1689 3578 habere
1733 3536 1830 3578 me
1860 3514 2109 3601 forsan
2161 3526 2513 3601 praeterea
2565 3517 2803 3603 quibus

513 3634 672 3676 usus
695 3635 840 3676 sum
867 3615 1232 3680 testimonia
1255 3639 1385 3680 non
1407 3615 1794 3682 arbitraris.
1828 3657 1899 3666 -·-
1928 3622 2047 3701 III,
2077 3619 2176 3704 15,
2202 3621 2242 3685 3
2268 3623 2607 3688 Cassianus
2638 3625 2803 3690 inter

513 3717 781 3784 uirtutes
828 3721 1094 3803 apostoli
1125 3722 1298 3786 Petri
1343 3725 1665 3806 praedicat
1692 3723 2127 3790 innocentiam
2148 3728 2458 3812 peritam,
2506 3748 2540 3792 e
2571 3729 2799 3811 quibus

511 3822 723 3887 uerbis
753 3823 820 3889 in
851 3823 938 3886 M
956 3825 1197 3890 factum
1229 3831 1326 3891 est
1355 3826 1749 3892 innocentem
1768 3830 2113 3914 periciam.
2156 3871 2227 3879 —
2271 3833 2423 3914 1111,
2454 3832 2515 3914 6,
2548 3832 2589 3897 3
2636 3834 2801 3899 inter

511 3927 896 3992 memorauit
957 3933 1020 3995 et
1081 3929 1248 3994 audi
1291 3931 1378 3994 M
1412 3932 1569 3998 haee
1615 3933 1808 3999 uerba
1854 3936 2063 4002 neseio
2108 3939 2273 4002 unde
2318 3939 2519 4021 petita
2575 3937 2797 4004 habet:

519 4028 922 4115 Oportuerat
967 4032 1186 4118 itaque
1230 4036 1524 4120 quisquis
1571 4059 1653 4102 es.
1710 4037 1765 4102 Ο
1810 4040 2005 4123 (siel).
2038 4077 2125 4088 -—-
2155 4041 2232 4122 V,
2258 4040 2319 4122 8,
2344 4039 2387 4104 2
2432 4063 2465 4106 6
2510 4043 2798 4127 uestigiis

511 4136 796 4201 codicum
855 4139 1186 4204 meliorum
1252 4140 1532 4224 (unitati
1592 4143 1819 4207 unitas
1884 4144 1963 4209 N
1966 4150 2047 4231 ¹1),
2108 4146 2287 4210 uniti
2346 4147 2573 4210 unitas
2622 4145 2794 4235 N2a)

509 4240 758 4305 restitui
799 4241 982 4304 uniti
1013 4243 1360 4308 diuinitas.
1409 4245 1494 4308 M
1515 4268 1589 4311 ex
1634 4251 2115 4334 interpolatione
2146 4253 2405 4336 praebet
2446 4253 2578 4318 sibi
2624 4253 2799 4318 diui-

508 4342 741 4407 nitatis
787 4345 1033 4410 unitas.
