3167 4975
330 1558 384 1597 10

326 2607 381 2644 20

326 3129 381 3168 25

1005 417 1233 468 contra
1266 413 1648 469 Nestorium
1683 413 1794 469 lib.
1819 414 1914 479 VI,
1954 416 2175 471 10-12,
2605 414 2734 480 339

438 591 585 673 quia
629 594 700 655 tu
748 610 887 655 esse
931 592 1089 655 nolis
1136 590 1303 672 quod
1347 607 1565 654 omnes
1609 590 1757 671 sint,
1804 608 2024 655 omnes
2057 592 2186 655 sint
2231 593 2393 674 quod
2443 596 2512 655 tu
2544 592 2732 656 uelis:

438 694 757 778 praeclara
815 695 1111 759 uidelicet
1171 695 1529 775 auctoritaS,
1592 699 1682 777 ut,
1745 695 1892 777 quia
1935 698 2005 760 tu
2051 697 2216 778 quod
2271 714 2408 761 eras
2465 713 2590 761 non
2645 716 2734 776 eS,

440 819 577 864 esse
624 800 897 863 mundus
944 798 1191 864 desinat
1236 799 1399 881 quod
1444 799 1583 864 fuit.

522 904 634 968 XI.
684 902 803 969 Sed
849 905 1185 987 paruulum
1232 908 1295 967 te
1340 903 1626 985 forsitan,
1673 922 1816 967 cum
1847 906 2282 987 r·enasce1eriS,
2330 905 2524 969 fuisse
2555 904 2732 985 dicis,

442 1013 506 1073 et
549 1009 686 1073 ideo
734 1028 849 1073 nec
909 1026 1126 1091 sapere
1174 1012 1325 1073 tunc
1386 1027 1500 1072 nec
1557 1009 1900 1073 reclamare
1963 1009 2258 1074 ualuisse.
2339 1029 2560 1074 uerum
2607 1016 2732 1076 est:

439 1113 687 1181 obstitit
749 1113 860 1177 tibi
921 1113 1190 1178 infantia
1248 1134 1327 1177 ne
1388 1113 1876 1195 contradiceres,
1945 1114 2051 1196 qui
2113 1116 2270 1179 mori
2331 1115 2428 1179 uir
2487 1119 2733 1180 contra-

439 1218 699 1283 dicendo
760 1218 1089 1302 potuisses,
1184 1218 1335 1301 quid
1394 1218 1600 1299 enim,
1663 1220 1715 1283 si
1775 1219 1841 1283 in
1901 1220 2012 1284 illa
2070 1219 2436 1283 fidelissima
2497 1238 2568 1283 ac
2629 1221 2734 1284 de-

439 1323 771 1388 uotissima
801 1323 1034 1388 Christi
1068 1324 1351 1403 ecclesia,
1398 1342 1543 1387 cum
1590 1324 1878 1387 sacerdos
1927 1324 2286 1407 symbolum
2329 1325 2732 1407 respondenti

438 1433 502 1492 et
546 1428 920 1492 acclamanti
970 1428 1200 1511 populo
1262 1428 1361 1492 dei
1421 1427 1716 1508 traderet,
1777 1429 2036 1492 muttire
2099 1432 2166 1493 tu
2229 1429 2294 1492 in
2355 1428 2562 1510 aliquo
2624 1434 2733 1494 aut

438 1533 778 1597 reclamare
826 1535 1245 1616 temptasses?
1294 1532 1640 1597 audiendus
1679 1534 1944 1597 fortasse
1975 1534 2205 1613 fueraS‚
2255 1552 2328 1597 ac
2357 1552 2482 1599 non
2515 1535 2733 1598 statim

437 1642 510 1702 ut
570 1654 807 1701 nouum
866 1637 1131 1720 prodigii
1194 1655 1265 1701 ac
1326 1638 1592 1703 monstri
1637 1656 1836 1721 genus
1891 1638 1956 1701 in
2000 1642 2248 1721 pestem
2305 1638 2582 1721 aliquam
2629 1659 2732 1703 ex·-

437 1743 921 1824 terminiumque
982 1741 1372 1806 mittendus?
1442 1760 1567 1806 non
1629 1744 1776 1824 quia
1839 1742 2128 1824 piissima
2186 1743 2295 1807 illa
2353 1762 2426 1807 ac
2484 1743 2729 1828 religio·
2779 1754 2813 1807 2

436 1848 684 1911 sissima
711 1846 890 1929 plebs
924 1847 1022 1910 dei
1054 1846 1467 1911 contaminari
1498 1847 1601 1910 uel
1633 1847 1994 1930 impiissimi
2025 1848 2391 1929 cuiusquam
2425 1848 2730 1931 sanguine

438 1951 607 2031 uelit,
655 1952 766 2015 sed
810 1951 959 2033 quia
987 1952 1051 2015 in
1082 1952 1331 2035 magnis
1376 1953 1748 2035 plerumque
1781 1951 2040 2015 urbibus
2087 1951 2339 2017 feruens
2387 1952 2485 2016 dei
2517 1970 2728 2017 amore

354 2081 381 2120 5
436 2057 725 2140 populus,
771 2076 917 2121 cum
965 2074 1292 2140 exsurgere
1339 2060 1557 2121 contra
1603 2058 1792 2120 deum
1839 2075 2024 2121 suum
2070 2058 2434 2140 quempiam
2480 2058 2726 2139 uiderit,

436 2162 707 2225 calorem
752 2161 897 2225 fidei
942 2162 1209 2225 retinere
1264 2178 1389 2225 non
1452 2160 1645 2227 nouit.
1725 2162 1833 2225 sed
1895 2166 2058 2226 esto:
2122 2162 2355 2243 infanS,
2417 2163 2468 2227 si
2513 2166 2726 2227 tamen

433 2268 523 2330 ita
566 2270 681 2346 est,
743 2265 1165 2329 contradicere
1225 2284 1297 2329 ae
1340 2266 1686 2331 reclamare
1734 2266 2017 2349 symbolo
2079 2285 2203 2331 non
2249 2266 2554 2350 potueris:
2617 2286 2727 2331 cur

436 2371 701 2435 adultior
745 2372 869 2435 iam
914 2370 1349 2453 robustiorque
1397 2372 1688 2435 tacuisti?
1749 2370 2002 2435 creuisti
2057 2375 2222 2436 certe
2270 2375 2333 2435 et
2378 2372 2476 2434 uir
2520 2370 2724 2435 factus

436 2497 501 2540 es
548 2479 609 2540 et
640 2476 984 2541 ministerio
1018 2476 1433 2542 ecclesiastico
1480 2476 1774 2540 insertus,
1851 2497 1961 2559 per
2008 2480 2102 2542 tot
2132 2495 2277 2560 ergo
2311 2480 2568 2557 aetateS,
2614 2497 2724 2560 per
2766 2486 2808 2546 ,3

434 2585 531 2647 tot
561 2582 749 2646 officii
782 2601 854 2646 ac
886 2581 1209 2665 dignitatis
1240 2582 1471 2666 gradus
1506 2599 1852 2664 numquam
1885 2581 2208 2646 intellecta
2249 2599 2286 2646 a
2325 2586 2384 2645 te
2415 2581 2569 2645 fides
2605 2587 2722 2661 est,

435 2705 625 2770 quam
670 2687 909 2752 tamdiu
958 2690 1103 2750 ante
1144 2686 1427 2750 docuisti.
1508 2687 1839 2750 diaconum
1886 2689 2050 2750 certe
2099 2687 2232 2750 eius
2280 2690 2342 2750 te
2375 2689 2437 2750 et
2465 2685 2724 2769 presby-

436 2797 639 2856 terum
671 2793 865 2856 fuisse
898 2792 1089 2856 nosti:
1126 2793 1177 2855 si
1210 2790 1582 2874 displicebat
1613 2791 1728 2855 tibi
1761 2790 1981 2854 salutis
2013 2790 2251 2874 regula,
2285 2809 2392 2854 cur
2426 2790 2723 2873 suscipie-

435 2897 549 2961 bas
582 2897 711 2960 eius
743 2897 833 2960 rei
865 2897 1165 2960 honorem
1198 2897 1373 2960 cuius
1408 2913 1532 2960 non
1566 2893 1957 2979 approbabas
2005 2895 2237 2959 fidem?
2285 2895 2396 2959 sed
2425 2895 2722 2978 prouidus

438 3001 729 3065 uidelicet
756 3001 848 3064 uir
874 3004 937 3064 et
961 3001 1225 3084 simplex
1249 3001 1578 3084 religiosus
1612 3000 1706 3064 ita
1727 3005 2078 3082 temperare
2105 3003 2164 3063 te
2191 3001 2353 3063 inter
2385 3003 2722 3082 utrumque

436 3106 713 3186 uoluisti,
750 3109 820 3169 ut
850 3109 1097 3169 teneres
1140 3109 1201 3169 et
1233 3105 1523 3188 sacrilegi
1553 3104 1882 3188 perfidiam
1915 3109 1978 3168 et
2008 3105 2296 3169 catholici
2329 3105 2719 3188 dignitatem.

518 3210 663 3274 XII.
711 3209 911 3293 Plaga
956 3227 1102 3294 ergo
1158 3210 1409 3275 auditus
1457 3210 1549 3274 tui
1604 3215 1666 3274 et
1725 3209 1954 3273 uulnus
2017 3209 2264 3274 aurium
2311 3213 2564 3273 tuarum
2626 3214 2724 3274 est

434 3316 587 3380 deus
632 3319 817 3379 natus
864 3319 927 3378 et
972 3315 1123 3378 deus
1169 3333 1412 3398 passus,
1492 3317 1557 3378 et
1601 3312 1712 3377 ubi
1754 3313 1910 3378 illud
1958 3323 2054 3378 est
2097 3319 2300 3394 tuum,
2346 3314 2542 3378 Paule
2575 3333 2722 3396 apo-

434 3421 618 3484 stole:
695 3437 826 3484 nos
897 3423 1145 3483 autem
1212 3417 1732 3502 praedicamus
1803 3417 2184 3483 Christum
2253 3419 2720 3500 crucifixum,

433 3524 733 3589 Iudaeis
803 3524 1097 3606 quidem
1168 3523 1634 3603 scandalum,
1709 3523 2066 3606 gentibus
2144 3526 2392 3586 autem
2467 3523 2722 3588 stulti-

640 3697 733 3766 28]
772 3697 801 3750 1
837 3695 954 3750 cor.
986 3699 1031 3761 1,
1058 3698 1279 3751 23-24,

517 3858 551 3912 2
587 3871 642 3910 es
678 3873 781 3911 om.
820 3855 895 3909 M
1009 3857 1043 3909 3
1080 3869 1187 3908 uon
1224 3853 1433 3907 desinat
1459 3871 1503 3922 p
1619 3855 1654 3908 4
1690 3852 1979 3908 renasceris
2015 3853 2098 3908 N1
2215 3851 2358 3906 dices
2395 3854 2521 3923 Np:
2555 3861 2616 3908 at
2649 3858 2720 3922 cf.

430 3945 516 4010 ΙΙ,
553 3949 602 4010 6,
640 3948 687 3996 1.
733 3943 830 4012 VI,
867 3947 951 4010 15,
986 3948 1036 3996 2.
1072 3947 1161 4010 20,
1198 3946 1228 3995 1
1267 3943 1621 4012 (quanquam
1663 3947 1712 3996 et
1760 3940 1902 3993 dices
1953 3940 2174 4010 defendi
2201 3947 2407 4010 potest.-
2452 3943 2521 4008 cs.
2567 3939 2718 3996 Conl.

430 4032 643 4099 XIIII,
682 4035 767 4098 17,
803 4031 861 4098 3)
968 4033 998 4084 7
1036 4029 1081 4082 si
1118 4029 1174 4082 in
1210 4028 1327 4098 illa]
1377 4029 1571 4082 similia
1601 4047 1644 4098 p
1753 4031 1784 4084 8
1823 4026 2108 4082 simbolum
2147 4029 2222 4082 Μ
2318 4031 2350 4082 9
2387 4028 2625 4081 traheret
2652 4031 2719 4098 11¹

430 4117 627 4172 mutire
656 4135 735 4187 pv
865 4120 930 4173 15
968 4132 1220 4185 exurgere
1258 4118 1363 4186 ΜΡ
1495 4119 1556 4172 17
1597 4120 1690 4168 aut
1726 4116 1800 4169 M
1928 4118 1990 4170 19
2029 4131 2083 4167 es
2120 4133 2220 4170 om.
2261 4116 2362 4170 Μυ
2488 4115 2721 4168 insertus

430 4221 486 4258 es
523 4207 623 4260 Μυ
751 4207 819 4260 20
856 4204 1021 4258 officii
1058 4204 1142 4273 ac]
1186 4203 1363 4256 officia
1398 4205 1497 4272 ΝΡ
1644 4218 1916 4270 nunquam
1955 4203 2029 4256 M
2161 4205 2224 4257 21
2277 4201 2458 4270 quam]
2499 4201 2624 4270 quia
2659 4203 2726 4256 N

430 4291 561 4360 quid
598 4309 643 4361 p
810 4291 921 4345 eius
968 4291 1045 4360 te]
1091 4290 1231 4344 iuste
1274 4293 1350 4345 M
1497 4287 1856 4358 presbiterum
1893 4290 1998 4358 ΜΡ
2157 4291 2225 4343 22
2271 4287 2638 4356 disciplicebat
2675 4307 2719 4358 p

431 4383 501 4436 25
536 4379 801 4448 sacrilegii
838 4380 939 4435 Mv
1044 4377 1303 4450 catholice
1341 4379 1416 4432 M
