3167 4975
302 1575 355 1612 10

303 2095 352 2135 15

1215 437 1376 492 Inst.
1413 435 1522 490 lib.
1550 437 1675 500 vn,
1714 439 1901 492 7—10.
2574 436 2699 501 135

411 616 990 699 transmigrandum
1057 617 1315 698 paratus
1385 614 1727 678 insolenter
1796 613 1875 678 ad
1938 615 2151 678 omnia
2210 618 2543 697 praecepta
2600 632 2698 676 re·-

411 720 702 804 spondet,
773 723 835 783 et
903 723 1231 800 tamquam
1295 719 1697 802 peregrinum
1767 721 2257 801 extraneumque
2326 737 2391 782 se
2451 736 2698 802 gerenS,

409 843 838 907 quaecumque
883 823 1235 908 indigentia
1279 823 1660 886 correctione
1704 823 2109 906 perspexerit,
2172 822 2452 906 neglegit
2512 825 2699 904 atque

409 929 774 994 contemnit.
855 947 1124 1010 cumque
1169 927 1390 991 furtim
1435 928 1756 1011 possideat
1801 927 2191 992 reconditam
2224 927 2577 1010 pecuniam,
2624 947 2703 991 ne
2753 936 2789 990 2

409 1034 824 1098 calciamenta
846 1033 1100 1114 quidem
1129 1050 1202 1096 ac
1231 1032 1617 1096 uestimenta
1648 1051 1713 1096 se
1747 1031 1980 1096 habere
2011 1032 2412 1113 conqueritur
2442 1031 2699 1112 darique

409 1137 530 1202 sibi
577 1137 816 1202 tardius
861 1138 1246 1221 indignatur.
1327 1155 1398 1200 ac
1453 1137 1504 1200 si
1567 1137 1727 1200 forte
1788 1137 2255 1220 dispensatione
2316 1135 2579 1200 senioris
2643 1136 2701 1200 ei

407 1243 600 1326 priuS‚
636 1243 744 1324 qui
775 1241 936 1306 nihil
964 1242 1218 1324 penitus
1248 1240 1482 1305 habere
1515 1241 1933 1324 cognoscitur,
1983 1241 2219 1323 aliquid
2250 1241 2477 1304 horum
2508 1241 2701 1304 fuerit

407 1347 807 1429 inpertitum,
875 1345 1218 1410 maioribus
1281 1347 1410 1410 irae
1473 1345 1746 1410 stimulis
1807 1346 2150 1410 inardescit
2212 1364 2402 1428 seque
2463 1345 2700 1428 despici

408 1451 604 1515 ueluti
637 1453 1004 1514 extraneum
1048 1453 1251 1533 putat,
1299 1469 1414 1514 nec
1462 1451 1540 1514 ad
1584 1451 1788 1514 ullum
1818 1469 1976 1532 opus
2010 1467 2235 1514 manus
2268 1467 2415 1514 suas
2448 1449 2699 1514 adcom-

407 1557 662 1620 modare
709 1559 1042 1620 contentus
1085 1555 1492 1638 reprehendit
1536 1556 1751 1620 omnia
1796 1573 1956 1637 quae
2001 1556 2353 1620 necessario
2398 1553 2533 1619 fieri
2565 1573 2699 1619 mo-

407 1661 668 1725 nasterii
713 1661 1012 1744 conpellit
1057 1660 1318 1724 utilitas.
1398 1659 1621 1723 deinde
1668 1661 2025 1724 occasiones
2072 1659 2300 1742 quibus
2334 1659 2565 1725 offendi
2596 1661 2701 1724 uel

405 1766 592 1829 irasci
637 1765 864 1830 debeat
910 1766 1186 1830 studiose
1231 1765 1558 1848 perquirit,
1621 1784 1699 1828 ne
1758 1765 1984 1829 leuiter
2038 1768 2247 1830 motus
2294 1765 2371 1828 de
2417 1763 2701 1829 coenobii

407 1870 740 1954 disciplina
783 1870 1074 1934 uideatur
1121 1869 1304 1934 exire.
1383 1889 1498 1933 nec
1561 1869 1734 1934 solus
1798 1873 2013 1934 tamen
2059 1870 2512 1953 transmigrare
2558 1887 2705 1934 con·
2754 1877 2787 1930 3

406 1977 651 2054 tentus,
720 1993 798 2038 ne
859 1977 1186 2056 tamquam
1247 1992 1360 2038 suo
1423 1974 1578 2038 uitio
1640 1974 1993 2038 deseruisse
2053 1975 2365 2055 credatur,
2428 1977 2698 2056 quantos

405 2080 680 2163 potuerit
748 2078 1288 2143 susurrationibus
1357 2078 1767 2143 clandestinis
1835 2079 2175 2162 deprauare
2242 2096 2368 2143 non
2446 2078 2697 2142 desinit.

406 2185 630 2267 quodsi
675 2184 868 2248 etiam
913 2184 1214 2266 temporis
1263 2184 1568 2266 asperitas
1616 2183 1861 2248 itineris
1916 2203 2026 2248 seu
2082 2183 2507 2267 nauigationis
2563 2183 2699 2246 eius

403 2288 828 2353 intercluserit
896 2291 1349 2368 commeatum,
1414 2307 1524 2371 per
1593 2307 1779 2352 omne
1846 2289 2003 2353 illud
2071 2293 2322 2372 tempus
2392 2306 2698 2371 suspenso

406 2395 710 2477 anxioque
754 2395 1032 2458 residens
1079 2394 1260 2458 corde
1310 2393 1602 2457 tristitias
1644 2413 1847 2460 serere
1880 2393 1981 2457 uel
2014 2393 2283 2458 excitare
2314 2411 2440 2458 non
2472 2397 2698 2473 cessat,

405 2500 718 2563 discessus
766 2499 1070 2564 solacium
1117 2502 1182 2563 et
1226 2498 1695 2563 excusationem
1739 2499 2021 2564 leuitatis
2068 2517 2194 2563 non
2240 2518 2307 2562 se
2356 2499 2537 2563 aliter
2568 2518 2701 2563 cre-

405 2605 558 2668 dens
606 2622 796 2686 quam
842 2608 994 2667 nota
1038 2604 1142 2667 uel
1187 2603 1438 2667 macula
1483 2604 1849 2668 monasterii
1894 2606 2309 2687 reperturum.

491 2709 567 2773 X.
601 2708 834 2791 Agitur
879 2707 1092 2789 itaque
1137 2707 1384 2771 facibus
1415 2709 1830 2791 pecuniarum
1862 2727 2119 2773 suarum
2152 2708 2355 2793 magis
2389 2727 2461 2773 ac
2494 2709 2698 2792 magis

406 2832 725 2894 accensus,
789 2832 947 2894 quae
1000 2831 1330 2896 possessae
1377 2830 1729 2895 numquam
1776 2813 2158 2878 monachum
2207 2815 2306 2878 uel
2354 2814 2419 2877 in
2480 2832 2700 2879 mona-

406 2918 594 2983 sterio
639 2918 912 2983 residere
957 2919 1060 2981 uel
1107 2917 1320 2980 uiuere
1368 2916 1482 2981 sub
1532 2919 1787 3001 regulae
1842 2919 2243 2983 institutione
2298 2919 2694 3002 permittunt.

404 3042 674 3105 cumque
744 3022 962 3085 exinde
1023 3040 1168 3085 eum
1229 3021 1406 3085 uelut
1465 3022 1678 3086 feralis
1740 3023 2048 3104 quaedam
2110 3022 2317 3087 bestia
2380 3024 2455 3086 de
2518 3026 2696 3087 coetu

405 3128 612 3211 gregis
660 3145 957 3210 separans
1004 3144 1196 3210 pecus
1237 3130 1615 3208 oportunum
1648 3127 1913 3209 praedae
1946 3127 2355 3192 destitutione
2388 3127 2697 3191 sodalium

405 3232 622 3295 fecerit
668 3234 732 3295 et
777 3231 1166 3295 deuorationi
1211 3231 1462 3295 facilem
1508 3230 1903 3295 contubernii
1950 3232 2301 3313 priuatione
2338 3214 2727 3311 reddiderit,'

405 3356 570 3417 eum,
616 3336 724 3418 qui
769 3336 942 3419 prius
989 3353 1176 3419 opera
1221 3336 1586 3400 monasterii
1632 3335 1799 3399 leuia
1844 3354 2125 3399 exercere
2165 3337 2550 3419 despexerat,
2598 3336 2697 3400 die

407 3459 479 3506 ac
523 3444 704 3506 nocte
760 3459 869 3523 spe
930 3443 1231 3522 quaestus
1293 3439 1774 3525 infatigabiliter
1835 3440 2121 3506 laborare
2184 3442 2507 3524 conpellit:
2572 3460 2698 3505 non

405 3546 758 3611 orationum
806 3545 1156 3626 sollemnia,
1217 3562 1342 3609 non
1397 3544 1775 3610 ieiuniorum
1822 3546 2100 3627 modum,
2163 3564 2287 3611 non
2334 3546 2695 3629 uigiliarum

495 3789 521 3842 1
561 3786 840 3841 insolerter
875 3786 952 3840 L¹
1059 3785 1336 3855 respondit
1359 3788 1413 3841 A
1522 3790 1555 3843 3
1594 3788 1923 3857 correptione
1959 3789 2030 3842 H
2127 3790 2161 3841 4
2198 3804 2295 3841 nec
2330 3788 2466 3843 LTv
2572 3793 2604 3845 5
2641 3806 2695 3841 se

405 3892 504 3929 om.
541 3874 593 3927 A
710 3873 1043 3942 conquiritur
1087 3876 1156 3929 H
1158 3876 1228 3929 ¹L
1343 3876 1373 3927 7
1422 3878 1773 3943 cognoscetur
1814 3876 1899 3929 Ηι
2024 3877 2057 3930 8
2104 3874 2336 3928 stimulis
2380 3875 2694 3944 inardescit]

405 3960 660 4014 incitatur
697 3960 930 4015 stimulis
967 3961 1020 4014 A
1118 3961 1306 4030 dispici
1345 3962 1507 4017 H¹L¹
1604 3965 1637 4017 9
1674 3961 1826 4015 uelut
1860 3964 1913 4017 L
2008 3962 2289 4015 edmodare
2314 3964 2369 4017 A
2480 3966 2545 4019 10
2582 3978 2695 4015 mo-

406 4048 636 4101 nast—erio
671 4050 748 4103 L¹
893 4051 953 4104 11
996 4050 1322 4101 occassiones
1360 4050 1429 4103 H
1566 4052 1631 4105 15
1668 4049 1869 4118 poterit
1910 4048 1986 4103 G²
2114 4048 2595 4103 sussurrationibus
2633 4052 2704 4105 H

407 4133 756 4203 glandestiuis
781 4136 835 4189 L
932 4122 1138 4188 desinet
1163 4136 1216 4189 A
1316 4138 1379 4191 17
1407 4136 1715 4189 cumeatum
1742 4137 1817 4191 L¹
1912 4134 2039 4191 illut
2057 4137 2110 4190 A
2209 4139 2273 4191 19
2299 4135 2551 4191 solatium
2578 4137 2695 4191 HL

407 4222 823 4275 excussationcm
849 4222 934 4276 Η1
1006 4222 1357 4275 excusationis
1382 4222 1661 4276 leuitatem
1688 4224 1742 4277 A
1850 4226 1918 4279 20
1943 4224 2303 4293 reperiturum
2329 4224 2413 4278 H²
2520 4225 2584 4279 21
2615 4223 2693 4277 fo-

407 4308 716 4362 mitibusH
779 4311 847 4363 24
867 4308 1040 4363 bistea
1057 4310 1135 4363 A²
1207 4312 1275 4364 25
1303 4326 1588 4378 segregans
1608 4311 1697 4365 Av
1768 4310 2107 4365 distitutione
2131 4310 2291 4365 (ΡΗι
2363 4312 2433 4366 26
2458 4309 2701 4366 facileH

406 4398 470 4451 27
509 4395 798 4449 monasteri
838 4396 904 4450 H
1005 4396 1304 4467 dispexerat
1341 4398 1476 4453 AG²
1580 4400 1649 4454 28
1686 4398 1797 4469 spei
1834 4398 1887 4453 L
2002 4401 2070 4455 29
2107 4397 2423 4469 sollempnia
2460 4399 2544 4455 Ηι
