3167 4975
1363 425 1523 479 Inst.
1565 424 1677 479 lib.
1706 424 1797 490 VI,
1844 429 1885 481 1.
2614 426 2737 489 115

531 602 668 666 XX.
721 602 838 683 Qui
883 602 1024 666 finis
1073 621 1260 667 uerae
1305 601 1685 686 integritatis
1733 619 1806 666 ac
1850 601 2139 685 puritatis
2186 602 2286 666 sit.

533 707 701 770 XXI.
753 706 1294 788 Quemadmodum
1338 707 1655 790 perfectae
1700 707 1990 790 puritatis
2026 710 2263 772 statum
2296 708 2561 771 retinere
2592 726 2735 790 pos-

446 830 660 876 simus.

529 917 733 981 ΧΧΙΙ.
797 917 1012 1000 Usque
1075 918 1152 982 ad
1213 935 1400 999 quem
1470 917 1729 982 modum
1796 917 1998 1000 possit
2062 917 2391 1001 integritas
2460 918 2733 1000 corporis

365 1040 392 1080 5
445 1022 641 1086 nostri
687 1022 962 1105 perduci,
1010 1024 1112 1087 uel
1155 1023 1318 1106 quod
1349 1022 1651 1087 indicium
1682 1023 1765 1087 sit
1796 1023 1871 1086 ad
1903 1041 2132 1104 purum
2164 1021 2392 1086 mentis
2427 1026 2729 1086 excoctae.

529 1127 764 1190 XXIII.
814 1127 1118 1192 Remedia
1161 1128 1520 1208 curationiS‚
1582 1127 1808 1210 quibus
1854 1127 2133 1210 perfecta
2175 1127 2379 1211 possit
2423 1127 2623 1192 cordis
2673 1130 2735 1191 et

444 1231 714 1316 corporis
761 1234 959 1297 nostri
1003 1233 1240 1316 puritas
1287 1249 1675 1315 permanere.

339 1565 390 1604 ιο
525 1545 573 1608 Ι.
625 1543 980 1610 Secundum
1027 1546 1206 1612 nobis
1256 1547 1591 1612 traditione
1636 1550 1887 1630 patrum
1934 1545 2234 1612 aduersus
2284 1546 2577 1629 spiritum
2608 1545 2733 1609 for-

440 1651 764 1716 nicationis
827 1655 1147 1716 cert-amen
1209 1655 1327 1733 est,
1391 1653 1651 1736 longum
1715 1670 1863 1735 prae
1933 1653 2155 1716 ceteris
2228 1669 2299 1715 ac
2366 1651 2732 1715 diuturnum

441 1758 504 1819 et
562 1757 888 1839 perpaucis
953 1758 1031 1820 ad
1089 1775 1318 1840 purum
1381 1757 1731 1837 deuictum,
1804 1757 2058 1820 inmane
2120 1755 2360 1821 bellum
2424 1758 2487 1819 et
2547 1755 2729 1836 quod,

439 1879 582 1924 curn
630 1878 667 1925 a
710 1861 910 1944 primo
960 1866 1241 1944 tempore
1287 1861 1633 1945 pubertatis
1682 1862 2029 1945 inpugnare
2084 1861 2341 1944 incipiat
2402 1860 2731 1924 hominum

438 1985 658 2049 genuS,
694 1983 815 2031 non
847 1967 970 2030 nisi
1001 1967 1172 2049 prius
1207 1970 1412 2030 cetera
1443 1967 1600 2031 uitia
1630 1970 2003 2049 superentur
2036 1967 2441 2050 extinguitur.
2506 1965 2731 2048 duplex

337 2095 386 2134 15
438 2089 710 2153 namque
771 2075 868 2136 est
927 2071 1308 2156 obpugnatio
1370 2073 1622 2155 gemino
1684 2076 1928 2136 armata
1989 2071 2141 2135 uitio
2203 2089 2587 2154 consurgens
2650 2070 2727 2134 ad

433 2175 762 2258 proelium.
826 2179 889 2240 et
919 2176 1144 2240 idcirco
1178 2176 1468 2240 similiter
1501 2177 1552 2240 ei
1586 2177 1843 2261 gemina
1875 2181 1972 2240 est
2003 2177 2133 2240 acie
2166 2175 2607 2256 resistendum,
2642 2175 2727 2238 si-

436 2281 706 2361 quidem,
755 2284 826 2345 ut
871 2279 1088 2344 morbo
1135 2282 1338 2345 carnis
1390 2282 1763 2362 animaeque
1809 2283 2173 2346 concretum
2220 2281 2385 2344 uires
2435 2279 2725 2362 adquirit,

434 2384 525 2448 ita
569 2385 691 2449 nisi
740 2387 1020 2468 utrisque
1073 2386 1310 2468 pariter
1372 2385 1817 2450 dimicantibus
1881 2389 2155 2467 nequeat
2214 2383 2533 2448 debellari.
2613 2403 2727 2448 nec

436 2491 604 2554 enim
651 2490 882 2555 sufficit
927 2492 1132 2555 solum
1189 2491 1505 2574 corporale
1566 2491 1871 2556 ieiunium
1935 2490 2012 2555 ad
2073 2491 2563 2573 conquirendam
2624 2491 2724 2554 uel

329 2620 381 2658 20
431 2595 872 2677 possidendam
919 2596 1232 2678 perfectae
1279 2596 1686 2660 castimoniae
1732 2595 2091 2679 puritatem,
2150 2596 2271 2659 nisi
2317 2595 2726 2678 praecesserit

434 2699 722 2763 contritio
778 2700 1034 2782 spiritus
1096 2704 1158 2764 et
1217 2701 1418 2765 oratio
1479 2705 1697 2765 contra
1757 2701 1923 2764 hunc
1981 2699 2539 2764 inmundissimum
2600 2700 2725 2782 spi—

434 2805 624 2868 ritum
692 2822 1133 2887 perseueranS,
1205 2805 1346 2868 dein
1416 2806 1779 2869 continuata
1853 2805 2177 2869 meditatio
2254 2804 2722 2887 scripturarum,

433 2907 698 2991 huicque
744 2908 932 2973 fuerit
977 2910 1236 2973 scientia
1281 2909 1581 2991 spiritalis
1630 2910 1943 2990 adiuncta,
1990 2909 2166 2974 labor
2212 2910 2403 2973 etiam
2443 2926 2723 2992 opusque

434 3032 756 3094 manuum,
803 3014 1132 3078 instabiles
1181 3014 1380 3077 cordis
1415 3014 1894 3097 peruagationes
1929 3014 2263 3078 cohercens
2298 3032 2370 3077 ac
2399 3030 2722 3093 reuocanS‚

329 3140 380 3180 25
435 3122 496 3181 et
539 3121 684 3183 ante
731 3118 944 3183 omnia
989 3119 1253 3183 fundata
1296 3118 1486 3183 fuerit
1533 3118 1859 3183 humilitas
1909 3138 2079 3199 uera,
2136 3120 2269 3182 sine
2317 3136 2442 3200 qua
2488 3118 2721 3182 nullius

431 3223 680 3305 penitus
727 3223 864 3287 uit-ii
910 3224 1142 3307 poterit
1186 3242 1488 3305 umquam
1535 3224 1888 3307 triumphus
1937 3224 2197 3306 adquiri.

519 3392 544 3444 1
586 3387 689 3453 Qui
723 3388 845 3441 finis
881 3404 1036 3441 uerae
1072 3406 1172 3442 om.
1204 3390 1253 3443 T
1343 3406 1403 3441 ac
1440 3390 1632 3443 HLT:
1669 3394 1722 3441 et
1750 3391 1801 3441 A
1902 3394 1933 3444 2
1968 3387 2439 3456 quemammodum
2466 3388 2519 3441 L
2614 3389 2722 3439 sta-

430 3476 572 3544 tum]
599 3492 692 3545 sue
720 3477 920 3528 statum
947 3476 1001 3529 L
1071 3491 1357 3544 possumus
1385 3477 1436 3530 Τ
1501 3480 1532 3529 5
1559 3476 1631 3529 sit
1656 3494 1756 3530 om.
1780 3476 1831 3529 L
1904 3479 1936 3531 6
1961 3474 2257 3528 remedium
2284 3477 2350 3529 H
2414 3476 2646 3543 perfecte
2675 3475 2725 3528 T

429 3578 578 3631 posse
605 3564 674 3617 H
764 3565 793 3617 7
819 3578 1144 3631 permanere.
1193 3562 1416 3616 Finiunt
1441 3563 1675 3631 capitula
1701 3562 1765 3616 de
1792 3562 1891 3632 spu
1926 3562 2293 3615 fornicationis
2317 3564 2371 3616 A
2415 3561 2721 3630 Expliciunt

431 3649 662 3717 capitula
698 3648 762 3702 de
794 3648 933 3703 libro
959 3649 1051 3704 VI.
1079 3652 1160 3703 L:
1187 3668 1288 3705 om.
1320 3650 1442 3703 GH
1503 3649 1619 3714 Inoa
1644 3648 1782 3703 liber
1806 3652 1861 3703 A
1928 3648 2129 3717 Incipit
2163 3648 2227 3701 de
2264 3647 2455 3717 spiritu
2490 3647 2719 3700 fornica-

431 3736 586 3790 tionis
610 3736 748 3790 liber
771 3741 948 3791 sextus
979 3738 1030 3792 G
1093 3736 1292 3805 Incipit
1316 3740 1492 3790 textus
1518 3736 1757 3789 eiusdem
1780 3736 1906 3790 libri
1932 3736 1986 3790 L
2052 3737 2197 3791 nihil
2220 3736 2547 3805 inscriptum
2572 3736 2633 3788 in
2660 3737 2727 3789 H

515 3828 580 3880 11)
623 3824 650 3877 Ι
688 3824 830 3880 deest
865 3826 926 3879 in
965 3826 1016 3879 L
1160 3824 1334 3894 nobis]
1375 3824 1527 3878 nobis
1565 3828 1835 3878 certa-men
1884 3828 1964 3877 est
2001 3826 2053 3879 A
2197 3824 2541 3877 traditionem
2581 3826 2719 3879 HL¹

429 3911 710 3966 aduersum
740 3913 790 3968 T
893 3915 954 3968 11
995 3916 1264 3966 certamen
1301 3916 1384 3966 est
1408 3930 1508 3969 om.
1538 3914 1590 3966 A
1704 3916 1767 3967 14
1804 3912 1951 3981 prius
1979 3930 2079 3968 om.
2108 3913 2159 3965 A
2271 3916 2335 3967 16
2371 3911 2629 3981 praelium
2658 3913 2727 3966 H

429 3999 591 4055 010111..
615 4000 684 4055 H
774 4003 838 4055 17
865 3999 1110 4068 adquiret
1131 4002 1264 4056 H¹S
1358 4002 1422 4056 18
1442 4000 1721 4069 utriusque
1741 4002 1794 4053 A
1891 3999 2283 4053 demicantibus
2305 4000 2357 4053 L
2456 4002 2518 4053 19
2546 3998 2719 4051 solum

429 4148 526 4185 om.
547 4132 602 4184 A
673 4130 742 4183 ad
762 4088 1099 4199 “quirendam
1121 4132 1188 4185 Η
1251 4134 1320 4185 20
1345 4130 1692 4199 praecesserit
1712 4172 1723 4184 .
1746 4172 1757 4183 .
1781 4172 1793 4183 .
1814 4132 1875 4185 21
1902 4129 2071 4183 oratio
2096 4148 2197 4185 om.
2228 4130 2277 4183 G
2326 4130 2641 4198 processerit
2666 4130 2718 4184 L

1929 4222 1969 4251 t}

427 4263 492 4315 22
531 4260 652 4314 dein
693 4261 884 4316 GHT:
919 4261 1111 4315 deinde
1151 4262 1199 4315 A
1275 4260 1467 4315 dehinc
1505 4263 1558 4316 L
1674 4261 1930 4314 continua
2000 4261 2053 4314 L
2161 4258 2545 4313 scribturarum
2582 4261 2717 4314 AGl

2050 4357 2165 4381 0110ssss
