3167 4975
2365 450 2601 509 LXXV

316 619 650 685 hordiacii
678 618 998 705 (fuerint,
1047 630 1106 683 et
1151 620 1242 697 hi,
1289 629 1603 706 quantum
1635 619 1725 683 ad
1764 620 2099 707 inqenium
2126 629 2423 683 nostrum
2451 642 2601 705 per-

315 726 494 803 tinet,
541 724 898 811 hordiacii>
935 728 1140 803 ὁμοιοτ.
1189 762 1276 773 -—
1321 726 1488 790 haud
1518 742 1659 789 raro
1692 726 1756 790 in
1789 726 2032 790 familia
2066 724 2225 811 ΝΡα
2264 744 2463 790 unum
2493 744 2605 789 uo-

313 830 610 896 cabulum
655 831 960 895 omissum
1009 834 1124 895 est.
1195 831 1247 911 Ι,
1293 828 1355 912 2,
1403 830 1444 893 6
1487 828 1726 915 [eius]
1796 831 1881 911 ΙΙ,
1928 828 1990 911 2,
2037 828 2078 893 6
2121 828 2276 915 [01].
2322 830 2407 911 Π,
2452 828 2515 912 5,
2562 829 2603 893 3

310 933 978 1021 [contradictionem]
1027 936 1144 1015 ΠΙ,
1191 932 1252 1017 9,
1304 933 1335 996 1
1384 932 1625 1021 [er90].
1700 935 1819 1015 III,
1855 933 1954 1016 10,
1992 933 2025 996 1
2074 932 2437 1020 [inquam]
2485 935 2603 1016 III,

315 1040 420 1121 10,
443 1039 486 1103 2
514 1038 802 1125 [quam]
835 1040 986 1121 IIII,
1017 1040 1074 1120 1,
1105 1040 1136 1101 1
1162 1038 1414 1125 [suae]
1448 1040 1524 1121 V,
1550 1038 1612 1121 2,
1642 1038 1673 1101 1
1701 1037 2132 1125 [euidenter]
2166 1042 2381 1104 extant
2410 1040 2603 1104 etiam

310 1146 436 1209 loci
480 1145 586 1209 ubi
631 1143 710 1208 N
731 1146 899 1209 solus
944 1146 1280 1210 lacunosus
1327 1148 1453 1209 est:
1503 1162 1769 1226 quorum
1807 1143 2089 1227 plerique
2122 1162 2331 1228 supra,
2372 1144 2483 1209 ubi
2529 1145 2605 1208 de

313 1250 682 1314 diuersitate
727 1249 1012 1314 codicum
1062 1247 1140 1311 N
1175 1252 1238 1314 et
1272 1272 1325 1335 Ρ
1373 1248 1825 1331 tractabamuS,
1872 1248 2129 1313 indicati
2176 1251 2343 1314 sunt.

399 1354 691 1438 Exceptis
744 1354 898 1418 locis
945 1353 1174 1436 quibus
1235 1354 1544 1418 familiam
1595 1351 1755 1438 ΝΡα
1800 1354 1935 1417 siue
1996 1354 2200 1418 solum
2251 1351 2329 1415 N
2361 1353 2605 1418 lacunis

312 1459 610 1523 uitiatum
657 1477 794 1522 esse
840 1459 1432 1539 demonstrauimuS,
1482 1458 1746 1523 eandem
1792 1458 2102 1523 familiam
2148 1458 2605 1541 praecipueque

315 1562 397 1625 N
441 1562 675 1628 librum
733 1563 1352 1647 praestantissimum
1421 1562 1609 1627 codex
1669 1560 1756 1623 Μ
1802 1580 1943 1627 raro
2004 1565 2255 1627 tantum
2322 1562 2605 1627 bonitate

313 1672 586 1751 superat.
636 1668 727 1732 sic
757 1667 809 1748 Ι,
847 1666 904 1748 1,
939 1666 972 1729 1
1023 1685 1170 1732 eum
1214 1665 1298 1728 M
1325 1665 1620 1752 (ydram)
1656 1666 2060 1732 scribendum
2101 1665 2410 1752 hydram.-
2456 1685 2605 1731 nam

311 1770 582 1857 hydrae,
645 1772 810 1855 quod
861 1770 970 1857 ΝΡ
1019 1771 1334 1853 exhibent,
1381 1772 1529 1835 ferri
1575 1772 1811 1853 nequit.
1858 1808 1945 1819 -—
1990 1772 2075 1853 ΙΙ,
2108 1770 2169 1853 3,
2202 1770 2245 1835 5
2298 1772 2364 1836 in
2412 1770 2525 1856 ΝΡ
2572 1792 2607 1835 e

309 1877 592 1961 Uulgata
637 1878 954 1941 intrusum
1017 1882 1114 1941 est
1148 1874 1497 1961 paruulus
1543 1875 1717 1940 enim
1775 1886 1971 1939 natus
2019 1885 2111 1940 est
2154 1874 2361 1954 nobis,
2407 1874 2605 1960 filius

314 1980 515 2044 datus
575 1991 666 2045 est
709 1980 915 2045 nobis.
992 1980 1079 2045 M
1111 1987 1310 2047 recte:
1357 1979 1554 2063 filius
1602 1991 1800 2045 natus
1860 1990 1951 2045 est
1995 1980 2203 2060 nobis,
2257 1978 2605 2066 paruulus

315 2085 514 2149 datus
546 2095 639 2150 est
667 2083 884 2149 nobis.-
931 2088 1008 2151 cf.
1042 2087 1098 2170 ξ.
1133 2086 1195 2151 3.
1227 2086 1286 2150 5.
1323 2086 1381 2151 6.
1431 2124 1518 2133 --
1548 2087 1634 2168 II,
1666 2086 1729 2168 6,
1760 2084 1803 2151 5
1836 2085 2087 2150 domini
2116 2084 2607 2171 saluatorisque

309 2190 529 2254 nostri
571 2189 726 2254 inde
772 2200 864 2254 est
907 2190 1110 2277 oriqo,
1156 2190 1332 2254 unde
1378 2200 1750 2275 conceptus:
1794 2199 1855 2254 et
1898 2212 2044 2253 cum
2090 2189 2499 2255 descendente
2531 2190 2607 2253 in

309 2296 644 2382 uirginem
697 2296 897 2359 totius
959 2294 1344 2359 diuinitatis
1391 2294 1819 2381 plenitudine
1860 2304 2060 2358 natus
2106 2296 2213 2374 sit,
2258 2294 2457 2379 filius
2504 2296 2607 2359 ho-

311 2399 514 2463 minis
559 2422 690 2464 esse
719 2422 850 2463 non
885 2408 1221 2485 potuerat,
1267 2400 1404 2463 nisi
1440 2400 1645 2486 prius
1679 2400 1785 2463 dei
1812 2400 2011 2485 filius
2043 2399 2315 2486 fuisset.
2364 2402 2455 2466 sic
2508 2400 2606 2481 M,

311 2525 504 2590 quem
535 2508 734 2572 secuti
765 2527 1004 2588 811111118,
1052 2526 1196 2572 cum
1213 2504 1410 2589 filius
1443 2507 1615 2570 enim
1654 2507 1932 2570 hominis
1965 2508 2129 2590 quod
2163 2505 2274 2591 ΝΡ
2309 2506 2609 2572 exhibent

311 2611 598 2695 intellegi
643 2630 768 2677 non
813 2613 1032 2696 possit.
1085 2649 1162 2660 --
1194 2613 1312 2693 III,
1350 2611 1451 2693 10,
1483 2609 1526 2675 5
1573 2613 1639 2678 in
1673 2610 1785 2697 ΝΡ
1817 2610 2072 2698 qloriae
2102 2631 2213 2696 pro
2244 2611 2605 2675 miestatis

313 2737 346 2780 e
379 2715 660 2800 Uulgata
688 2721 1011 2800 receptum
1045 2722 1168 2782 est:
1203 2719 1280 2782 ef.
1316 2719 1370 2801 g.
1404 2717 1466 2782 4.
1498 2755 1585 2765 -
1618 2719 1770 2798 IIII,
1809 2716 1910 2798 13,
1942 2716 1983 2781 3
2014 2718 2079 2782 in
2103 2739 2155 2802 Ρ
2187 2718 2417 2802 legitur
2446 2715 2606 2780 scito

312 2819 506 2898 enim,
551 2822 616 2886 in
651 2819 756 2884 Nv
799 2821 1020 2886 scitote
1067 2821 1257 2900 enim,
1305 2824 1467 2905 quod
1516 2821 1861 2888 absurdum
1892 2827 2005 2888 est.
2056 2822 2395 2888 Cassianus
2440 2823 2607 2887 enim

312 2926 636 2991 neminem
683 2927 878 2991 alium
923 2928 1046 2992 uisi
1091 2927 1454 2992 Nestorium
1500 2927 1889 2992 haereticum
1937 2927 2311 3009 adloquitur.
2384 2945 2607 2991 uerum

313 3031 452 3095 sine
498 3030 686 3096 dubio
733 3035 833 3096 est
875 3029 1034 3094 scito
1081 3031 1331 3109 etenim,
1379 3031 1544 3114 quod
1590 3029 1676 3093 M
1711 3031 1987 3115 praebet.
2036 3069 2125 3078 —
2162 3032 2239 3112 V,
2272 3030 2334 3112 2,
2371 3030 2404 3092 1
2455 3032 2606 3096 scri-

311 3135 594 3199 bendum
639 3139 736 3200 est
764 3134 978 3198 Iesum
1017 3133 1350 3200 Christum
1391 3135 1780 3199 theodochon
1810 3135 2157 3222 imayinem
2191 3133 2423 3222 (maqis
2460 3134 2601 3220 ΝΡ)

313 3237 813 3324 appellandum.
860 3278 947 3286 —
985 3241 1062 3322 V,
1094 3239 1155 3322 5,
1202 3238 1233 3301 1
1300 3241 1364 3305 in
1415 3239 1527 3326 ΝΡ
1575 3241 1961 3324 transposita
2006 3245 2155 3304 sunt
2200 3239 2395 3304 uerba
2450 3238 2605 3303 deus

303 3353 582 3430 praeter
635 3354 712 3422 te,
768 3364 878 3430 pro
919 3355 1190 3430 praeter
1235 3355 1292 3408 te
1348 3343 1538 3408 deus:
1594 3346 1671 3410 ef.
1707 3346 1859 3426 IIII,
1893 3345 1952 3425 9,
1986 3343 2044 3410 6.
2084 3343 2185 3426 11,
2218 3345 2259 3407 2
2306 3349 2370 3409 et
2412 3343 2471 3410 3.
2520 3381 2607 3392 -—

313 3451 394 3531 V,
428 3448 488 3530 7,
519 3449 564 3512 4
613 3448 724 3534 ΝΡ
772 3451 937 3514 male
984 3451 1244 3515 tradunt
1273 3447 1683 3513 inuisibilmn
1715 3449 1823 3512 dei
1835 3448 2067 3532 filium
2094 3468 2206 3534 pro
2236 3447 2605 3512 inuisibilis

315 3552 426 3618 dei
452 3551 700 3636 filium.
748 3591 834 3600 -
879 3555 988 3635 VI,
1023 3553 1081 3635 7,
1113 3553 1155 3616 2
1201 3576 1280 3618 eae
1314 3563 1516 3639 parte
1561 3575 1693 3639 qua
1738 3552 1847 3616 uis
1878 3552 2113 3637 facias
2160 3555 2479 3631 honorem,
2528 3577 2607 3617 σω

305 3667 508 3742 parte
553 3680 684 3744 qua
713 3657 822 3721 uio
846 3656 1081 3743 facias
1121 3658 1450 3722 iniuriam
1480 3657 1564 3720 M
1584 3664 1783 3723 recte:
1833 3679 1963 3743 qua
2006 3658 2115 3721 uis
2150 3706 2165 3720 .
2200 3707 2214 3721 .
2251 3707 2266 3720 .
2300 3661 2431 3744 quii
2476 3679 2607 3721 ἠια-

313 3763 426 3826 uis
475 3761 562 3839 N,
610 3785 806 3848 quam
848 3763 956 3826 uis
991 3811 1006 3826 .
1042 3811 1056 3825 .
1093 3811 1108 3826 .
1141 3784 1334 3848 quam
1380 3761 1488 3826 uis
1525 3785 1597 3848 Ρ.

403 3869 491 3932 Η1
549 3869 680 3932 fere
726 3871 876 3933 sunt
920 3869 1039 3934 loci
1085 3869 1314 3951 quibus
1361 3867 1641 3932 codicem
1687 3865 1772 3929 M
1807 3869 1987 3932 alteri
2034 3867 2331 3949 familiae,
2394 3868 2456 3931 id
2512 3871 2609 3933 est

319 3969 482 4057 ΝΡα
512 3973 616 4037 uel
646 3972 756 4036 uni
789 3991 1022 4054 eorum,
1053 3973 1535 4056 praeferendum
1569 3991 1705 4036 esse
1737 3972 2047 4036 duximus,
2092 3975 2369 4036 ceterum
2400 3974 2607 4037 totum

315 4097 474 4162 opus
535 4078 882 4141 secuudum
947 4075 1106 4160 ΝΡα
1163 4079 1614 4157 recensuimuS,
1676 4095 1822 4140 cum
1884 4075 2064 4141 nobis
2109 4077 2607 4161 persuaserimus

315 4183 466 4247 huic
525 4182 804 4246 familiae
864 4186 929 4247 et
987 4183 1053 4246 in
1115 4181 1335 4265 primis
1385 4179 1463 4243 N
1495 4181 1737 4265 passim
1792 4180 1984 4245 fidem
2029 4181 2329 4245 maiorem
2376 4179 2603 4244 deberi.

317 4284 400 4347 M
438 4286 608 4350 enim
655 4303 780 4350 non
828 4287 1030 4351 solum
1077 4305 1376 4370 persaepe
1423 4285 1617 4350 uerba
1662 4285 1981 4369 scriptoris
2028 4285 2301 4368 pessime
2346 4284 2609 4349 traiecta

319 4390 592 4470 exhibet,
653 4391 764 4454 sed
825 4391 1016 4455 etiam
1063 4391 1410 4455 innumeris
1471 4389 2060 4473 interpolationibus
2108 4393 2171 4453 et
2228 4390 2471 4453 lacunis
2516 4389 2609 4453 la-
