3167 4975
541 412 878 470 LXXVIII

539 619 626 627 —
671 582 782 663 VI,
817 582 872 663 l,
906 579 948 645 2
993 578 1250 643 etiamsi
1293 600 1370 642 ea
1415 600 1607 643 sensu
1652 578 1797 665 ipso
1842 600 1973 641 ‘non
2016 579 2287 665 capiant
2324 601 2409 665 p.-
2462 579 2617 663 ipsa
2665 576 2828 641 NM.

541 724 627 734 -
672 687 782 767 VI,
815 685 876 767 2,
912 685 946 748 l
1003 684 1174 747 sicut
1205 732 1220 748 .
1256 732 1272 746 .
1307 731 1321 746 .
1355 684 1449 746 sic
1501 706 1545 745 a
1599 685 1768 749 solus
1821 689 2019 749 recte:
2079 683 2143 747 ei
2174 730 2189 746 .
2223 730 2239 745 .
2274 730 2291 745 .
2322 683 2385 747 si
2442 682 2519 746 N
2522 681 2681 768 ¹Mp,
2740 682 2836 745 sic

544 838 560 853 .
595 839 612 853 .
645 839 660 853 .
693 790 788 853 sic
835 789 952 853 N2.
1015 826 1102 837 —
1146 791 1257 870 VI,
1291 788 1352 870 2,
1385 787 1427 851 2
1473 810 1551 852 ex
1595 810 1661 851 se
1702 786 1972 851 milibus
2022 787 2166 874 Np:
2223 810 2301 850 ear,-
2352 785 2687 850 similibus
2735 786 2832 864 M,

543 916 622 959 eoe
663 892 1016 958 seminibus
1059 916 1116 957 v.
1163 932 1251 941 ——-
1293 894 1445 959 ibid.
1491 892 1895 957 saturandos
1932 915 1986 978 p
2034 894 2203 959 solus
2248 898 2436 959 recte.

596 1293 792 1378 OAP.
838 1294 989 1377 VH.
1068 1293 1192 1388 DE
1253 1292 1538 1378 LOCIS
1604 1290 2211 1377 SCRIPTURAE
2277 1292 2646 1376 SAGRAE
2711 1293 2776 1375 Α

1183 1432 1672 1517 CASSIANO
1734 1431 2189 1516 ADLATIS.

630 1628 808 1709 Quod
855 1627 1126 1711 Cuyckio
1184 1632 1246 1693 et
1293 1627 1620 1693 Ciaeconio
1675 1628 1885 1691 uisum
1932 1632 2031 1693 est
2074 1626 2449 1693 Cassianum
2503 1628 2831 1711 plerosque

543 1734 714 1807 locos
760 1732 1106 1818 scripturae
1151 1750 1306 1815 quos
1351 1732 1592 1815 profert
1636 1750 1669 1795 e
1716 1734 1977 1817 uulgata
2020 1732 2289 1797 editione
2350 1732 2833 1816 deprompsisse,

542 1838 607 1902 id
666 1856 834 1903 nune
894 1837 1180 1903 codicum
1241 1837 1613 1902 auctoritate
1682 1837 1803 1901 nisi
1865 1838 2119 1902 omnino
2187 1854 2415 1921 negare
2474 1854 2828 1921 possumus,

544 1960 668 2008 non
714 1942 970 2025 quidem
1014 1942 1264 2027 ignorat
1293 1942 1665 2025 Hieronymi
1711 1942 2187 2007 translationem
2228 1960 2491 2023 eamque
2538 1942 2833 2005 emenda-

543 2048 766 2112 tiorem
823 2066 960 2113 esse
1023 2046 1355 2131 significat.
1423 2047 1500 2112 of.
1553 2046 1727 2113 Conl.
1770 2047 2008 2127 XXIII,
2046 2044 2107 2127 8,
2148 2044 2218 2109 2:
2279 2044 2351 2109 ei
2394 2045 2480 2108 in
2536 2044 2831 2109 sanctie

541 2150 711 2214 suis
768 2172 916 2213 nou
973 2149 1346 2236 confidit,
1407 2160 1476 2213 et
1531 2150 1614 2213 in
1669 2148 1990 2237 anyelis‘
2031 2149 2197 2213 suis
2252 2150 2608 2235 repperit
2652 2170 2833 2235 pra-

541 2255 870 2319 uitatem
929 2254 1067 2341 (Iob
1115 2254 1214 2337 15,
1250 2254 1334 2320 15
1365 2274 1487 2321 see.
1531 2256 1752 2340 LXX),
1812 2255 1973 2333 siue,
2035 2264 2112 2318 ut
2160 2252 2562 2319 emendatior
2617 2264 2834 2318 trane-

545 2358 707 2423 latio
758 2358 976 2423 habet:
1029 2381 1188 2423 ecce
1225 2359 1440 2424 iuter
1475 2369 1782 2425 sanctos
1830 2360 1996 2424 eius
2044 2380 2247 2423 'nemo
2302 2356 2831 2435 inmutabilia,

541 2474 610 2529 et
654 2462 857 2529 caeli
899 2486 1046 2527 nou
1089 2474 1274 2528 sunt
1316 2464 1591 2529 mundi
1636 2464 1720 2528 in
1766 2452 2173 2552 conePectu
2218 2463 2389 2528 eius
2432 2464 2625 2548 (idem
2655 2465 2832 2530 locus

543 2589 664 2634 sec.
699 2570 1088 2655 Uulgatam).
1141 2571 1529 2636 emendatior
1575 2571 1815 2636 scilicet
1860 2590 1934 2635 ea
1964 2571 2293 2636 translatio
2340 2571 2479 2634 uisa
2509 2574 2625 2650 est,
2672 2587 2831 2652 quae

540 2674 920 2740 Hebraicam
945 2674 1334 2759 exprimebat
1357 2676 1712 2740 ueritatem.
1748 2676 1827 2740 cf.
1852 2676 2009 2740 Inst.
2036 2675 2181 2755 XII,
2206 2673 2321 2738 31:
2352 2695 2593 2759 super
2622 2694 2831 2758 quem

541 2779 969 2864 requiescet
1023 2780 1370 2866 spiritua
1424 2801 1627 2844 meus
1680 2779 1843 2843 nisi
1900 2801 2139 2864 super
2197 2778 2538 2863 quietum
2596 2788 2664 2841 et
2710 2779 2831 2840 hu-

541 2882 796 2948 milem
825 2894 894 2948 et
916 2893 1356 2949 trementem
1378 2883 1625 2948 uerba
1646 2905 1805 2948 mea
1827 2885 2019 2968 (Esai.
2046 2882 2151 2964 66,
2176 2881 2288 2968 2)*τ)
2312 2882 2457 2946 siue
2478 2881 2831 2946 secundum

539 2988 948 3075 exemplaria
991 3011 1156 3076 quae
1186 2988 1589 3053 Hebraicam
1634 2988 2014 3074 eaeprimu‘nt
2056 2985 2433 3051 ueritatem:
2479 2985 2578 3050 ad
2620 3008 2831 3072 quem

539 3103 790 3158 autem
819 3095 1261 3180 respiciam,
1307 3094 1471 3158 ‘nisi
1515 3093 1616 3157 ad
1650 3091 2250 3179 pauperculum,
2298 3102 2367 3156 et
2406 3092 2833 3156 contritum

539 3199 869 3286 spiritu,
917 3209 984 3262 et
1031 3209 1466 3263 trementem
1508 3195 1751 3262 uerba
1793 3219 1949 3262 mea
1981 3197 2175 3282 (idem
2207 3199 2382 3264 loeus
2416 3217 2537 3263 sec.
2569 3197 2830 3282 Uulg.)‘?

539 3304 831 3370 similiter
889 3305 950 3369 N
1007 3305 1158 3385 IIII,
1211 3303 1274 3386 3,
1317 3303 1357 3368 3
1413 3301 1740 3380 obsecra,
1804 3301 2119 3380 domine,
2176 3300 2521 3387 prouida
2579 3300 2832 3366 alium

539 3429 749 3494 quem
792 3407 1082 3486 mittas,
1128 3406 1300 3494 quod
1345 3407 1418 3470 iu
1449 3406 1903 3470 Hebraeorum
1946 3405 2402 3472 uoluminibus
2448 3405 2651 3469 multo
2699 3405 2831 3469 eui-

542 3512 801 3577 dentius
849 3511 1124 3600 leyitur:
1182 3511 1509 3590 obsecro,
1572 3510 1888 3590 domine,
1934 3510 2145 3576 mitte
2188 3533 2399 3597 quem
2442 3510 2830 3574 missurus

540 3640 632 3695 ee,
695 3623 758 3684 et
810 3618 872 3683 N
922 3619 998 3701 V,
1031 3617 1196 3700 5‚2:
1257 3616 1632 3703 quiescite
1677 3613 1769 3681 ab
1824 3616 2137 3693 homine,
2200 3615 2425 3680 cuiue
2485 3614 2831 3702 spiritus

539 3721 624 3787 iu
665 3720 1002 3786 ‘naribus
1035 3721 1235 3786 eius:
1277 3720 1465 3806 quia
1509 3720 1593 3784 iu
1630 3741 1773 3806 quo
1820 3729 2237 3806 reputatus
2285 3730 2392 3784 eet
2436 3719 2603 3806 ipse
2636 3719 2830 3806 (Esai.

538 3825 600 3910 2,
633 3825 790 3910 22)·ι)
835 3825 965 3904 uel,
1010 3835 1087 3890 ut
1117 3825 1348 3890 uerius
1381 3834 1573 3909 atque
1619 3823 1991 3888 euidentius
2037 3825 2111 3888 iu
2142 3823 2439 3888 Hebraeo
2485 3835 2606 3889 est:
2649 3825 2835 3909 quia

541 3930 885 3996 eoeceleus
945 3939 1362 4016 reputatus
1424 3938 1532 3993 est
1585 3929 1835 4015 ipse.¹)
1912 3931 2033 3996 alio
2092 3931 2227 3995 loco
2288 3931 2473 4013 (Inst.
2508 3930 2686 4011 VIII,
2718 3927 2828 4011 21)

631 4191 670 4260 1)
706 4189 830 4246 Non
866 4191 1118 4261 excelsus,
1165 4189 1258 4245 sed
1296 4189 1461 4246 uerba
1495 4191 1558 4246 iu
1594 4208 1697 4261 quo
1734 4189 1867 4259 (scil.
1904 4191 2098 4260 pretio)
2134 4205 2349 4244 sensum
2384 4189 2709 4244 Hebraicum
2748 4203 2832 4243 ex-

537 4278 808 4347 primunt:
847 4279 914 4333 cf.
951 4277 1165 4334 Gesenii
1203 4277 1464 4332 Lexicon²
1497 4295 1547 4348 p.
1575 4277 1720 4342 843⁵,
1760 4275 1851 4332 ubi
1885 4277 1975 4332 hic
1998 4277 2147 4332 locus
2172 4277 2403 4332 uertitur
2438 4279 2494 4331 et
2516 4276 2833 4348 explicatur:

539 4369 762 4426 cuinam
795 4367 878 4422 rei
911 4368 1001 4424 hic
1033 4367 1484 4437 aequiparandus
1519 4373 1597 4421 eet
1610 4367 1639 4422 ἓ
1674 4367 1710 4420 i.
1738 4381 1779 4420 e.
1818 4367 2011 4436 meanti
2047 4367 2137 4422 hic
2170 4365 2543 4422 aestimandus
2578 4371 2655 4420 est
2668 4366 2696 4421 2
