3167 4975
978 440 1211 491 contra
1244 438 1624 493 Nestorium
1661 438 1773 493 lib.
1809 438 1943 503 1111,
1979 442 2132 495 2-4.
2568 440 2697 505 289

402 612 763 695 postulabat
828 614 1067 678 dicens:
1142 614 1483 695 obsecro,
1559 614 1882 695 domine,
1958 617 2172 679 mitte
2239 635 2458 697 quem
2527 617 2696 681 mis-

404 738 618 783 surus
666 738 760 781 es.
840 719 1047 783 misit
1094 736 1240 802 ergo
1288 720 1489 801 inquit
1534 719 1716 783 deus
1762 720 2008 784 filium
2055 739 2266 785 suum
2313 722 2385 784 111
2434 722 2696 786 31111111-

402 823 661 887 tudine
723 824 969 887 carnis
1030 823 1341 907 peccati.
1418 822 1602 904 bene,
1663 843 1806 889 cum
1867 825 2134 888 missum
2197 844 2340 889 eum
2395 827 2458 891 in
2507 844 2693 891 carne
2741 834 2779 889 4

404 928 655 1009 (1103131,
716 932 1043 1011 peccatum
1104 929 1183 993 ab
1244 948 1313 993 eo
1376 930 1581 993 carnis
1643 930 1924 993 exclusit.
2003 931 2210 994 misit
2269 932 2437 994 enim
2497 932 2699 1013 inquit

321 1059 348 1097 5
403 1034 581 1097 deus
636 1034 885 1097 filium
946 1034 1275 1097 suumin
1338 1034 1844 1098 similitudine
1905 1035 2150 1099 carnis
2195 1036 2517 1118 peccati,
2579 1037 2698 1101 hoc

402 1142 525 1219 est,
584 1142 657 1202 ut
712 1140 776 1201 in
836 1156 989 1202 uera
1049 1139 1252 1203 carnis
1316 1139 1710 1221 susceptione
1773 1143 2214 1222 agnosceretur
2274 1140 2507 1205 ueritas
2569 1160 2694 1205 non

400 1244 591 1307 fuisse
651 1244 922 1325 peccati,
993 1247 1055 1307 et
1114 1246 1421 1325 quantum
1482 1243 1561 1307 ad
1623 1261 1846 1327 corpus
1909 1245 2144 1308 ueritas
2203 1244 2694 1328 intellegeretur,

400 1350 647 1412 tantum
691 1348 770 1411 ad
814 1350 1147 1430 peccatum
1194 1347 1534 1411 similitudo
1580 1350 1840 1430 peccati,
1897 1348 2062 1430 quia,
2110 1366 2256 1412 cum
2301 1350 2505 1413 omnis
2551 1367 2693 1414 caro

399 1454 707 1536 peccatrix
754 1452 855 1532 sit,
910 1452 1014 1515 ille
1061 1456 1273 1517 autem
1321 1452 1455 1516 sine
1500 1455 1756 1534 peccato
1803 1470 2057 1517 carnem
2103 1452 2414 1533 habuerit,
2471 1454 2692 1519 simili-

294 1580 345 1619 10
400 1558 683 1621 tudinem
727 1557 1089 1639 peccatricis
1136 1559 1341 1621 carnis
1386 1558 1453 1621 in
1514 1576 1580 1621 se
1627 1557 1869 1638 habuit,
1932 1558 2083 1621 dum
2127 1560 2193 1621 in
2253 1576 2438 1623 carne
2502 1563 2688 1635 esset,

396 1663 661 1726 ueritate
722 1664 935 1727 autem
993 1663 1235 1744 peccati
1296 1662 1513 1742 caruit,
1574 1663 1722 1743 quia
1781 1663 1914 1727 sine
1969 1666 2226 1746 peccato
2272 1663 2406 1727 fuit.
2486 1664 2693 1729 misit

398 1784 545 1850 ergo
602 1766 811 1849 inquit
877 1767 1053 1831 deus
1122 1767 1371 1831 filium
1440 1784 1654 1831 suum
1721 1767 1794 1831 in
1865 1767 2372 1833 similitudine
2441 1770 2689 1834 carnis

392 1872 703 1954 peccati.
752 1940 763 1966 Ι

480 1976 631 2040 IIII.
680 1976 793 2041 Uis
855 1976 1013 2040 scire
1075 1994 1267 2059 quam
1312 1975 1471 2040 bene
1518 1975 1639 2039 hoc
1700 1976 2018 2059 apostolus
2063 1976 2479 2057 praedicarit?
2541 1978 2686 2042 audi

288 2102 341 2141 15
394 2081 923 2163 quemadmodum
971 2083 1089 2146 hoc
1132 2082 1197 2145 in
1260 2100 1327 2145 os
1389 2081 1656 2164 apostoli
1703 2082 1880 2163 quasi
1925 2100 1999 2145 ex
2043 2082 2240 2163 ipsius
2287 2082 2384 2147 dei
2431 2100 2534 2147 ore
2582 2083 2688 2147 de-

392 2186 657 2267 fluxerit,
690 2186 933 2250 dicente
964 2186 1245 2251 domino:
1286 2204 1428 2249 non
1475 2184 1672 2250 enim
1719 2186 1924 2250 misit
1969 2186 2148 2249 deus
2187 2186 2434 2251 filium
2476 2207 2687 2253 suum

392 2292 464 2355 in
510 2290 859 2355 mundum
907 2294 985 2354 ut
1028 2290 1304 2355 iudicet
1348 2290 1731 2371 mundum,
1795 2291 1920 2355 sed
1977 2292 2055 2354 ut
2101 2291 2439 2356 saluetur
2485 2311 2686 2357 mun—

392 2396 527 2460 dus
585 2414 715 2477 per
773 2395 1035 2477 ipsum.
1114 2413 1255 2459 ecce
1301 2396 1457 2477 ipse,
1518 2398 1592 2459 ut
1634 2394 1832 2475 uides,
1889 2394 2177 2460 dominus
2225 2396 2488 2461 missum
2535 2416 2602 2461 33
2649 2416 2686 2461 a

392 2502 505 2566 deo
550 2503 727 2584 patre
774 2500 851 2564 ad
898 2502 1169 2566 salutem
1214 2501 1476 2564 humani
1520 2501 1771 2584 generis
1816 2503 2219 2583 protestatur.
2292 2502 2510 2584 quodsi
2556 2503 2686 2566 eui-

275 2627 338 2667 30
392 2607 638 2670 dentius
684 2605 1128 2669 declarandum
1174 2608 1380 2688 putaS‚
1428 2623 1617 2687 quem
1663 2604 1861 2669 filium
1909 2605 1988 2670 ad
2019 2605 2354 2670 saluandos
2398 2605 2682 2670 homines

392 2711 545 2774 deus
588 2709 852 2790 miserit,
900 2710 1188 2792 quamuis
1234 2711 1518 2792 proprius
1566 2713 1754 2792 atque
1803 2709 2163 2792 unigenitus
2209 2709 2373 2774 filius
2407 2727 2532 2774 non
2563 2711 2682 2774 nisi

388 2833 551 2879 unus
616 2816 699 2878 sit
758 2817 850 2895 et,
919 2833 1063 2878 cum
1124 2814 1323 2878 filium
1386 2833 1571 2878 suum
1640 2813 1892 2878 misisse
1961 2814 2217 2895 dicitur,
2289 2815 2682 2898 unigenitum

387 2921 603 3001 ntique
648 2937 835 2983 suum
883 2919 1131 2983 misisse
1162 2921 1570 3000 monstretur,
1619 2919 1765 2982 audi
1811 2922 2024 2984 tamen
2055 2919 2262 2984 Dauid
2306 2919 2680 3003 prophetam

387 3043 555 3104 eum,
615 3023 723 3105 qui
770 3022 849 3086 ad
894 3023 1164 3088 salutem
1210 3024 1553 3086 humanam
1601 3023 1832 3086 missus
1893 3023 1996 3104 sit,
2059 3023 2528 3088 euidentissime
2573 3023 2680 3088 de-

265 3155 328 3196 25
386 3129 763 3211 signantem.
842 3128 1075 3208 misit,
1120 3129 1342 3210 inquit,
1388 3127 1700 3192 uerbum
1755 3147 1996 3208 suum,
2058 3130 2131 3192 et
2188 3129 2489 3192 sanauit
2533 3147 2674 3193 eos,
2725 3140 2760 3192 2

384 3233 689 3314 numquid
733 3236 977 3297 uertere
1024 3234 1143 3297 hoc
1188 3233 1265 3296 ad
1312 3251 1566 3297 carnem
1612 3235 1812 3315 potes,
1868 3236 1937 3296 ut
1982 3233 2152 3296 dicas
2199 3233 2278 3296 ad
2325 3232 2676 3298 sanandum

381 3339 731 3402 humanum
792 3357 991 3420 genus
1037 3337 1357 3402 hominem
1404 3339 1654 3402 tantum
1701 3355 1738 3400 a
1782 3337 1896 3401 deo
1959 3338 2266 3401 missum?
2329 3355 2452 3402 non
2499 3341 2678 3420 potes

378 3444 613 3524 utique.
714 3442 1021 3506 reclamat
1090 3442 1257 3506 enim
1328 3441 1441 3506 tibi
1510 3460 1656 3506 cum
1724 3441 2013 3506 omnibus
2083 3443 2404 3525 scripturis
2481 3443 2676 3507 sacris

592 3675 683 3745 16]
720 3675 836 3730 Ioh.
863 3679 913 3742 3,
940 3677 1023 3732 17.
1132 3676 1225 3746 25]
1261 3675 1352 3730 Ps.
1381 3677 1499 3742 106,
1523 3677 1610 3732 20.

472 3881 497 3934 1
541 3876 777 3947 domine]
819 3878 867 3930 (ἰ.
908 3879 983 3932 Μ
1096 3880 1131 3932 2
1166 3876 1347 3946 inquit
1379 3895 1481 3933 om.
1520 3877 1597 3932 M
1709 3875 2070 3930 similitudine
2099 3877 2206 3946 ΜΡ
2312 3879 2345 3931 3
2381 3875 2516 3930 113113
2552 3893 2674 3930 011111

381 4009 392 4018 .
424 4008 435 4018 .
466 4007 477 4018 .
505 3969 535 4020 5
574 3964 749 4018 carnis
786 3965 987 4034 peccati
1026 3983 1127 4020 om.
1155 3967 1230 4019 M
1326 3967 1359 4020 4
1398 3964 1598 4018 diceret
1630 3981 1696 4019 ex
1729 3963 1936 4018 dixerat
1959 3965 2026 4018 N
2126 3968 2158 4020 5
2196 3963 2552 4017 similitudine
2575 3966 2673 4034 ΝΡ

379 4057 413 4108 6
450 4055 513 4105 111
549 4069 649 4108 om.
688 4053 763 4106 M
869 4055 899 4106 7
938 4051 1262 4120 intelligitur
1298 4053 1373 4106 M
1484 4055 1549 4107 12
1595 4051 1723 4104 deus
1759 4051 1932 4104 filium
1969 4067 2128 4104 suum
2163 4069 2264 4106 om.
2303 4052 2379 4106 M
2484 4051 2672 4104 simili-

378 4138 571 4192 tudine
602 4139 771 4207 ΝΜΡ
894 4141 955 4194 14
994 4139 1095 4192 hoc
1132 4157 1233 4194 om.
1274 4141 1348 4194 M
1452 4139 1555 4192 hoc
1593 4137 1864 4208 apostolus
1900 4137 2002 4191 hoc
2030 4155 2074 4207 Ρ
2179 4137 2572 4206 praedicauerit
2607 4139 2682 4194 M

378 4229 443 4282 17
481 4225 537 4277 111
576 4223 776 4278 1111111ᾱο
813 4226 879 4280 N
884 4229 899 4260 ¹
1040 4225 1328 4294 mundum]
1372 4225 1575 4279 mundo
1612 4226 1678 4280 N
1681 4229 1696 4261 ¹
1840 4227 1903 4279 19
1945 4226 2096 4292 patre
2135 4222 2233 4276 deo
2263 4241 2306 4292 Ρ
2447 4226 2510 4279 21
2551 4224 2672 4277 uni-—

374 4312 591 4382 genitus
630 4311 716 4364 dei
758 4311 903 4366 filius
940 4313 1041 4368 Mv
1155 4315 1225 4368 23
1270 4313 1505 4366 mississe
1542 4314 1610 4368 N
1710 4313 2041 4366 monstratur
2077 4313 2182 4380 ΜΡ
2289 4313 2358 4367 28
2393 4311 2672 4380 seripturis

376 4399 541 4454 sacris
577 4397 826 4453 omnibus
862 4401 937 4455 M
