3167 4975
1197 438 1360 494 Inst.
1397 439 1511 494 lib.
1539 439 1661 504 VH,
1702 442 1923 496 16—1'7.
2576 439 2695 504 141

410 613 520 675 sed
580 614 906 678 uniuersas
969 615 1157 678 simul
1218 614 1560 679 abicientes
1622 613 2005 678 substantias
2067 615 2425 678 maluerunt
2484 613 2698 676 labore

409 717 655 800 proprio
701 720 801 782 uel
849 719 1199 783 conlatione
1246 720 1530 802 gentium
1578 719 1937 782 sustentari.
2004 718 2079 781 de
2126 735 2393 799 quorum
2448 721 2705 800 sumptu
2753 726 2789 778 2

410 825 662 886 sanctus
711 823 1028 904 apostolus
1092 823 1170 888 ad
1214 823 1533 888 Romanos
1597 822 1875 887 scribens
1938 841 2245 903 suumque
2308 822 2396 886 eis
2458 823 2521 885 in
2582 823 2698 886 hoc

410 925 824 990 ministerium
869 927 1238 1010 praedicans
1285 945 1357 991 ac
1404 926 1718 991 subtiliter
1763 945 1867 990 eos
1926 926 2002 990 ad
2056 926 2217 990 hanc
2277 927 2697 990 conlationem

327 1055 354 1093 5
407 1047 752 1111 prouocans
799 1031 912 1096 ait:
961 1051 1154 1096 nunc
1215 1050 1392 1096 uero
1453 1031 1905 1115 proficiscar
1948 1031 2426 1095 Hierusalem
2486 1031 2697 1094 mini-

301 1577 352 1614 10

297 2097 348 2136 15

291 2622 346 2659 20

407 1137 650 1198 strare
681 1136 986 1200 sanctis.
1038 1137 1474 1219 conplacuit
1504 1137 1699 1200 enim
1730 1135 2217 1200 Macedoniae
2265 1138 2336 1199 et
2365 1135 2695 1198 Achaiae

406 1239 910 1304 conlationem
977 1241 1302 1322 aliquam
1371 1241 1617 1304 facere
1684 1239 1759 1304 in
1825 1258 2195 1322 pauperes
2264 1243 2693 1304 sanctorum

405 1343 528 1424 qui
589 1347 764 1408 sunt
820 1344 1317 1409 Hierusalem.
1404 1345 1839 1429 conplacuit
1893 1343 2113 1425 enim,
2176 1348 2248 1408 et
2308 1344 2693 1411 debitores

407 1451 581 1512 sunt
625 1466 903 1512 eorum:
968 1449 1314 1532 quoniam
1376 1449 1436 1513 si
1482 1449 1947 1533 spiritalium
1994 1467 2243 1513 eorum
2288 1448 2693 1531 participes

405 1552 648 1617 factae
695 1556 868 1617 sunt
911 1558 1208 1636 genteS,
1255 1553 1530 1618 debent
1577 1553 1761 1618 etin
1794 1552 2227 1616 carnalibus
2260 1553 2692 1616 ministrare

405 1656 528 1720 eis.
593 1658 671 1720 ad
704 1657 1056 1723 Corinthios
1103 1677 1350 1740 quoque
1383 1659 1609 1722 horum
1644 1657 2125 1722 sollicitudinem
2157 1657 2443 1720 similiter
2472 1675 2696 1740 geren-s
2748 1665 2781 1718 3

404 1765 615 1825 monet
661 1779 786 1842 eos,
833 1766 905 1827 ut
945 1767 1090 1826 ante
1123 1763 1468 1828 aduentum
1501 1781 1687 1826 suum
1720 1763 2161 1842 conlationem,
2209 1780 2399 1844 quam
2432 1762 2508 1826 ad
2540 1780 2693 1824 usus

405 1883 618 1929 eorum
641 1867 890 1931 mittere
915 1867 1348 1949 disponebant,
1373 1867 1699 1932 sollicitius
1730 1869 2206 1950 praepararent:
2232 1867 2317 1929 de
2349 1865 2693 1929 collectis

403 1974 648 2034 autem
694 1989 877 2053 quae
923 1972 1124 2036 fiunt
1173 1973 1248 2036 in
1309 1973 1625 2052 sanctiS,
1690 1972 1885 2037 sicut
1944 1971 2285 2035 ordinaui
2347 1970 2691 2033 ecclesiis

403 2072 774 2156 Galatiae,
821 2077 922 2140 ita
967 2081 1041 2141 et
1085 2094 1214 2142 uos
1264 2077 1512 2141 facite.
1590 2076 2107 2158 unusquisque
2168 2079 2503 2140 uestrum
2564 2095 2691 2156 per

401 2196 618 2242 unam
665 2179 964 2244 sabbati
1011 2182 1476 2246 thesaurizet
1517 2181 1705 2264 apud
1742 2181 2247 2264 semetipsum
2279 2179 2689 2243 recondens

399 2283 586 2362 quod
635 2284 698 2346 ei
743 2283 927 2348 bene
972 2285 1374 2367 placuerit,
1421 2289 1502 2350 ut
1547 2303 1691 2349 non
1752 2303 1913 2349 cum
1975 2303 2248 2348 uenero
2310 2288 2485 2347 tunc
2547 2284 2690 2347 col-

399 2386 638 2451 lectae
685 2388 894 2454 fiant.
973 2409 1134 2453 cum
1191 2395 1440 2454 autem
1500 2407 1804 2470 uenero,
1866 2407 2367 2470 quoscumque
2428 2387 2689 2470 proba-

400 2492 662 2557 ueritis
694 2514 822 2577 per
854 2494 1251 2578 epistulaS,
1289 2496 1422 2559 hos
1453 2495 1969 2559 transmittam
2000 2495 2336 2577 perferre
2370 2494 2687 2575 gratiam

397 2600 727 2662 uestram
774 2600 845 2662 in
891 2599 1391 2664 Hierusalem.
1471 2604 1534 2663 et
1578 2602 1649 2663 ut
1698 2618 1800 2663 eos
1848 2598 1925 2661 ad
1956 2598 2290 2681 largiorem
2321 2600 2689 2681 prouocaret

399 2702 836 2784 conlationem,
883 2704 1098 2769 infert:
1139 2704 1405 2787 quodsi
1451 2704 1752 2787 dignum
1800 2703 2032 2768 fuerit
2078 2708 2157 2766 ut
2204 2706 2275 2766 et
2321 2720 2452 2785 ego
2500 2720 2687 2782 eam,

399 2824 682 2871 mecum
728 2806 972 2889 ibunt,
1019 2809 1081 2872 id
1129 2814 1225 2873 est
1272 2810 1323 2872 si
1373 2808 1515 2873 talis
1563 2810 1752 2873 fuerit
1798 2807 2029 2872 oblatio
2076 2811 2311 2887 uestra,
2356 2825 2515 2888 quae
2548 2825 2688 2869 mea

397 2928 642 2992 quoque
689 2916 1003 2977 mereatur
1047 2914 1480 2996 prosecutione
1514 2912 1761 2976 deferri.
1833 2912 1909 2975 ad
1943 2911 2200 2975 Galatas
2234 2930 2497 2993 quoque,
2546 2930 2689 2973 cum
2740 2920 2775 2973 4

397 3016 870 3097 praedicationis
917 3018 1335 3081 ministerium
1382 3036 1526 3081 cum
1573 3017 1871 3100 apostolis
1925 3017 2280 3099 partiretur,
2342 3017 2458 3079 hoc
2518 3016 2685 3079 idem

396 3139 464 3183 se
511 3121 840 3203 depectum
886 3140 1030 3184 cum
1077 3121 1323 3202 Iacobo,
1383 3122 1572 3186 Petro
1628 3127 1693 3186 et
1737 3120 2015 3185 Iohanne
2063 3124 2352 3200 testatur,
2414 3124 2486 3183 ut
2541 3120 2687 3183 licet

393 3224 918 3306 praedicationem
965 3226 1310 3309 susciperet
1352 3226 1657 3309 gentium,
1710 3244 2058 3308 pauperum
2106 3229 2322 3290 tamen
2368 3224 2685 3305 quierant

600 3430 654 3500 5]
693 3431 844 3485 Rom.
877 3434 958 3495 15,
983 3434 1206 3487 25-27.
1318 3433 1406 3501 13]
1444 3432 1472 3485 Ι
1510 3432 1628 3486 Cor.
1659 3436 1740 3497 16,
1770 3434 1919 3487 1—3.
2028 3431 2121 3500 21]
2159 3431 2193 3485 l.
2222 3449 2265 3485 c.
2292 3434 2339 3487 4.

478 3608 511 3660 3
536 3605 801 3674 apostolos
825 3607 894 3660 H
895 3609 908 3641 ¹
1015 3608 1046 3661 4
1075 3622 1136 3659 ac
1161 3624 1261 3661 om.
1289 3608 1342 3661 L
1448 3610 1480 3661 5
1507 3610 1685 3660 autem
1713 3609 1798 3663 Ac
1903 3615 2015 3659 ιῖῐπ
2040 3607 2093 3660 A
2200 3606 2593 3659 hierosolimam
2628 3607 2681 3661 L

391 3695 424 3746 6
463 3692 837 3745 machedoniae
875 3694 991 3747 HL
1131 3696 1164 3747 8
1199 3702 1310 3746 Γιῖῡῖ
1349 3695 1402 3748 A
1545 3694 1599 3747 in
1638 3692 1957 3747 hierusalem
1995 3694 2064 3747 H
2194 3693 2494 3761 conplacuit
2538 3693 2679 3745 enim

394 3781 640 3835 GHLT:
661 3780 864 3847 placuit
887 3780 1028 3832 enim
1056 3780 1130 3833 eis
1156 3781 1209 3834 A
1235 3786 1284 3834 et
1318 3782 1472 3851 Uuly.
1581 3785 1615 3835 9
1640 3780 1954 3849 spiritaliter
1979 3782 2031 3834 L
2144 3782 2205 3835 10
2230 3780 2359 3832 sacti
2386 3782 2439 3833 L
2508 3779 2680 3833 factae

390 3872 518 3919 sunt
541 3870 725 3933 gentes
749 3866 1034 3935 participes
1063 3868 1128 3921 H
1220 3870 1278 3921 11
1321 3868 1622 3920 corintheos
1646 3868 1789 3921 G¹H
1794 3870 1803 3901 ¹
1906 3870 1969 3921 12
1994 3867 2049 3919 in
2078 3884 2202 3919 usus
2224 3868 2291 3920 H
2384 3870 2445 3922 13
2470 3867 2679 3935 eorum]

389 3958 694 4007 sanctorum
741 3955 792 4007 L
924 3952 1240 4022 disponebat
1287 3956 1377 4009 Hc
1509 3957 1572 4008 14
1620 3958 1827 4007 sanctos
1873 3955 1959 4008 Ar
2003 3960 2051 4007 et
2097 3956 2249 4023 Uuly.
2385 3954 2587 4005 eclesiis
2626 3956 2679 4007 A

393 4042 457 4095 16
484 4041 803 4094 thesaurizat
827 4042 900 4095 L¹
1009 4044 1141 4109 aput
1176 4043 1229 4096 A
1339 4044 1402 4097 17
1441 4041 1801 4110 conplacuerit
1838 4042 1905 4095 H
1908 4044 1919 4075 ¹
2032 4044 2095 4096 18
2142 4056 2271 4107 quos
2307 4042 2393 4095 Ac
2428 4048 2477 4095 et
2522 4042 2676 4109 Παῖς.

390 4130 455 4183 19
493 4127 739 4196 epistolas
769 4129 897 4181 G'2L
1004 4130 1072 4182 20
1109 4123 1219 4181 ιῖἷιῐ
1247 4130 1300 4183 Α
1408 4131 1471 4183 21
1501 4129 1857 4181 conlationem
1882 4130 2196 4196 prouocaret
2218 4130 2307 4182 Av
2411 4130 2464 4181 et
2496 4146 2595 4181 om.
2624 4132 2677 4181 A

387 4216 456 4269 23
500 4218 768 4268 mereatur
802 4234 904 4270 om.
931 4216 1000 4269 H
1122 4216 1532 4283 prosequutione
1573 4216 1645 4271 θ’
1770 4215 2013 4283 galathas
2054 4215 2166 4269 HL
2291 4218 2357 4268 25
2396 4214 2677 4283 depectum

386 4302 550 4355 ΑΘΗ·
585 4301 856 4369 depictum
894 4303 1027 4356 L¹T
1093 4302 1376 4371 depactum
1415 4304 1509 4357 Ην
1582 4303 1807 4371 depactu
1844 4304 1921 4355 L²
1994 4302 2059 4355 ad
2096 4302 2197 4355 hoc
2236 4301 2375 4354 idem
2414 4318 2468 4354 se
2508 4301 2675 4355 delec-

385 4392 506 4441 tum
545 4389 621 4443 G²
725 4389 927 4443 scilic-et
963 4390 1032 4443 H
1129 4392 1196 4445 26
1235 4390 1564 4458 susceperint
1598 4392 1653 4444 L
1758 4390 1849 4457 qui
1888 4394 2065 4443 tamen
2104 4390 2157 4443 L

490 4490 619 4534 xvn.
640 4492 756 4535 cm.
779 4498 814 4535 1.
2301 4480 2360 4527 17
