3167 4975
1280 1224 1547 1307 PRAE
1569 1186 1891 1308 FArlo.

523 1637 781 1731 Ueteris
805 1664 1213 1728 instrumenti
1240 1668 1453 1728 narrat
1476 1663 1743 1728 historia
1763 1664 2304 1748 sapientissimum
2327 1665 2726 1730 Salomonem

434 1773 579 1853 post
640 1772 961 1853 acceptam
1010 1769 1314 1833 diuinitus
1364 1769 1822 1851 sapientiam
1867 1769 2500 1852 prudentiamque
2546 1771 2728 1835 mul-

436 1879 587 1939 tam
632 1874 857 1938 nimis
904 1878 977 1938 et
1022 1873 1513 1937 latitudinem
1560 1872 1806 1937 cordis
1846 1874 2060 1955 quasi
2105 1873 2462 1939 harenam
2495 1876 2728 1940 maris

434 1977 985 2057 innumerabilem,
1031 1979 1123 2041 ita
1162 1982 1233 2042 ut
1274 1977 1513 2042 domini
1552 1977 1914 2043 testimonio
1961 1978 2174 2042 nullus
2215 1978 2272 2042 ei
2303 1979 2530 2043 similis
2560 1983 2727 2044 retro

348 2111 381 2151 5
438 2083 596 2146 actis
662 2081 1050 2165 temporibus
1112 2081 1427 2146 exstitisse
1489 2100 1692 2162 neque
1737 2084 1883 2165 post
1943 2101 2088 2146 eum
2136 2086 2528 2147 surrecturus
2591 2103 2728 2146 esse

435 2187 699 2267 dicatur,
746 2186 901 2250 illud
933 2186 1342 2270 magnificum
1391 2187 1644 2251 domino
1679 2187 1987 2270 templum
2019 2192 2334 2251 exstruere
2365 2188 2726 2271 cupientem

434 2291 825 2375 alienigenae
884 2291 1051 2374 regis
1099 2291 1245 2374 Tyri
1303 2291 1606 2355 auxilium
1665 2291 2042 2374 poposcisse.
2115 2291 2223 2373 qui
2277 2293 2473 2357 misso
2521 2294 2598 2357 ad
2661 2313 2727 2357 se

430 2397 675 2479 Hyram
734 2395 863 2460 filio
925 2395 1208 2460 mulieris
1268 2395 1523 2476 uiduae,
1586 2395 1892 2478 quidquid
1947 2395 2162 2460 diuina
2214 2396 2525 2478 sapientia
2580 2415 2728 2482 sug-

430 2505 689 2585 gerente
749 2502 1143 2585 praeclarum
1204 2500 1267 2565 in
1330 2502 1568 2584 templo
1631 2500 1869 2565 domini
1924 2500 2026 2565 uel
2087 2502 2153 2566 in
2209 2502 2404 2566 sacris
2467 2503 2727 2567 nasibus

322 2637 375 2675 ιο
432 2605 831 2686 moliebatur,
894 2604 1244 2670 ministerio
1306 2604 1439 2668 eius
1503 2623 1575 2669 ac
1636 2604 2046 2689 dispositione
2089 2606 2372 2689 perfecit.
2466 2606 2521 2670 si
2581 2624 2726 2691 ergo
2775 2621 2810 2673 2

432 2710 541 2773 ille
586 2709 899 2774 uniuersis
944 2710 1159 2793 regnis
1190 2712 1391 2773 terrae
1438 2708 1770 2773 sublimior
1817 2709 2208 2793 principatus
2255 2715 2318 2775 et
2348 2710 2727 2776 Israhelitici

431 2815 683 2898 generis
730 2812 997 2878 nobilior
1044 2814 1565 2895 excellentiorque
1611 2814 1941 2898 progenies
1995 2814 2230 2897 illaque
2277 2815 2590 2898 sapientia
2634 2815 2729 2879 di-

432 2918 673 2983 uinitus
720 2918 1045 3001 inspirata,
1094 2935 1253 2999 quae
1298 2921 1670 2981 cunctorum
1710 2916 2128 2983 Orientalium
2175 2922 2238 2982 et
2268 2918 2728 3003 Aegyptiorum

433 3022 799 3105 disciplinas
856 3025 918 3086 et
978 3022 1275 3087 instituta
1320 3021 1680 3104 superabat,
1744 3040 2142 3105 nequaquam
2187 3024 2480 3107 pauperis
2542 3027 2729 3106 atquc

324 3158 379 3197 15
436 3127 823 3211 alienigenae
870 3126 987 3191 uiri
1035 3126 1368 3191 consilium
1414 3127 1810 3211 dedignatur,
1873 3130 2040 3191 recte
2089 3127 2281 3191 etiam
2327 3132 2397 3191 tu
2443 3127 2542 3192 his
2591 3147 2729 3191 eru-

433 3232 605 3296 ditus
652 3232 973 3315 exempli3‚
1032 3231 1399 3296 beatissime
1445 3250 1610 3315 papa
1655 3231 1898 3313 Castor,
1960 3251 2181 3296 uerum
2228 3250 2299 3297 ac
2356 3232 2728 3298 rationabile

434 3336 551 3400 deo
598 3337 905 3419 templum
946 3354 1070 3400 non
1108 3335 1422 3419 lapidibus
1463 3336 1960 3418 insensibilibuS,
2013 3337 2122 3401 sed
2161 3340 2522 3401 sanctorum
2565 3337 2731 3401 uiro-

434 3459 580 3505 rum
612 3442 1113 3525 congregatione,
1162 3460 1277 3505 nec
1306 3442 1652 3525 temporale
1687 3444 1750 3505 et
1781 3441 2203 3525 corruptibile,
2253 3443 2361 3506 sed
2403 3446 2731 3506 aeternum

644 3638 701 3708 2]
740 3638 827 3693 111
864 3638 993 3709 Reg.
1018 3642 1069 3703 4,
1095 3642 1178 3695 29.
1319 3638 1377 3707 4]
1415 3639 1694 3705 cf.1.c.3‚
1725 3642 1804 3695 13.
1947 3640 2004 3709 8]
2045 3639 2112 3695 cf.
2138 3639 2174 3693 1.
2203 3656 2246 3694 ο.
2275 3642 2322 3704 7,
2351 3642 2573 3695 13—14.

522 3830 791 3885 Praefatio
837 3830 1107 3899 sequentis
1152 3830 1325 3900 operis
1366 3830 1417 3886 G
1558 3830 1761 3899 Incipit
1805 3830 2068 3900 praefatio
2107 3830 2334 3886 cassiani
2372 3832 2428 3885 in
2464 3831 2618 3886 libris
2667 3831 2732 3886 de

435 3917 773 3972 institutione
809 3921 864 3972 et
897 3917 1091 3973 habitu
1118 3917 1502 3973 monachorum
1526 3919 1607 3986 H,
1631 3924 1852 3988 uterque
1877 3920 1979 3975 litt.
2007 3921 2229 3976 minse.
2326 3920 2473 3975 nihil
2495 3920 2730 3990 inscrip-

437 4012 556 4149 tw'i
587 4006 923 4147 Zlssnonem
959 4092 1043 4147 Η1
1150 4096 1183 4148 3
1221 4110 1437 4147 arenam
1474 4094 1543 4149 H
1645 4096 1676 4148 5
1716 4093 1952 4147 extitisse
1993 4094 2185 4149 G²HL
2304 4097 2336 4150 6
2373 4095 2635 4149 instruere
2670 4096 2739 4151 H

438 4184 675 4236 extruere
713 4183 765 4236 L
889 4184 922 4237 8
960 4181 1093 4249 hyra
1128 4181 1205 4235 L²
1320 4180 1584 4250 quidquid
1627 4182 1728 4237 G1:
1764 4181 2018 4250 quiequid
2060 4182 2203 4237 6²11
2268 4181 2523 4250 quicquid
2562 4185 2644 4236 est
2679 4184 2732 4237 L

438 4316 473 4368 9
506 4311 723 4366 uasibus
752 4312 831 4367 G:
866 4278 1109 4381 uassibtiis
1135 4312 1255 4381 (bus
1282 4312 1381 4367 del.
1408 4331 1476 4367 m.
1500 4314 1558 4381 2)
1582 4314 1652 4368 H
1717 4282 1866 4365 uasis⁵
1885 4314 1972 4368 Lv
2081 4314 2145 4367 10
2172 4311 2544 4381 dispessitione
2570 4313 2732 4367 H¹L¹

445 4402 506 4454 11
548 4398 793 4471 uniuersa
831 4403 1003 4454 terrae
1039 4399 1161 4468 (om.
1201 4400 1400 4469 regnis)
1437 4401 1490 4454 L
1603 4402 1667 4456 13
1703 4397 2064 4467 origentilium
2102 4400 2178 4454 L¹
2289 4402 2352 4455 15
2390 4398 2644 4453 auxilium
2670 4400 2739 4455 H
