3167 4975
968 442 1199 494 contra
1232 440 1614 497 Nestorium
1650 440 1759 494 lib.
1799 437 1873 501 11,
1911 440 2065 495 3—4.
2533 438 2660 503 253

374 622 482 681 aut
528 634 686 700 quae
732 618 981 682 insania
1027 620 1165 682 est?
1230 618 1290 681 si
1338 617 1616 702 affiget
1660 617 1873 681 homo
1921 615 2134 679 deum
2187 634 2429 696 suum,
2493 616 2664 698 quia

370 740 501 787 uos
548 721 880 805 affigitis
926 723 1101 786 meip
1146 723 1321 786 uides
1361 723 1671 804 quomodo
1703 738 1822 785 uox
1853 720 2012 784 haec
2048 720 2327 803 ipsarum
2359 721 2660 801 quodam·
2709 729 2744 781 9

372 826 555 891 modo
614 844 775 908 qnae
836 830 1011 891 actae
1072 830 1223 891 sunt
1280 845 1491 891 rerum
1552 844 1672 891 uox
1741 826 1842 889 sit.
1939 824 2244 906 numquid
2314 825 2663 908 expressius

372 931 707 1015 quicquam
752 934 862 996 aut
924 930 1319 996 manifestius
1368 932 1660 1014 quaeris?
1721 930 1899 994 uides
1945 928 2255 1012 quomodo
2301 929 2666 994 testimonia

292 1064 319 1102 5
374 1054 553 1101 sacra
617 1040 839 1101 natum
906 1036 973 1100 in
1042 1054 1227 1101 carne
1296 1036 1621 1101 dominum
1691 1036 1902 1099 Iesum
1972 1033 2291 1099 Christum
2364 1032 2442 1097 ab
2511 1034 2664 1118 ipsis

374 1140 831 1222 quodammodo
878 1140 1276 1205 incunabulis
1324 1159 1522 1223 usque
1568 1139 1649 1205 ad
1687 1156 1936 1203 crucem
1985 1157 2172 1220 quam
2218 1138 2480 1222 pertulit
2523 1156 2665 1221 pro-

372 1248 589 1309 secuta
632 1245 779 1325 sint,
828 1263 972 1309 cum
1019 1245 1235 1327 utique
1282 1245 1484 1326 illum,
1532 1262 1720 1327 quem
1761 1242 1912 1309 alibi
1957 1243 2114 1327 legis
2161 1242 2348 1307 deum
2379 1243 2446 1306 in
2477 1261 2662 1307 carne

373 1350 565 1429 nasci,
612 1348 713 1413 hic
759 1349 947 1414 deum
994 1350 1059 1414 in
1104 1367 1285 1414 cruce
1332 1349 1547 1414 uideas
1597 1348 1788 1433 affigi.
1873 1351 1937 1412 et
1980 1348 2118 1413 ideo
2169 1366 2206 1412 a
2248 1349 2554 1431 propheta
2599 1352 2662 1413 et
2711 1355 2789 1410 10

375 1454 523 1535 illic,
592 1454 702 1519 ubi
756 1458 942 1519 natus
1005 1458 1120 1535 est,
1182 1455 1335 1519 deus
1383 1454 1631 1535 dicitur,
1693 1458 1756 1518 et
1799 1453 1946 1534 11110,
2009 1450 2118 1516 ubi
2171 1451 2497 1516 crucifixus
2545 1456 2661 1533 est,

267 1586 319 1627 ιο
372 1559 526 1623 deus
584 1558 1049 1623 euidentissime
1112 1559 1490 1639 nominatur,
1552 1577 1632 1623 ne
1695 1557 1933 1622 scilicet
1990 1558 2056 1622 in
2118 1557 2324 1639 aliquo
2371 1556 2664 1641 dignitati

372 1662 717 1727 diuinitatis
779 1663 1232 1747 praeiudicaret
1306 1664 1511 1727 carnis
1574 1663 1921 1745 assumptio
1983 1664 2046 1725 et
2105 1662 2405 1727 honorem
2468 1661 2663 1726 maie-

370 1767 556 1831 statis
586 1766 956 1851 infringeret
988 1768 1092 1833 1101
1123 1768 1447 1832 humilitas
1480 1766 1754 1850 corporis
1786 1766 1888 1830 uel
1921 1766 2304 1831 contumelia
2333 1766 2660 1849 passioniS‚

370 1889 517 1937 cum
577 1872 791 1954 utique
854 1889 1082 1956 augere
1144 1873 1209 1937 in
1270 1871 1451 1938 nobis
1514 1872 1814 1936 affectum
1860 1872 1992 1936 eius
2039 1874 2104 1935 et
2148 1871 2390 1935 cultum
2437 1869 2664 1935 debeat

370 1976 473 2040 uel
519 1976 799 2059 dignatio
847 1979 980 2040 tam
1038 1976 1298 2041 humilis
1362 1976 1712 2041 natiuitatis
1775 1976 1878 2039 uel
1936 1976 2137 2059 pietas
2197 1980 2330 2040 tam
2388 1975 2664 2059 benigna

266 2108 317 2148 1⁵
370 2080 691 2164 patientiS,
753 2082 901 2163 quia
960 2083 1303 2147 maximum
1359 2082 1577 2164 utique
1625 2086 1689 2146 et
1733 2081 2244 2145 inmanissimum
2292 2082 2497 2146 scelus
2545 2085 2661 2161 est,

372 2188 443 2249 ut
484 2185 621 2251 ideo
667 2186 833 2269 apud
880 2204 993 2251 nos
1040 2187 1248 2251 minus
1293 2186 1545 2251 honoris
1592 2185 1843 2266 habeat,
1892 2186 2037 2269 quia
2080 2186 2222 2269 plus
2271 2188 2498 2252 amoris
2545 2186 2662 2249 im-

368 2290 603 2372 pendit.

456 2394 604 2459 1111.
638 2393 760 2460 Sed
802 2394 899 2459 his
940 2396 1206 2476 0011εεί5,
1254 2414 1415 2478 quae
1446 2395 1742 2479 explicari
1771 2396 1908 2461 ideo
1941 2395 2114 2460 nullo
2145 2394 2327 2460 modo
2373 2399 2659 2479 possunt,

370 2499 535 2582 quia,
582 2500 745 2564 sicut
788 2501 1163 2566 inmensitas
1207 2499 1654 2566 beneficiorum
1702 2501 1890 2582 illius,
1937 2501 2028 2564 ita
2059 2503 2122 2564 et
2149 2501 2370 2566 relatio
2402 2502 2660 2566 modum

258 2635 315 2674 20
370 2623 495 2668 non
533 2604 747 2685 habet,
794 2610 1045 2689 tempus
1078 2610 1174 2670 est
1206 2609 1276 2670 ut
1306 2605 1721 2671 fortissimum
1754 2605 1828 2670 de
1861 2621 1934 2669 eo
1966 2623 2039 2670 ac
2069 2604 2660 2670 manifestissimum

368 2712 599 2774 testem
646 2709 781 2773 eius
826 2709 1096 2774 Paulum
1158 2710 1515 2793 apostolum
1574 2711 2006 2775 consulamus:
2069 2709 2430 2774 fidelissime
2492 2710 2658 2774 enim

368 2812 549 2878 nobis
610 2814 823 2879 omnia
882 2813 958 2878 de
1018 2815 1131 2878 deo
1192 2817 1403 2899 potest
1457 2815 1682 2895 dicere,
1744 2815 1818 2878 de
1879 2816 2055 2878 cuius
2117 2833 2364 2898 semper
2408 2819 2658 2898 pectore

366 2917 614 2982 locutus
662 2920 760 2982 est
790 2917 960 2983 deus.
1034 2922 1302 2984 testatur
1334 2937 1479 3003 ergo
1512 2918 1576 2983 in
1621 2919 1790 2984 hunc
1821 2919 2079 2985 modum
2125 2919 2203 2984 de
2233 2919 2439 3002 gratia
2469 2922 2656 3000 atque

369 3023 646 3087 aduentu
694 3022 927 3088 domini
975 3024 1069 3087 dei
1134 3024 1331 3089 nostri
1388 3023 1622 3088 missus
1684 3023 1762 3087 ad
1809 3023 2257 3088 destruendum
2304 3024 2657 3107 gentiliciae

257 3151 314 3191 ιε
370 3126 832 3209 superstitionis
902 3145 1173 3193 errorem
1236 3130 1470 3192 electus
1530 3128 1819 3212 gentium
1887 3129 2218 3212 magister:
2289 3128 2656 3212 apparuit,

368 3230 594 3313 inquit,
626 3233 875 3315 gratia
919 3232 1034 3296 dei
1074 3234 1480 3299 saluatoris
1528 3233 1770 3297 nostri
1817 3231 2161 3296 omnibus
2207 3231 2656 3313 hominibuS‚

370 3335 719 3400 erudiens
766 3355 926 3418 noS,
972 3340 1053 3400 ut
1098 3336 1561 3421 abnegantes
1608 3337 2076 3420 impietatem
2123 3341 2196 3401 et
2235 3337 2660 3401 saecularia

369 3438 743 3505 desideria
802 3440 1046 3534 sobrie
1106 3444 1181 3505 et
1223 3441 1341 3525 pie
1402 3445 1473 3506 et
1530 3443 1730 3507 iuste
1791 3442 2134 3506 uiuamus
2180 3443 2254 3506 in
2308 3441 2443 3506 hoc
2504 3460 2656 3506 sae-

368 3544 567 3625 culo,
632 3549 1119 3628 expectantes
1176 3545 1474 3611 beatam
1528 3565 1732 3631 spem
1789 3551 1860 3611 et
1921 3547 2326 3611 aduentum
2371 3546 2657 3630 gloriae

258 3673 315 3712 so
368 3647 621 3732 magni
666 3649 783 3714 dei
830 3652 903 3714 et
948 3651 1361 3714 saluatoris
1410 3652 1649 3715 nostri
1695 3651 1865 3714 Iesu
1913 3650 2216 3716 Christi.
2280 3651 2651 3734 apparuit,
2704 3660 2738 3713 2

578 3820 629 3890 1]
668 3820 704 3876 1.
732 3837 775 3875 ο.
883 3822 973 3892 25]
1012 3821 1115 3876 Tit.
1142 3826 1193 3888 2,
1221 3825 1439 3879 11—13.

456 3963 481 4016 1
523 3959 699 4029 affigit
734 3962 799 4016 N
874 3961 1008 4031 affl&
1042 3963 1117 4017 M
1248 3965 1283 4017 4
1317 3977 1535 4030 quaeres
1574 3963 1648 4017 M
1781 3965 1812 4018 5
1850 3962 1982 4016 dfun
2020 3961 2142 4016 nim
2181 3963 2254 4016 M
2387 3965 2420 4018 8
2457 3965 2512 4016 01
2546 3961 2655 4015 11110

356 4053 487 4117 poet
520 4049 779 4117 propheta
808 4067 909 4104 om.
937 4051 1004 4104 N
1107 4052 1140 4104 9
1170 4050 1333 4119 prius
1370 4049 1480 4103 illic
1516 4068 1619 4106 01η.
1651 4069 1688 4104 α
1797 4053 1860 4106 12
1897 4049 2206 4104 humanitas
2231 4053 2297 4120 ρ*
2409 4051 2474 4104 16
2511 4065 2655 4103 amo-

366 4134 465 4204 ris]
501 4134 719 4189 honoris
754 4137 891 4205 Npa
1031 4139 1098 4192 22
1137 4136 1309 4190 dicere
1346 4139 1523 4206 potest
1558 4139 1660 4193 Mu
1802 4136 1890 4206 de]
1927 4137 1998 4207 he
2035 4139 2108 4191 M
2173 4154 2199 4190 0
2235 4155 2266 4192 v
2398 4139 2466 4192 24
2503 4135 2655 4190 disti—

364 4220 627 4275 tuendum
663 4225 739 4278 M
870 4223 1150 4292 gentilicae
1188 4225 1254 4280 N
1330 4224 1616 4296 gentiliacc
1645 4243 1690 4295 p
1830 4227 1898 4280 25
1936 4224 2207 4294 apparuit]
2245 4223 2470 4293 apostoli
2509 4224 2654 4294 pauli

363 4307 677 4362 testimonia
719 4327 908 4381 maryo
952 4311 1019 4365 N
1156 4313 1225 4366 26
1272 4313 1438 4365 nostri
1486 4331 1588 4367 om.
1638 4312 1711 4366 M
1861 4315 1928 4368 28
1974 4314 2086 4366 scio
2129 4313 2257 4382 Np:
2311 4311 2513 4366 mundo
2559 4313 2657 4368 Mv

364 4398 435 4451 30
472 4397 685 4464 aparuit
716 4399 784 4452 N

472 4500 599 4542 xvu.
621 4501 735 4543 Cass.
761 4507 795 4543 1.
2276 4492 2343 4540 24
