3167 4975
2488 435 2656 493 CVII

363 623 765 686 consensum,
797 605 940 688 plus
973 604 1367 669 auctoritatis
1403 604 1694 669 attribuit
1725 623 1916 686 quam
1949 604 2153 670 tribus
2185 604 2654 688 posterioribus.

363 710 832 775 concedendum
865 710 1118 792 quidem
1165 713 1260 774 est
1308 728 1451 773 eum
1482 708 1788 773 librorum
1835 727 2090 774 suorum
2121 709 2241 773 fide
2287 709 2501 773 nisum
2531 726 2660 772 uon

364 832 603 898 paucos
647 815 817 878 locos
862 814 928 878 in
975 813 1355 878 editionibus
1400 814 1714 897 prioribus
1761 815 1926 878 111010
1972 813 2222 878 habitos
2271 813 2658 894 emendasse,

368 919 479 983 sed
540 919 759 982 statim
827 918 1297 1002 adiungendum
1359 918 1624 982 totidem
1685 919 1838 982 locis
1901 918 2237 983 lectionem
2307 935 2524 981 ueram
2586 937 2659 981 ex

365 1023 593 1087 iisdem
638 1022 817 1087 libris
864 1023 1227 1087 foedissime
1275 1041 1411 1086 esse
1457 1023 1920 1107 interpolatam.
1969 1041 2354 1105 quamquam
2402 1021 2660 1106 Cuyckii

369 1127 749 1210 exemplaria
792 1145 919 1192 non
964 1127 1030 1190 in
1077 1127 1369 1191 omnibus
1415 1127 1704 1210 partibus
1750 1129 1886 1211 pari
1930 1127 2130 1210 pretio
2177 1127 2449 1191 fuerunt.
2515 1145 2660 1191 cum

372 1231 542 1295 enim
587 1231 799 1296 omnia
844 1232 979 1296 sine
1027 1231 1216 1296 dubio
1255 1233 1616 1316 apographa
1659 1231 1896 1297 fuerint
1927 1233 2328 1314 antiquorum
2376 1232 2661 1296 codicum

369 1336 1003 1420 Francogallicorum,
1058 1337 1299 1401 factum
1348 1340 1445 1401 est
1490 1340 1561 1401 ut
1607 1337 2092 1402 Institutionum
2134 1336 2278 1401 libri
2326 1340 2391 1400 et
2436 1336 2662 1401 Conla-

371 1441 615 1505 tionum
660 1445 871 1524 partes
928 1442 1201 1506 secunda
1250 1445 1313 1506 et
1358 1441 1545 1505 tertia
1603 1442 1670 1505 in
1715 1441 1834 1506 hac
1881 1442 2151 1505 editione
2212 1440 2580 1524 longissime
2627 1458 2664 1504 a

372 1562 519 1608 uero
566 1545 913 1624 discedant,
960 1546 1165 1628 prima
1211 1549 1423 1609 autem
1465 1544 1910 1610 Conlationum
1955 1563 2100 1629 pars
2148 1545 2534 1609 emendatior
2581 1545 2665 1608 sit

372 1667 565 1731 quam
610 1651 677 1714 in
724 1648 1103 1714 editionibus
1158 1650 1418 1731 reliquis
1465 1668 1622 1730 quas
1670 1651 1834 1714 noui.
1907 1669 2058 1714 nam
2103 1649 2348 1714 codices
2393 1649 2664 1714 Franco-

370 1753 587 1837 gallici
633 1753 1061 1834 antiquissimi
1108 1751 1175 1814 D
1206 1759 1270 1818 et
1309 1749 1381 1830 0,
1430 1771 1585 1836 quos
1634 1772 1747 1818 nos
1781 1755 1860 1817 ad
1905 1752 2176 1837 primam
2222 1757 2468 1837 partem
2502 1751 2663 1819 Con-

369 1858 683 1922 lationum
714 1857 1139 1937 adhibuimuS‚
1188 1857 1341 1922 satis
1385 1858 1533 1923 boni
1566 1862 1743 1923 sunt:
1794 1858 1858 1922 in
1893 1859 2168 1923 secunda
2199 1877 2346 1922 uero
2380 1862 2444 1923 et
2475 1859 2666 1923 tertia

373 1967 553 2046 parte
580 1959 633 2024 O
652 1980 1048 2044 nequaquam
1078 1963 1358 2026 eiusdem
1384 1965 1481 2026 est
1504 1962 1709 2045 pretii.
1736 1963 1890 2027 item
1916 1963 2397 2028 Institutionum
2422 1963 2664 2027 codices

373 2066 699 2131 Parisinus
734 2069 798 2129 et
826 2066 1262 2131 Laudunensis
1295 2067 1618 2132 inferiores
1665 2071 1816 2131 sunt
1861 2067 2072 2132 codice
2099 2066 2344 2151 Augiae
2391 2067 2662 2131 maioris,

374 2171 602 2234 melius
628 2170 899 2254 Cuyckio
930 2190 1031 2234 res
1062 2172 1129 2234 in
1158 2169 1337 2235 libris
1370 2175 1590 2236 contra
1617 2170 1984 2236 Nestorium
2017 2171 2424 2235 emendandis
2456 2172 2663 2235 cessit.

374 2279 643 2340 nanctus
692 2279 789 2340 est
834 2276 1002 2339 enim
1048 2275 1326 2340 codicem
1375 2275 1846 2340 coloniensium
1878 2274 2510 2368 Augustiuianorum,
2559 2275 2666 2358 qui

373 2380 651 2444 familiae
720 2379 996 2444 melioris
1056 2380 1198 2460 fuit,
1270 2380 1527 2461 eiusque
1589 2399 1704 2462 ope
1775 2380 2008 2444 multos
2070 2381 2237 2445 locos
2305 2380 2666 2445 foedissime

374 2489 698 2568 corruptos
748 2503 969 2549 sanare
1017 2484 1299 2569 contigit.

464 2589 756 2654 Ceterum
790 2608 869 2654 ne
901 2589 1127 2654 Carasa
1152 2590 1407 2671 quidem
1441 2589 1700 2673 Ouyckii
1731 2590 1984 2674 ingenio
2017 2594 2128 2655 aut
2159 2610 2309 2655 cura
2341 2591 2532 2655 nimis
2566 2591 2670 2654 de-

374 2696 645 2759 lectatus
680 2713 816 2758 esse
848 2694 1115 2758 uidetur.
1174 2694 1507 2777 instigauit
1538 2695 1710 2759 enim
1739 2695 2001 2759 Petrum
2050 2695 2451 2760 Ciacconium
2497 2714 2669 2779 pres-

377 2798 668 2881 byterum
701 2798 1096 2879 Το10101111111,
1144 2798 1353 2862 uirum
1385 2798 1823 2863 doctissimum
1857 2802 1920 2863 et
1951 2800 2106 2863 artis
2139 2800 2391 2863 criticae
2422 2800 2670 2882 peritis-

378 2904 635 2984 simum,
666 2906 737 2967 ut
762 2903 981 2986 etipse
1008 2902 1291 2968 Cassiani
1319 2903 1569 2987 scriptis
1596 2904 1978 2987 castigandis
2003 2922 2264 2968 manum
2291 2904 2669 2968 admoueret.

380 3008 491 3071 sed
521 3008 887 3073 ciacconius
918 3026 1075 3091 opus
1108 3008 1273 3089 quod
1320 3012 1682 3091 susceperat
1727 3008 2079 3091 perfectum
2125 3026 2250 3073 non
2297 3008 2478 3089 uidit,
2526 3028 2672 3073 cum

381 3130 437 3175 a.
485 3110 646 3175 1581
713 3112 879 3176 diem
943 3130 1308 3195 supremum
1370 3111 1614 3177 obierit.
1692 3113 1924 3195 prodiit
1985 3116 2197 3177 autem
2257 3131 2424 3178 noua
2483 3114 2671 3177 editio

380 3218 615 3282 Romae
678 3236 750 3281 ex
811 3215 1069 3280 aedibus
1130 3216 1448 3281 Dominici
1514 3216 1716 3279 Basae
1780 3217 2154 3300 typographi
2217 3234 2270 3281 a.
2326 3214 2490 3280 1588
2553 3217 2669 3281 sub

382 3320 595 3386 titulo:
644 3318 914 3383 Ioannis
958 3317 1261 3385 Cassiani
1290 3318 1639 3397 Eremitae,
1683 3319 1759 3382 de
1791 3319 2114 3382 institutis
2147 3320 2675 3384 renuntiantium

380 3423 573 3487 Libri
617 3424 767 3487 XII.
841 3422 1230 3489 Collationes
1278 3422 1668 3488 Sanctorum
1709 3423 1988 3487 Patrum
2033 3423 2318 3487 XXIIII.
2367 3422 2674 3488 Adiectae

379 3540 535 3592 sunt
557 3528 977 3613 quarundam
1006 3526 1435 3591 obscurarum
1460 3528 1817 3591 dictionum
1847 3528 2417 3613 interpretationes
2445 3528 2675 3593 ordine

382 3632 718 3719 alphabeti
752 3632 1135 3718 dispositae:
1164 3631 1225 3697 ὤ
1250 3632 1732 3697 obseruationes
1764 3632 1838 3694 in
1872 3630 2012 3695 loca
2043 3632 2350 3720 ambiyua
2373 3632 2434 3697 ὀὶ·
2457 3634 2673 3696 minus

384 3748 546 3801 tuta.
604 3737 953 3801 Praeterea
985 3736 1237 3801 Indices
1273 3737 1402 3801 cluo
1450 3736 1960 3799 testi‘nwniorum
2003 3758 2234 3800 sacrae
2265 3736 2675 3823 Scripturas,

382 3866 547 3929 quae
604 3846 645 3905 a
705 3840 1019 3935 Cassiano
1080 3841 1179 3905 vel
1240 3842 1681 3928 explicantur,
1741 3840 1840 3905 vel
1899 3840 2100 3905 aliter
2159 3846 2352 3927 quam
2409 3842 2677 3928 vulyata

382 3948 583 4012 editio
616 3946 803 4010 habet
834 3948 1160 4011 citantur:
1205 3970 1281 4009 ac
1303 3952 1625 4032 postremo
1673 3969 1896 4009 rerum
1923 3946 2440 4010 memorabilium
2472 3946 2678 4010 Indeae

382 4052 883 4138 copiosissimus.
917 4050 1198 4115 Accessit
1215 4050 1472 4138 Reyula
1492 4051 1555 4114 S.
1576 4051 1615 4113 I
1616 4051 1925 4137 ’achomij‚
1952 4073 2114 4135 quac
2141 4056 2180 4112 ὸ,
2197 4051 2264 4115 S.
2283 4051 2677 4136 Hieronymo

387 4158 457 4220 in
488 4156 802 4219 Latinum
840 4178 1187 4219 sermonem
1230 4178 1546 4219 conuersa
1593 4165 1714 4218 est:
1768 4154 1999 4217 Omnia
2037 4154 2238 4217 multo
2284 4160 2478 4240 quam
2507 4164 2678 4218 ante-

384 4263 525 4338 hac,
598 4260 857 4324 auxilio
918 4260 1497 4324 vetustissimormn
1556 4260 1868 4335 codicum,
1937 4259 2398 4335 emendatio-ra,
2467 4260 2529 4323 <t-
2588 4259 2680 4322 ad
2773 4268 2786 4281 ⁸

382 4387 575 4429 suam
632 4365 1064 4451 inte9ritatem
1124 4366 1448 4429 restituta.
1527 4367 1692 4430 idem
1752 4364 2178 4447 typographus
2235 4364 2362 4429 iam
2409 4383 2462 4429 a.
2514 4364 2680 4427 1580
