3167 4975
2416 470 2597 529 XXV

701 639 860 711 leetjo
895 656 1020 693 uera
2028 640 2075 694 A

300 799 377 876 V,
413 798 522 879 11,
561 798 594 861 1
645 797 852 860 multa
901 798 1224 885 uariaque
1279 820 1400 860 mo·
1507 798 1749 861 multas
1819 799 2173 883 uariasque
2242 798 2599 861 manilium

391 902 644 965 uilium
687 926 920 989 9enera
945 955 1394 969 .....
1594 904 1831 989 species
1878 902 1989 986 (=
2038 904 2114 983 L)

299 1044 386 1053 —·
423 1006 530 1088 12,
563 1006 606 1071 2
638 1006 986 1070 luctamine
1056 1060 1068 1071 .
1166 1060 1178 1072 .
1275 1060 1287 1072 .
1383 1060 1396 1073 .
1507 1008 1857 1071 certamine

299 1150 386 1157 —
419 1150 510 1159 —
541 1112 1402 1175 —decertandieoneeditur
1509 1112 1886 1175 conceditur
1910 1112 2288 1176 decertandi
2317 1113 2426 1196 (.-..-
2454 1114 2599 1199 HT)

299 1254 384 1262 --
425 1216 508 1281 13
559 1216 726 1279 enim
836 1270 1397 1283 ......
1507 1237 1629 1283 0111.

301 1360 384 1366 —
424 1322 508 1384 15
561 1321 856 1385 deuia-rit
950 1375 1396 1387 .....
1509 1321 1889 1385 deuictam-it
1936 1324 2046 1407 (Ξ
2080 1323 2213 1406 L'I')

301 1463 386 1471 —
421 1424 529 1504 21,
563 1426 606 1487 4
651 1448 782 1511 qua
826 1426 1154 1511 efficimur
1275 1480 1286 1492 .
1384 1479 1397 1491 .
1509 1449 1673 1511 quae
1719 1426 2013 1513 efficitur

297 1567 384 1575 —
417 1568 508 1576 —
571 1530 614 1594 5
659 1530 1117 1617 corruptibilis
1167 1585 1179 1597 .
1277 1585 1286 1595 .
1385 1585 1397 1595 .
1509 1532 1877 1617 corporalis

299 1673 384 1680 ——
419 1673 508 1682 —
542 1673 627 1682 -
707 1635 774 1697 in
849 1636 1229 1700 interiorem
1305 1637 1400 1700 in-

387 1739 624 1827 quiem
673 1740 980 1805 hominem
1058 1795 1069 1805 .
1167 1794 1178 1805 .
1275 1794 1286 1805 .
1384 1794 1396 1806 .
1511 1744 1811 1829 inquiens
1872 1743 1940 1805 in
1992 1740 2298 1805 interiori
2350 1730 2600 1803 homine

297 1883 384 1891 —
417 1884 508 1893 —
541 1884 630 1893 —
675 1845 914 1910 uestris
949 1899 1396 1912 .....
1507 1849 1750 1911 nostris
1798 1849 1907 1932 (=
1956 1846 2110 1933 S2T)

301 1988 386 1997 —-
421 1954 514 2013 22
561 1950 733 2015 nihil
779 1972 908 2037 per
951 1961 1141 2015 semet
1192 1952 1402 2037 ipsam
1507 1976 1621 2015 nec
1666 1976 1793 2039 per
1846 1962 2033 2015 semet
2090 1952 2303 2037 ipsam
2363 1948 2599 2013 habene

389 2055 635 2119 habens
675 2055 930 2141 peccati
948 2108 1396 2121 .....
1596 2056 1865 2143 aliquid
1899 2056 2157 2143 peccati

299 2162 412 2238 VI,
447 2160 492 2223 2
523 2159 691 2245 fons
737 2161 919 2223 uitae
965 2162 1314 2247 mortisque
1385 2214 1396 2225 .
1495 2162 1660 2248 fons
1706 2162 1889 2225 uitae
1933 2163 2042 2246 (--
2077 2162 2221 2247 HT)

299 2302 385 2311 -—
441 2266 485 2328 3
531 2264 813 2329 salutem
839 2318 1395 2331 ......
1508 2267 1856 2329 sanitatem

300 2408 384 2416 —
421 2408 504 2416 —
543 2368 996 2457 depellendum
1059 2424 1070 2435 .
1167 2424 1178 2435 .
1275 2424 1287 2435 .
1385 2424 1396 2435 .
1513 2369 1975 2436 debellandum
2020 2374 2129 2458 (=
2162 2373 2251 2456 H)

303 2512 382 2521 —
419 2474 484 2556 4,
524 2474 557 2537 1
593 2475 702 2540 uel
747 2499 944 2540 carne
988 2474 1096 2540 uel
1141 2486 1340 2540 mente
1385 2529 1397 2542 .
1511 2475 1619 2540 uel
1666 2486 1867 2541 mente
1912 2474 2020 2541 uel
2066 2499 2261 2540 carne

302 2619 375 2626 —
417 2619 510 2628 —
541 2581 586 2644 2
629 2604 932 2667 quemque
952 2634 1396 2646 .....
1510 2604 2019 2668 unumquemque
2066 2583 2176 2666 (=
2210 2582 2287 2666 L)

301 2724 388 2732 —
426 2685 510 2748 19
563 2685 776 2772 iuquit
841 2739 1396 2751 ......
1509 2707 1632 2753 om.

306 2827 384 2837 —-
421 2789 512 2854 20
559 2789 795 2876 quibus
841 2843 1395 2856 ......
1508 2791 1879 2855 senioribus
1926 2791 2096 2854 enim

301 2896 450 2971 VII,
493 2893 570 2957 18
603 2893 795 2958 illius
839 2948 1396 2960 ......
1455 2977 1460 2982 ,
1509 2917 1631 2963 om.
1669 2898 1778 2982 (τε
1811 2897 1890 2980 Τ)

302 3001 384 3080 X,
421 2999 484 3080 7,
515 3001 558 3064 3
606 2999 678 3062 iu
723 3000 798 3062 id
839 3053 1395 3065 ......
1510 3020 1633 3066 om.

307 3281 562 3346 perraro
594 3266 846 3328 tantum
879 3263 942 3326 in
975 3263 1064 3327 eis
1095 3261 1402 3346 partibuS,
1435 3262 1543 3327 ubi
1579 3263 1940 3328 casinensis
1980 3265 2335 3348 fragmenta
2367 3267 2601 3342 extant,

305 3367 366 3430 A
399 3387 622 3430 uerum
657 3365 927 3431 exhibet.
977 3367 1053 3446 V,
1092 3365 1190 3448 12,
1226 3366 1258 3428 1
1307 3368 1475 3432 solus
1506 3367 1767 3451 praebet
1797 3367 2186 3445 iuuentam,
2228 3368 2391 3450 quod
2429 3367 2527 3448 12,
2561 3367 2602 3430 2

309 3472 508 3536 etiam
554 3472 618 3536 in
651 3471 700 3537 O
730 3472 981 3556 legitur.
1031 3471 1107 3553 V,
1140 3470 1225 3533 22
1271 3469 1344 3534 in
1389 3469 1510 3534 illo
1557 3471 1811 3537 ΟΑΗΙ,Ι
1860 3477 2056 3538 reete:
2104 3472 2601 3557 intellegendum

307 3577 484 3640 enim
529 3573 604 3637 in
648 3573 1010 3638 irascendO.

393 3681 620 3762 Itaque
667 3699 812 3744 cum
872 3680 1216 3744 uiderimus
1261 3680 1323 3746 A
1367 3681 1683 3765 plerisque
1728 3683 1881 3746 loeis
1930 3701 1967 3746 a
2012 3681 2140 3763 OG,
2202 3680 2601 3766 paucioribus

309 3784 386 3848 ab
437 3785 608 3848 HLT
653 3784 1008 3866 dissentire,
1055 3783 1182 3850 iam
1228 3789 1490 3869 apparet
1535 3806 1853 3852 summam
1901 3787 2156 3852 omnino
2204 3785 2603 3851 tribuendam

308 3891 750 3954 auctoritatem
793 3890 974 3955 libris
1021 3889 1148 3972 OG,
1209 3891 1488 3972 reliquis,
1543 3891 1874 3974 praecipue
1920 3890 2000 3972 A,
2058 3892 2165 3975 qui
2210 3893 2466 3975 insuper
2510 3891 2605 3956 la-

309 3995 492 4058 cunis
537 3998 738 4059 seatet
783 3999 848 4060 et
889 3996 1060 4060 locos
1108 3995 1454 4079 scripturae
1501 4013 1713 4060 sacrae
1758 3997 1997 4080 passim
2054 3998 2399 4062 seeundum
2445 3997 2603 4060 Uul-

305 4103 526 4182 gatam
571 4099 910 4165 recensitos
945 4099 1216 4180 exhibet,
1263 4119 1408 4164 eum
1440 4102 1714 4182 quadam
1760 4103 2049 4166 cautione
2090 4101 2395 4166 utendum
2442 4121 2597 4165 esse.

307 4221 512 4284 neque
557 4222 706 4268 uero
749 4222 850 4269 res
895 4205 985 4270 ita
1030 4225 1096 4268 se
1141 4203 1356 4285 habet,
1406 4208 1476 4269 ut
1521 4203 1570 4270 C
1614 4225 1858 4290 semper
1906 4210 1971 4271 et
2014 4205 2249 4289 ubique
2296 4207 2380 4270 sit
2424 4225 2603 4290 prae-

305 4307 626 4371 ferendus..
697 4327 844 4372 nam
891 4310 956 4374 in
1001 4328 1072 4374 eo
1119 4328 1366 4392 quoque
1411 4315 1659 4394 praeter
1704 4330 1910 4376 meros
1958 4329 2195 4375 errores
2242 4312 2406 4375 inter
2450 4313 2603 4376 seri-

307 4410 592 4476 bendum
637 4413 1004 4478 commissos
1051 4413 1256 4480 multa
1301 4415 1601 4480 mendose
1648 4416 1883 4499 scripta
1928 4419 2162 4497 extant,
2210 4415 2441 4481 ueluti:
