3167 4975
403 3948 467 4010 F

532 439 719 495 LIIII

533 605 889 690 inquisito-r
953 606 1334 668 meritorum
1401 605 1686 667 omnium
1752 608 1937 689 plane
2013 602 2429 686 conprobatur
2499 604 2588 666 eis
2656 622 2817 685 quae

533 710 708 775 Conl.
757 712 867 791 VI,
919 712 1038 791 11,
1077 710 1118 773 2
1177 713 1500 794 legunt-ur:
1569 709 1746 772 nihil
1808 710 1879 770 in
1941 709 2032 771 eis
2096 706 2381 769 residere
2432 706 2817 793 permittens

532 814 705 899 quod
748 826 1111 877 scrutans
1149 824 1302 899 post
1347 816 1501 877 haec
1549 814 1792 876 iudicii
1840 814 2011 899 igynie
2054 810 2328 897 poenali
2374 811 2678 873 cruciatu
2718 832 2819 873 eae-

532 930 950 1005 purqaturus
998 919 1319 981 inueniat.
1365 956 1452 965 -—
1498 920 1644 984 ibid.
1695 940 1753 1002 p.
1803 918 1952 999 435,
1994 916 2079 980 25
2124 916 2295 1002 ignis
2344 916 2463 978 iste
2524 926 2821 978 terrenus

532 1028 702 1089 recte
755 1044 787 1087 e
834 1026 1026 1088 ΠΥΟ
1087 1024 1318 1106 recepi:
1385 1025 1461 1087 ef.
1505 1044 1563 1106 p.
1607 1022 1757 1103 436,
1804 1022 1833 1083 1.
1886 1022 2089 1107 iynem
2146 1021 2343 1083 iet-zwn-
2395 1018 2821 1097 materialem,

537 1128 856 1193 Claudian.
894 1129 1186 1192 Mamert.
1223 1130 1314 1191 ed.
1351 1127 1775 1211 Engelbrecht
1805 1148 1862 1209 p.
1898 1125 2003 1206 48,
2036 1124 2112 1187 18
2145 1124 2316 1211 iqnie
2349 1124 2469 1187 iste
2502 1134 2821 1187 terrenus.

535 1270 622 1278 —
666 1234 868 1312 XVII,
915 1231 1020 1312 21,
1069 1232 1108 1295 3
1156 1231 1318 1316 quid
1363 1231 1460 1317 si]
1507 1233 1582 1296 cf.
1620 1232 1674 1314 ἓ.
1716 1231 1745 1292 1
1797 1230 1961 1315 quid
2005 1251 2238 1315 quaeso
2270 1228 2668 1314 faciendum
2712 1238 2823 1305 est,

537 1335 642 1417 25,
673 1335 718 1399 4
763 1335 927 1421 quid
956 1335 1301 1400 Salomon?
1344 1374 1429 1382 —
1474 1336 1679 1416 XVII,
1720 1334 1826 1416 24,
1859 1334 1900 1398 2
1946 1357 2021 1398 ea
2054 1355 2218 1419 quae
2263 1332 2601 1396 audientes
2648 1332 2824 1395 aedi-

521 1438 732 1523 ficare
755 1450 1191 1526 potuerunt
1217 1440 1580 1525 inconqrua
1606 1439 2065 1502 taciturnitate
2088 1448 2428 1524 conteqere.
2476 1440 2825 1521 perfec-tum

538 1550 810 1629 tempuS,
858 1547 1022 1627 quod
1069 1565 1141 1609 ex
1173 1546 1286 1609 ΣΟ
1316 1546 1523 1628 recepi
1573 1544 1957 1629 (potuerant
1998 1544 2219 1629 HYv),
2266 1546 2435 1607 recte
2482 1562 2549 1606 se
2594 1542 2826 1606 habere

539 1652 1005 1714 demonstratur
1053 1649 1295 1713 duobus
1336 1650 1490 1714 locis
1524 1648 1839 1713 similibus
1888 1648 2061 1713 Conl.
2096 1648 2181 1728 Π,
2219 1645 2391 1727 13,’3
2425 1646 2621 1709 etiam
2651 1645 2825 1721 illos,

541 1753 655 1838 qui
699 1752 792 1815 ad
844 1754 1028 1815 uiam
1063 1751 1500 1838 perfectionis
1549 1750 1659 1815 uel
1714 1751 1855 1814 suis
1901 1750 2011 1814 uel
2066 1750 2358 1813 aliorum
2396 1759 2829 1836 potuerunt

539 1857 806 1920 monitis
875 1857 1173 1935 incitari,
1241 1855 1625 1921 subuertere
1668 1904 1683 1919 .
1727 1904 1740 1918 .
1767 1855 2075 1941 festinat,
2136 1856 2409 1936 XXIIII,
2458 1854 2518 1936 8,
2566 1854 2607 1919 2
2674 1856 2829 1918 haec

542 1961 990 2025 indubitatam
1041 1962 1394 2047 primaeuo
1441 1970 1879 2046 potuerunt
1940 1958 2198 2044 inferre
2249 1959 2631 2045 perniciem,
2692 1958 2831 2021 ‘nisi

542 2088 830 2153 conqrua
875 2065 1357 2129 adulescentiae
1401 2088 1559 2129 suae
1606 2086 1939 2128 armorum
1982 2086 2217 2151 9enera
2264 2063 2613 2151 delegisset.

669 2448 862 2532 CAP.
921 2448 1003 2532 V.
1083 2448 1207 2556 DE
1275 2446 1798 2532 CODIGIBUS
1864 2446 2293 2530 TERTIAE
2361 2445 2702 2530 PARTIS

1333 2586 2050 2670 GONLATIONUM.

644 2799 696 2862 1.
736 2798 940 2864 Codex
986 2800 1136 2864 olim
1182 2799 1963 2879 BenedictoburanuS,
2014 2818 2179 2862 nune
2210 2799 2610 2862 Monacensis
2641 2796 2835 2878 4549,

549 2924 709 2968 saec.
768 2903 1230 2983 VIII—VIIII,
1298 2904 1501 2968 fornia
1569 2905 1833 2983 maiore,
1905 2905 2009 2966 fol.
2072 2902 2224 2982 141,
2292 2903 2457 2966 binis
2527 2903 2837 2968 columnis

548 3010 837 3093 scriptus.
886 3009 1126 3073 interiit
1157 3008 1408 3072 initium
1441 3027 1641 3090 usque
1674 3009 1751 3072 ad
1785 3007 1958 3072 Conl.
1992 3007 2229 3087 XVIII,
2263 3005 2323 3088 7,
2356 3006 2397 3068 2
2430 3004 2839 3091 Sapphiram

551 3111 932 3196 apostolica,
981 3113 1146 3194 quod
1177 3112 1344 3176 foliis
1388 3110 1558 3174 2-6
1607 3131 1645 3176 a
1684 3132 1874 3176 mauu
1920 3113 2153 3176 saeculi
2188 3113 2279 3176 XI
2328 3111 2687 3195 suppletum
2721 3114 2838 3190 est,

549 3223 612 3282 et.
656 3219 800 3282 finis
835 3217 1007 3282 Conl.
1043 3217 1295 3280 XXIIII
1341 3217 1484 3280 inde
1533 3237 1570 3282 a
1616 3218 1820 3300 eapite
1868 3216 1971 3297 26,
2003 3217 2046 3278 4
2090 3214 2437 3300 [czd]f‹3ctu
2470 3225 2661 3300 atque
2700 3214 2839 3276 uir-

551 3331 703 3398 tute,
751 3328 963 3406 posta
993 3340 1184 3386 manu
1228 3322 1462 3385 saeculi
1494 3323 1611 3385 XV
1660 3323 1927 3386 additus,
1979 3323 2289 3405 scriptura
2334 3325 2431 3384 est
2478 3321 2617 3385 aeui
2651 3320 2841 3385 Caro-

548 3429 863 3511 lingorum
909 3426 1288 3509 incipientiS,
1345 3427 1795 3510 orthographia
1840 3427 1993 3490 satis
2039 3426 2224 3507 bona,
2272 3427 2395 3490 nisi
2441 3426 2607 3507 quod
2655 3445 2841 3509 saepe

552 3552 582 3593 e
626 3549 738 3614 pro
785 3553 880 3606 ae,
931 3540 954 3591 t
999 3549 1108 3613 pro
1154 3552 1187 3592 c
1225 3531 1497 3613 ponitur.
1563 3535 1877 3595 correctus
1920 3535 2019 3595 est
2058 3531 2136 3594 ab
2179 3531 2376 3594 altera
2421 3549 2634 3610 manu,
2681 3548 2840 3611 quae

551 3655 691 3700 raro
755 3655 976 3728 uerurn
1031 3635 1294 3713 inuenit,
1357 3637 1607 3718 saepius
1656 3635 1851 3699 uerba
1913 3638 2148 3698 temere
2192 3635 2486 3699 mutauit.
2565 3635 2842 3698 codicem

552 3739 1082 3824 pretiosissimum
1163 3759 1414 3802 summa
1479 3739 1859 3804 liberalitate
1928 3759 2171 3818 eorum,
2250 3740 2355 3820 qui
2426 3739 2843 3803 bibliothecae

552 3846 761 3928 regiae
807 3829 1175 3908 Mo‘nacensi
1222 3849 1542 3927 praesunt,
1590 3843 1689 3906 bis
1738 3849 2023 3908 excutere
2070 3844 2264 3908 licuit.

633 3947 694 4012 2.
721 3947 930 4012 Codex
965 3949 1279 4030 quondam
1305 3948 1827 4032 Frisingensis
1860 3948 2000 4028 143,
2036 3968 2202 4012 nunc
2225 3948 2626 4012 Monacensis
2652 3947 2843 4027 6343,

555 4071 715 4116 saec.
749 4053 958 4131 VIIII,
1005 4053 1209 4116 forma
1239 4053 1564 4134 quadrata,
1612 4053 1717 4116 fol.
1758 4052 1902 4132 131,
1945 4053 2255 4135 scriptura
2284 4053 2483 4115 nitida
2514 4053 2847 4134 diligenter

557 4159 868 4236 exaratuS,
915 4158 1160 4240 integer
1191 4160 1307 4237 est,
1342 4157 1464 4220 nisi
1497 4157 1663 4238 quod
1696 4157 1987 4221 librarius
2019 4158 2084 4220 in
2117 4155 2291 4220 Conl.
2328 4156 2599 4236 XXIIII,
2632 4153 2738 4234 26,
2766 4154 2850 4217 14

557 4265 701 4344 post
760 4261 954 4324 uerba
998 4260 1278 4322 senioris
1341 4270 1666 4345 ‘reguntur
1722 4261 1998 4344 imperio
2048 4260 2363 4324 scribendi
2422 4248 2634 4324 finem¹
2680 4261 2847 4340 fecit,

564 4383 688 4430 non
737 4364 1139 4430 membranae
1200 4366 1412 4449 inopia
1457 4371 1731 4446 coactuS,
1795 4367 1902 4429 sed
1952 4366 2085 4429 sine
2132 4365 2320 4428 dubio
2368 4365 2515 4446 quia
2570 4367 2850 4428 ext-rema
