3167 4975
1168 454 1326 508 Inst.
1366 454 1479 509 lib.
1516 454 1642 519 XII,
1680 458 1869 512 8—11.
2532 457 2663 522 213

453 629 563 695 XI.
612 629 675 696 Si
721 633 888 695 enim
949 633 1050 696 uel
1093 633 1275 696 illum
1319 633 1630 698 latronem
1676 633 1754 698 ob
1820 651 2009 697 unam
2056 633 2513 698 confessionem
2568 637 2663 698 in-

369 735 722 800 troductum
781 737 848 800 in
909 737 1267 818 paradisum
1337 737 1764 820 recordemur,
1832 738 2273 822 intellegemus
2336 758 2481 804 eum
2538 757 2662 803 non

367 859 586 904 cursus
633 842 728 904 sui
775 841 996 906 merito
1053 845 1296 907 tantam
1344 842 1797 907 beatitudinem
1844 847 2272 924 consecutum,
2338 844 2448 907 sed
2503 844 2663 909 dono

368 944 466 1008 dei
511 945 868 1009 miserentis
903 945 1248 1029 indeptum.
1315 947 1419 1011 uel
1465 949 1517 1011 si
1561 947 2043 1012 reminiscamur
2080 947 2287 1012 Dauid
2332 949 2495 1031 regis
2543 948 2663 1013 duo

287 1075 314 1114 τ,
368 1055 500 1114 tam
545 1050 766 1134 grauia
811 1053 1066 1133 tamque
1112 1052 1394 1116 inmania
1437 1053 1703 1118 crimina
1746 1070 1871 1116 uno
1915 1052 2333 1135 paenitudinis
2376 1071 2663 1118 sermone

265 1603 316 1640 10

264 2123 316 2162 15

261 3172 314 3213 25

369 1155 596 1234 deleta,
660 1173 776 1219 nec
820 1155 920 1218 hic
968 1155 1318 1220 uidebimus
1365 1157 1444 1220 ad
1487 1157 1948 1240 indulgentiam
2010 1158 2170 1220 tanti
2216 1157 2491 1220 criminis
2554 1157 2664 1221 ob-

369 1260 691 1325 tinendam
735 1259 968 1324 laboris
1029 1261 1464 1344 aequiperasse
1513 1262 1757 1342 merita,
1820 1262 1929 1325 sed
1976 1261 2072 1326 dei
2117 1263 2386 1345 gratiam
2448 1281 2664 1345 super-

368 1365 740 1446 abundasse,
801 1367 911 1447 qui
967 1383 1153 1430 uerae
1212 1366 1629 1449 paenitudinis
1690 1367 2013 1431 occasione
2064 1370 2363 1450 percepta
2418 1369 2662 1432 tantam

367 1473 767 1554 peccatorum
813 1471 1140 1535 materiem
1203 1470 1318 1534 sub
1381 1471 1564 1534 unius
1612 1470 1789 1535 uerbi
1833 1472 2022 1553 plena
2066 1472 2455 1538 confessione
2516 1490 2662 1536 con-

371 1576 655 1657 sumpsit.
733 1576 1104 1658 principium
1168 1594 1412 1658 quoque
1457 1575 1861 1639 discutientes
1918 1577 2257 1640 uocationis
2315 1594 2387 1640 ac
2447 1577 2667 1641 salutis
2717 1585 2753 1638 2

368 1680 700 1760 humanae,
748 1697 872 1762 qua
911 1697 1036 1743 non
1083 1699 1156 1742 ex
1202 1678 1381 1743 nobis
1428 1697 1544 1744 nec
1592 1699 1664 1743 ex
1711 1680 1999 1764 operibus
2042 1681 2269 1744 nostris
2318 1681 2661 1745 secundum

370 1785 740 1867 apostolum,
803 1783 912 1847 sed
959 1785 1056 1848 dei
1116 1801 1333 1848 sumus
1381 1784 1542 1848 dono
1598 1785 1925 1868 gratiaque
1972 1785 2217 1865 saluati‚
2276 1785 2509 1867 liquido
2554 1803 2665 1867 po-

371 1889 630 1952 terimus
677 1888 1020 1968 aduertere,
1068 1887 1601 1971 quemadmodum
1632 1889 2029 1970 perfectionis
2062 1907 2313 1953 summa
2356 1907 2499 1954 non
2545 1908 2663 1954 uo-

368 1995 596 2058 lentis
644 2012 882 2076 neque
929 1994 1335 2074 currentiS,
1398 1993 1525 2058 sed
1573 1994 2005 2058 miserentis
2054 1995 2136 2058 sit
2181 1994 2325 2074 dei,
2386 1995 2490 2076 qui
2552 2014 2663 2059 ne-

370 2115 684 2181 quaquam
715 2097 1002 2162 laborum
1034 2099 1136 2162 uel
1169 2117 1384 2162 cursus
1419 2100 1615 2164 nostri
1656 2099 1875 2162 merito
1914 2102 2335 2181 conpensante
2368 2099 2661 2163 uitiorum

368 2221 482 2267 nos
528 2204 678 2267 facit
723 2223 860 2267 esse
907 2204 1175 2267 uictores
1223 2223 1337 2266 nec
1383 2204 1827 2285 aequiperante
1872 2206 2123 2266 nostrae
2180 2203 2520 2268 uoluntatis
2566 2203 2663 2267 in-

371 2309 610 2372 dustria
655 2311 789 2372 tam
835 2308 1099 2372 arduum
1145 2307 1522 2391 integritatis
1570 2308 1821 2372 culmen
1869 2307 2205 2390 subiugata
2251 2325 2375 2389 qua
2428 2309 2663 2372 utimur

370 2432 554 2477 carne
601 2413 1035 2477 conscendere.
1109 2413 1281 2477 nulla
1327 2412 1631 2495 siquidem
1679 2411 1951 2496 corporis
1981 2413 2165 2477 huius
2213 2411 2478 2476 adflictio
2526 2413 2666 2476 nul·
2716 2419 2749 2473 3

369 2520 552 2600 laque
613 2519 814 2583 cordis
862 2520 1146 2583 contritio
1207 2518 1285 2582 ad
1331 2516 1783 2601 capessendam
1838 2536 2055 2581 ueram
2116 2518 2291 2582 illam
2350 2518 2663 2583 interioris

369 2624 639 2687 hominis
700 2625 1056 2687 castitatem
1103 2625 1300 2707 possit
1358 2642 1494 2687 esse
1557 2622 1886 2707 condigna,
1948 2627 2019 2687 ut
2074 2626 2317 2687 tantam
2376 2623 2663 2705 puritatis

368 2730 666 2793 uirtutem
735 2728 974 2812 angelis
1045 2729 1190 2793 solis
1259 2729 1605 2812 ingenitam
1673 2729 1951 2810 caelique
2026 2728 2430 2792 uernaculam
2498 2728 2663 2792 nudo

367 2834 644 2898 humano
689 2832 923 2913 labore,
978 2832 1042 2896 id
1089 2835 1186 2897 est
1233 2834 1366 2896 sine
1412 2832 1714 2897 adiutorio
1762 2833 1861 2896 dei
1904 2833 2115 2897 ualeat
2160 2832 2459 2913 obtinere,
2521 2834 2665 2915 quia

369 2938 559 3002 totius
605 2937 755 3002 boni
803 2936 1060 3002 effectus
1109 2937 1186 3001 ab
1235 2937 1400 3001 illius
1447 2936 1701 3020 profluit
1743 2939 1966 3020 gratia,
2016 2938 2119 3019 qui
2150 2940 2394 3001 tantam
2440 2956 2665 3020 peren-

369 3044 636 3107 nitatem
679 3041 1082 3106 beatitudinis
1131 3045 1192 3105 et
1235 3042 1707 3105 inmensitatem
1753 3041 1988 3123 gloriae
2050 3042 2306 3125 exiguae
2352 3042 2662 3106 uoluntati

369 3148 668 3229 breuique
714 3165 790 3211 ac
831 3164 1026 3229 paruo
1071 3146 1279 3210 cursui
1325 3149 1536 3211 nostro
1585 3145 2001 3228 multiplicata
2044 3146 2332 3228 largitate
2387 3146 2661 3211 donauit.

582 3354 635 3425 1]
664 3355 731 3409 cf.
757 3354 884 3408 Luc.
911 3356 995 3418 23,
1020 3355 1090 3410 40
1116 3368 1228 3421 sqq.
1337 3353 1392 3421 4]
1423 3352 1490 3407 cf.
1517 3351 1574 3406 H
1600 3351 1731 3421 Reg.
1762 3354 1843 3417 12,
1872 3354 1952 3407 13.
2064 3350 2153 3420 11]
2178 3350 2245 3406 cf.
2272 3352 2406 3421 Eph.
2434 3355 2483 3417 2,
2508 3356 2661 3410 8—9.

373 3443 464 3513 13]
501 3443 652 3497 Rom.
680 3444 730 3507 9,
759 3444 840 3498 16.

465 3640 490 3693 l
517 3655 630 3693 non
653 3636 946 3707 distinquit
975 3635 1026 3690 G
1131 3636 1164 3689 2
1199 3632 1526 3703 paradysum
1556 3633 1633 3688 62
1737 3630 1982 3701 paradiso
2013 3632 2069 3687 L
2174 3632 2575 3686 recordaremur
2603 3635 2673 3689 H

369 3724 743 3792 intellegemus
769 3724 857 3778 H:
881 3720 1244 3789 intellegimus
1274 3722 1378 3776 GL
1478 3723 1510 3776 3
1537 3722 1749 3773 tantum
1776 3720 1846 3775 H
1934 3722 1969 3774 4
1992 3718 2331 3787 indemptum
2358 3720 2433 3773 L¹
2504 3720 2664 3790 adep-

369 3818 488 3868 tum
514 3812 608 3867 Ηυ
712 3814 744 3866 5
770 3814 883 3865 tam
908 3808 1148 3863 inmania
1173 3810 1226 3863 L
1331 3806 1662 3878 penitudinis
1688 3808 1805 3861 HL
1912 3810 1944 3861 6
1971 3805 2135 3860 dileta
2158 3807 2229 3861 H
2327 3805 2570 3861 uidemus
2599 3825 2665 3863 ex

369 3900 618 3955 uidemur
654 3900 707 3954 L
816 3900 846 3953 7
884 3897 1220 3966 equiparasse
1257 3896 1326 3951 Η
1428 3899 1460 3952 8
1497 3912 1602 3963 qua
1640 3896 1717 3949 L²
1822 3892 2151 3963 penitudinis
2194 3894 2363 3949 GIIL
2487 3909 2663 3948 occas-

369 3988 516 4041 sione
540 3988 609 4041 Η
696 3990 728 4043 9
755 3985 1032 4039 materiem
1058 3985 1162 4039 L¹.·
1185 3983 1468 4037 materiam
1499 3983 1777 4038 GHL²T1>
1871 3982 2206 4034 consumeret
2231 3981 2284 4034 L
2390 3982 2455 4036 13
2480 3996 2663 4048 quem-

369 4074 680 4128 ammodum
726 4074 802 4128 L¹
964 4086 1228 4125 summam
1265 4072 1342 4125 L¹
1507 4070 1570 4125 14
1619 4067 1704 4122 dei
1750 4068 1820 4121 sit
1866 4068 1935 4121 H
2093 4068 2156 4121 16
2204 4066 2565 4135 equiparantis
2603 4068 2669 4121 H

368 4160 605 4215 uoluntis
647 4162 719 4217 θ’
840 4162 903 4214 17
943 4156 1231 4226 subiugatu
1268 4158 1344 4212 L¹
1463 4160 1528 4212 19
1565 4154 1934 4225 capissendam
1972 4154 2041 4208 H
2160 4156 2226 4208 20
2262 4154 2433 4223 possit
2473 4155 2665 4208 HLT:

367 4250 548 4317 potest
587 4250 670 4303 Gv
773 4251 837 4303 21
879 4246 1201 4300 familiarem
1237 4244 1534 4313 ingenitam
1571 4245 1625 4298 L
1735 4244 1801 4297 22
1837 4242 2128 4308 humanoq.
2160 4240 2229 4295 H
2328 4242 2571 4310 optinere
2614 4241 2665 4295 G

369 4335 620 4389 obtenere
664 4336 733 4389 H
867 4337 935 4390 23
972 4333 1038 4387 ab
1075 4351 1177 4389 om.
1221 4334 1274 4387 L
1417 4332 1529 4384 eius
1569 4332 1639 4386 H
1774 4344 1877 4397 que
1923 4330 1975 4383 L
2119 4330 2185 4382 24
2222 4326 2573 4383 beatitudinis
2611 4332 2661 4381 et

367 4423 769 4478 inmensitatem
815 4439 916 4478 om.
957 4421 1009 4477 L
1117 4418 1416 4474 uoluntatis
1455 4419 1529 4475 L¹
