3167 4975
563 445 691 508 280
1376 444 1692 497 Iohannis
1739 442 2041 497 Cassiani

564 621 829 703 apostoli
882 619 1035 683 fides
1096 622 1473 702 potestatem
1536 620 1992 700 quodammodo
2055 620 2398 684 diuinitatis
2463 620 2724 702 accepit,
2787 623 2856 683 ut

563 744 723 807 quae
766 725 1029 807 ligasset
1057 725 1161 788 uel
1192 724 1485 788 soluisset
1521 725 1586 788 in
1632 725 1833 805 terriS‚
1881 726 2077 807 ligata
2121 728 2336 789 essent
2379 725 2442 788 in
2475 724 2852 789 caelestibus

562 830 662 893 uel
710 829 933 893 soluta.
1013 832 1083 893 tu
1146 847 1321 912 erge,
1391 830 1498 910 qui
1556 832 1776 893 contra
1834 829 2026 894 fidem
2093 830 2359 911 apostoli
2428 830 2640 909 ueniS,
2708 848 2852 893 cum

561 935 827 1018 ligatum
876 938 939 998 te
983 934 1111 997 iam
1157 934 1221 997 in
1268 933 1451 997 terris
1510 933 1748 1015 uideaS,
1809 937 2098 1015 superest
2155 938 2228 997 ut
2279 934 2548 1018 ligatum
2593 938 2657 998 te
2703 954 2854 1016 quo-

560 1058 679 1121 que
724 1040 791 1103 in
836 1039 1023 1103 caelis
1072 1034 1209 1101 esse
1256 1056 1614 1121 cognoscas
1688 1038 1797 1101 sed
1841 1040 2103 1123 longum
2149 1042 2246 1102 est
2289 1039 2378 1103 ire
2423 1058 2536 1122 per
2582 1040 2850 1123 singula,
2927 1068 2949 1105 5

562 1162 718 1226 quae
763 1144 1249 1227 prolixissimam
1296 1145 1359 1206 et
1402 1143 1903 1226 copiosissimam
1951 1144 2386 1208 dissertionem
2431 1162 2694 1209 numero
2753 1144 2852 1208 sui

560 1249 819 1328 faciunt,
866 1248 1115 1312 etiamsi
1160 1246 1437 1311 breuiter
1484 1248 1874 1329 strictimque
1921 1252 2366 1312 memorentur.

646 1353 782 1416 XV.
818 1351 936 1417 Sed
966 1371 1164 1415 unum
1198 1351 1423 1415 addere
1471 1355 1686 1415 tamen
1721 1352 1922 1416 adhuc
1953 1352 2071 1416 tibi
2105 1352 2369 1435 apostoli
2417 1352 2854 1417 testimonium

561 1459 724 1538 u010,
772 1461 842 1522 ut
887 1457 1219 1541 intellegas
1266 1455 1387 1536 his,
1437 1474 1597 1538 quae
1645 1460 1791 1519 ante
1836 1456 2196 1539 passionem
2244 1456 2481 1521 domini
2513 1460 2652 1522 acta
2681 1462 2851 1536 sunt,

562 1564 751 1626 etiam
805 1580 963 1643 quae
1017 1564 1161 1644 post
1217 1561 1579 1644 passionem
1641 1564 1791 1625 sunt
1851 1564 2068 1625 secuta
2127 1578 2489 1645 congruere.
2567 1560 2850 1645 inlapsus
2907 1589 2952 1625 ιο

563 1668 627 1731 in
674 1670 987 1730 conuentu
1035 1665 1482 1749 discipulorum
1528 1684 1786 1729 suorum
1833 1666 2062 1729 clausis
2107 1666 2312 1730 ianuis
2358 1666 2650 1731 dominus
2705 1686 2852 1729 curn

560 1772 895 1835 ueritatem
960 1770 1235 1854 corporis
1306 1770 1404 1833 sui
1470 1770 1770 1854 apostolis
1833 1770 2149 1835 declarare
2211 1770 2536 1850 uoluisset,
2597 1772 2855 1854 palpata

560 1876 835 1939 Thomas
882 1876 1199 1958 apostolus
1248 1892 1433 1938 carne
1478 1874 1671 1954 illius,
1724 1877 2102 1957 pertractato
2148 1876 2346 1938 latere
2393 1875 2852 1959 exploratisque

559 1980 926 2044 uulneribus
974 1982 1293 2061 comperta
1336 1979 1588 2062 penitus
1635 1979 2023 2043 manifestati
2069 1980 2343 2062 corporis
2390 1982 2656 2044 ueritate
2702 1980 2854 2061 quid

480 2096 514 2145 2
562 2085 1015 2166 proclamauit?
1062 2083 1435 2163 dominus,
1480 2083 1705 2164 inquit,
1752 2102 1955 2147 meus
2005 2087 2076 2147 et
2121 2084 2300 2147 deus
2363 2103 2587 2148 meus,
2665 2103 2854 2147 num·
2905 2110 2950 2145 ιε.

560 2190 707 2271 quid
754 2189 907 2252 dixit
953 2187 1071 2252 hoc
1118 2188 1282 2270 quod
1329 2191 1397 2251 tu
1445 2188 1628 2251 dicis:
1676 2187 1884 2268 homo,
1933 2191 1996 2253 et
2041 2205 2166 2252 non
2212 2188 2388 2269 deus,
2436 2187 2740 2269 ChristuS,
2787 2193 2852 2253 et

561 2312 684 2358 non
732 2293 1073 2357 diuinitas?
1138 2311 1360 2376 corpus
1414 2292 1631 2373 utique
1679 2292 1914 2356 domini
1970 2292 2070 2356 sui·
2111 2294 2322 2376 tetigit
2367 2296 2430 2357 et
2474 2293 2665 2357 deum
2711 2312 2850 2357 esse

559 2397 899 2480 respondit.
978 2397 1279 2478 numquid
1324 2396 1766 2460 discretionem
1827 2398 2098 2479 aliquam
2144 2398 2416 2463 hominis
2477 2400 2540 2461 et
2593 2398 2694 2461 dei
2753 2398 2851 2461 in-

560 2503 723 2583 tulit,
770 2507 880 2568 aut
925 2521 1179 2566 carnem
1224 2502 1401 2566 illam
1447 2501 1858 2584 theodochon,
1920 2506 1992 2566 ut
2037 2507 2106 2567 tu
2168 2505 2279 2584 aiS,
2341 2504 2403 2568 id
2449 2507 2549 2568 est
2594 2523 2851 2587 suscep-

558 2607 775 2671 tricem
822 2607 1071 2671 deitatis
1117 2606 1461 2690 imaginem
1508 2607 1880 2687 nominauit‚
1939 2607 2042 2671 uel
2096 2625 2270 2673 more
2315 2608 2656 2692 impietatis
2703 2613 2850 2672 tuae
2901 2631 2948 2669 ευ

558 2731 701 2776 eum
749 2731 935 2794 quem
981 2712 1241 2794 contigit
1289 2730 1412 2775 non
1459 2715 1710 2793 propter
1758 2731 1845 2792 se,
1901 2712 2012 2776 sed
2057 2716 2307 2795 propter
2355 2732 2500 2777 eum
2547 2732 2734 2794 quem
2781 2713 2846 2777 in

558 2837 625 2881 se
684 2820 1005 2898 receperat
1063 2816 1493 2880 uenerandum
1562 2835 1700 2880 esse
1767 2818 2182 2882 memorauit?
2251 2818 2361 2882 sed
2429 2819 2850 2882 subtilitatem

556 2923 719 2986 hanc
764 2921 1151 2985 discretionis
1198 2925 1345 2984 tuae
1392 2921 1710 3002 apost-olus
1758 2921 1858 2985 dei
1902 2920 2061 2986 forte
2109 2939 2234 2986 non
2277 2925 2461 2986 norat
2499 2925 2564 2986 et
2596 2923 2850 3006 elegan-

558 3026 713 3090 tiam
757 3025 967 3090 iudicii
1014 3026 1109 3089 tui
1170 3043 1243 3088 ac
1288 3025 1706 3090 differentiam
1769 3043 1894 3090 non
1949 3025 2245 3107 habebat,
2305 3027 2492 3092 homo
2553 3026 2850 3089 uidelicet

554 3131 821 3194 rusticus
884 3134 945 3195 et
1003 3130 1353 3212 imperituS,
1414 3129 1778 3194 dialecticae
1838 3131 1990 3194 artis
2051 3131 2319 3210 nesciuS,
2379 3130 2846 3212 philosophicae
2898 3153 2944 3192 25

556 3234 991 3315 disputationis
1036 3235 1313 3318 ignaruS,
1375 3234 1475 3298 cui
1536 3234 1775 3298 scilicet
1819 3235 2130 3298 institutio
2177 3235 2410 3300 domini
2454 3236 2552 3299 sui
2597 3234 2844 3298 abunde

556 3337 906 3402 sufficiebat
960 3340 1023 3402 et
1067 3338 1173 3419 qui
1217 3337 1374 3402 nihil
1436 3338 1690 3402 omnino
1751 3339 1992 3404 sciebat
2051 3339 2174 3403 nisi
2220 3339 2339 3404 hoc
2382 3340 2547 3422 quod
2593 3339 2844 3404 domino

468 3451 501 3502 3
551 3442 811 3506 docente
857 3445 1255 3525 cognouerat.
1335 3445 1399 3506 et
1418 3442 1565 3506 -ideo
1599 3460 1804 3507 sermo
1838 3462 1988 3508 suus
2029 3444 2314 3508 caelestis
2362 3444 2643 3509 doctrina
2689 3447 2844 3524 erat,

554 3547 708 3610 fides
755 3565 869 3610 sua
913 3546 1349 3630 magisterium
1396 3546 1682 3611 diuinum
1729 3551 1889 3612 erat:
1938 3547 2294 3632 disiungere
2341 3567 2378 3613 a
2423 3567 2677 3632 corpore
2709 3568 2842 3628 suo,

554 3655 625 3716 ut
669 3655 737 3714 tu
782 3651 957 3732 faciS‚
1001 3651 1321 3716 dominum
1356 3669 1481 3716 non
1528 3652 1827 3716 didicerat
1873 3657 1935 3717 et
1980 3653 2274 3718 diuellere
2322 3671 2359 3717 a
2389 3673 2455 3718 se
2487 3655 2620 3737 ipso
2653 3655 2844 3718 deum
2891 3679 2941 3717 πο

763 3823 853 3892 15]
889 3823 1003 3878 Ioh.
1030 3826 1112 3886 20,
1140 3825 1220 3880 28.

640 3966 673 4018 2
697 3961 784 4016 uel
816 3969 942 4018 ante
971 3962 1141 4030 ligata
1162 3964 1290 4019 add.
1318 3965 1418 4020 Mv
1522 3967 1555 4021 3
1589 3965 1682 4032 qui
1707 3981 1808 4020 om.
1835 3965 1934 4035 ΝΡ
2040 3968 2073 4020 4
2107 3969 2160 4020 te
2193 3973 2318 4022 ante
2343 3980 2548 4034 quoque
2573 3983 2676 4022 om.
2701 3966 2842 4035 Mpv

552 4054 582 4105 7
612 4051 963 4118 strictumque
987 4051 1054 4106 N
1128 4051 1517 4120 restrictimque
1542 4054 1620 4107 M
1722 4055 1785 4107 10
1819 4071 1880 4106 ea
1905 4053 2068 4106 etiam
2095 4055 2194 4109 Mo
2302 4057 2361 4109 11
2391 4055 2714 4107 conuentum
2741 4054 2842 4108 Μσ

553 4137 719 4191 clauis
753 4138 819 4192 N
823 4140 839 4174 ¹
972 4139 1036 4192 13
1072 4140 1301 4192 tractato
1340 4140 1437 4194 Mv
1571 4141 1636 4193 14
1672 4139 1918 4208 poenitus
1955 4141 2022 4194 N
2149 4143 2213 4195 19
2250 4157 2404 4194 carne
2441 4141 2506 4195 N
2633 4140 2840 4193 theoto-

552 4241 650 4278 con
674 4225 775 4294 ΝΡ
846 4223 1165 4278 theotochon
1192 4228 1265 4280 M
1365 4229 1431 4281 22
1460 4226 1816 4294 suptilitatem
1843 4228 1910 4281 N
2009 4230 2077 4282 23
2101 4243 2208 4280 non
2245 4227 2421 4296 norat]
2459 4226 2740 4294 ignorabat
2773 4227 2848 4280 Μ

551 4315 619 4367 25
666 4312 1001 4381 philosophie
1046 4315 1121 4368 M
1216 4313 1579 4382 philosophiae
1608 4316 1676 4382 1³¹
1783 4317 1852 4370 29
1897 4313 2001 4367 fide
2047 4317 2122 4369 Μ
2219 4317 2336 4370 erat
2369 4333 2469 4370 om.
2509 4316 2586 4369 M
2678 4316 2741 4367 ut
2779 4317 2836 4367 tu

552 4399 683 4453 facis
719 4416 751 4452 a
786 4415 1002 4468 corpore
1039 4416 1133 4453 suo
1171 4402 1270 4455 Μυ
1374 4403 1441 4455 30
1478 4401 1655 4469 ipsum
1693 4402 1767 4455 M
