3167 4975
520 467 649 533 354
1329 467 1648 521 Iohannis
1693 465 1994 522 Cassiani

520 645 762 708 soluere
817 663 975 726 quae
1032 645 1157 708 iam
1206 647 1350 708 ante
1394 644 1673 725 promisi,
1735 646 1807 707 ut
1867 644 2112 725 expleta
2170 645 2417 727 penitus
2479 644 2812 725 sponsione

517 748 773 812 liberius
835 749 911 811 de
958 749 1209 813 intactis
1273 749 1474 812 dicere
1521 749 1726 812 ordiar
1772 767 1917 812 cum
1964 749 2040 812 de
2085 749 2374 836 pollicitis
2429 748 2808 812 satisfecero,

520 854 609 916 ait
669 872 815 937 ergo
877 854 953 917 ad
1016 853 1461 917 destruendam
1524 871 1736 916 sacrae
1797 853 2143 918 natiuitatis
2204 853 2392 918 fidem
2439 852 2698 916 sibilans
2744 853 2810 914 in

519 957 617 1022 dei
663 959 924 1022 ecclesia
970 977 1169 1022 nouus
1216 958 1497 1022 coluber:
1546 976 1756 1021 nemo
1803 953 2252 1022 anteriorem
2302 977 2377 1020 se
2423 957 2636 1040 parit.
2683 959 2811 1038 pri-

517 1082 694 1126 mum
755 1081 903 1146 ergo
963 1067 1024 1126 te
1084 1081 1208 1126 non
1270 1064 1473 1126 solum
1536 1063 1684 1144 quid
1749 1062 1940 1142 dicaS,
2003 1064 2112 1127 sed
2175 1063 2360 1126 etiam
2419 1062 2584 1126 unde
2639 1062 2810 1125 dicas
2893 1091 2918 1126 5

516 1168 753 1232 nescire
800 1166 1084 1231 arbitror.
1163 1168 1215 1230 si
1262 1169 1431 1230 enim
1481 1168 1672 1230 scires
1720 1170 1830 1230 aut
1876 1167 2271 1250 intellegeres
2325 1167 2490 1230 unde
2551 1167 2810 1247 dicereS,

406 1309 413 1316 ·
514 1290 909 1353 nequaquam
936 1272 1239 1356 unigeniti
1265 1272 1362 1334 dei
1388 1272 1780 1336 natiuitatem
1807 1273 2087 1336 mortalis
2113 1273 2546 1355 opiniunculae
2568 1273 2810 1336 ratione

514 1397 803 1441 censeres
850 1397 1055 1459 neque
1103 1379 1157 1440 ei
1204 1377 1309 1458 qui
1358 1381 1530 1441 extra
1574 1381 1944 1459 conceptum
1992 1377 2305 1442 humanae
2337 1379 2589 1461 originis
2622 1379 2809 1441 natus

514 1484 613 1546 est
655 1482 947 1546 humanis
996 1481 1477 1545 definitiunculis
1522 1482 1944 1563 praeiudicare
1991 1484 2335 1564 temptares
2382 1485 2490 1546 aut
2529 1485 2808 1546 terrenas

514 1585 1049 1667 impossibilitates
1110 1587 1598 1668 omnipotentiae
1661 1587 2002 1650 diuinitatis
2064 1587 2360 1666 obicereS‚
2431 1586 2486 1650 si
2545 1586 2659 1650 deo
2713 1585 2809 1648 in-
2867 1612 2918 1650 ιο

511 1690 809 1773 possibile
853 1691 1005 1755 nihil
1054 1709 1193 1754 esse
1240 1708 1598 1774 cognosses.
1654 1708 1864 1754 nemo
1913 1709 2060 1774 ergo
2106 1693 2311 1773 inquis
2359 1692 2804 1755 anteriorem

514 1815 591 1858 se
635 1796 849 1878 parit.
899 1794 997 1858 dic
1044 1795 1215 1874 mihi,
1263 1814 1514 1877 quaeso,
1562 1795 1640 1859 de
1686 1795 1912 1877 quibus
1958 1799 2020 1858 te
2066 1797 2232 1877 loqui
2275 1797 2500 1879 causis²
2549 1795 2624 1860 de
2655 1813 2806 1876 quo-

512 1919 652 1962 rum
702 1900 1119 1965 animantium
1166 1903 1461 1964 aestimas
1518 1899 1779 1963 definire
1840 1901 2122 1964 naturis?
2183 1900 2542 1965 hominibus
2605 1903 2664 1964 te
2727 1918 2806 1962 an

512 2004 681 2084 feris,
730 2004 953 2069 auibus
1001 2023 1081 2068 an
1127 2004 1471 2086 pecudibus
1518 2005 1724 2088 legem
1767 2007 1953 2087 putas
1983 2009 2261 2087 ponere?
2307 2007 2429 2069 ista
2460 2007 2624 2068 enim
2659 2008 2808 2068 sunt

513 2112 577 2172 et
620 2109 745 2172 alia
786 2109 1215 2172 huiuscemodi
1270 2109 1345 2172 de
1402 2109 1626 2191 quibus
1680 2109 1836 2173 haec
1882 2110 2001 2174 dici
2045 2113 2326 2192 possunt.
2405 2129 2589 2174 nemo
2637 2111 2800 2175 enim
2865 2135 2916 2172 ιε

512 2233 583 2276 ex
643 2214 742 2277 his
806 2214 1180 2278 anteriorem
1242 2233 1308 2277 se
1368 2214 1624 2297 gignere
1673 2215 2015 2297 praeualet,
2078 2216 2224 2296 quia
2284 2233 2443 2296 quae
2499 2217 2634 2279 orta
2678 2217 2802 2278 iam

510 2318 744 2382 suerint
786 2318 987 2382 redire
1034 2319 1100 2382 in
1146 2319 1203 2381 id
1251 2338 1505 2383 rursum
1550 2323 1871 2400 nequeunt
1923 2321 1996 2382 ut
2049 2337 2214 2383 noua
2258 2320 2567 2384 creatione
2613 2339 2804 2403 gene-

510 2425 749 2488 rentur:
812 2427 873 2486 et
916 2423 1053 2486 ideo
1102 2441 1286 2488 nemo
1334 2425 1712 2488 anteriorem
1761 2443 1826 2485 se
1871 2441 2110 2505 parere,
2177 2424 2320 2505 quia
2376 2443 2490 2489 nec
2537 2425 2804 2489 anterio-

510 2548 643 2591 rem
704 2529 961 2612 gignere
1024 2532 1263 2611 potest‚
1332 2530 1481 2609 quia
1539 2548 1665 2592 non
1725 2529 1902 2592 uenit
1961 2547 2151 2593 causa
2209 2530 2490 2612 pariendi
2553 2530 2666 2593 nisi
2729 2548 2798 2593 ex

509 2632 919 2714 possibilitate
965 2614 1319 2715 generandi.
1400 2637 1466 2695 tu
1530 2652 1675 2716 ergo
1738 2633 1802 2695 id
1861 2634 1926 2697 in
1981 2634 2310 2698 natiuitate
2357 2634 2798 2717 omnipotentis
2859 2659 2913 2697 20

512 2736 609 2799 dei
656 2738 815 2817 quod
880 2738 943 2800 in
991 2740 1130 2800 ortu
1176 2741 1565 2802 terrenorum
1615 2738 1981 2802 animalium
2029 2738 2550 2803 considerandum
2596 2743 2800 2822 putas,

514 2844 575 2903 et
620 2842 675 2905 ei
722 2845 1011 2905 naturam
1058 2841 1370 2905 humanae
1419 2842 1796 2906 condicionis
1845 2842 2036 2906 obicis
2083 2844 2188 2925 qui
2243 2846 2340 2907 est
2399 2848 2612 2908 auctor
2671 2846 2800 2926 ipse

513 2950 811 3009 naturae?
859 2947 1032 3010 uides
1082 2965 1247 3030 ergo,
1295 2951 1367 3010 ut
1410 2966 1602 3029 supra
1642 2948 1785 3026 dixi,
1833 2949 2070 3011 nescire
2117 2952 2178 3012 te
2211 2949 2374 3012 unde
2409 2953 2516 3013 aut
2561 2949 2634 3013 de
2681 2967 2799 3030 quo

514 3049 703 3130 dicaS,
768 3052 873 3132 qui
918 3052 1226 3115 facturam
1284 3050 1504 3115 factori
1561 3068 1863 3133 conparas
1926 3056 1990 3115 et
2049 3053 2127 3115 ad
2189 3054 2650 3117 aestimandam
2705 3054 2800 3118 dei

515 3155 1029 3236 omnipotentiam
1080 3174 1293 3219 earum
1340 3174 1547 3219 rerum
1598 3156 1878 3239 exemplo
1927 3158 2140 3236 uteriS‚
2187 3176 2344 3239 quae
2383 3159 2556 3241 ipsae
2589 3160 2797 3240 utique
2857 3182 2910 3221 ετ»

514 3276 637 3321 non
686 3262 913 3339 essent,
962 3259 1077 3322 nisi
1126 3260 1185 3323 id
1234 3262 1437 3342 ipsum
1487 3280 1557 3323 ex
1609 3261 1721 3324 deo
1771 3265 1982 3325 essent·
2026 3263 2188 3343 quod
2237 3266 2401 3325 sunt.
2471 3262 2622 3325 deus
2657 3280 2797 3345 ergo

516 3366 587 3425 ut
635 3364 847 3443 uoluit,
896 3364 1142 3444 quando
1188 3364 1387 3428 uoluit
1432 3369 1496 3429 et
1542 3385 1615 3428 ex
1663 3384 1786 3447 qua
1832 3366 2030 3431 uoluit
2069 3367 2337 3431 aduenit.
2409 3386 2524 3431 nec
2556 3372 2796 3451 tempus

512 3468 569 3531 ei
613 3486 727 3529 nec
771 3486 1037 3549 persona
1082 3488 1197 3531 nec
1258 3470 1639 3533 consuetudo
1687 3471 2014 3534 hominum
2076 3490 2192 3535 nec
2251 3472 2535 3555 exempla
2591 3490 2794 3535 rerum

510 3572 1037 3653 praeiudicarunt,
1098 3574 1243 3655 quia
1300 3573 1602 3638 obsistere
1667 3575 1724 3639 ei
1778 3576 1876 3639 lex
1941 3595 2065 3640 non
2111 3576 2312 3659 potuit
2374 3580 2794 3640 creaturarum

598 3730 631 3781 4
668 3727 921 3781 aecclesia
955 3728 1021 3782 N
1124 3730 1157 3784 6
1192 3728 1521 3797 intelligeres
1551 3732 1654 3799 Mp
1759 3734 1792 3785 9
1831 3730 2276 3785 definiciumculis
2313 3734 2387 3787 M
2489 3737 2552 3788 10
2589 3732 2797 3786 diuinae

511 3814 932 3883 omnipotenciae
959 3817 1059 3871 Μυ
1162 3816 1496 3885 inpossibile]
1531 3816 1962 3886 impossibilitate
1990 3820 2064 3872 M
2165 3822 2226 3874 11
2265 3819 2440 3873 nichel
2459 3838 2502 3889 p
2609 3836 2796 3887 cogno·

511 3918 679 3954 scetes
718 3903 793 3956 M
899 3902 1049 3971 ergo]
1087 3904 1229 3957 enim
1268 3905 1341 3958 M
1452 3907 1515 3959 13
1562 3904 1864 3957 aniaucium
1915 3906 2138 3960 extimas
2175 3908 2250 3961 Μ
2359 3907 2570 3960 difiniro
2601 3926 2642 3977 p
2747 3912 2796 3961 te

510 4008 609 4043 om.
651 3991 725 4043 M
864 3993 924 4044 14
962 3993 1083 4043 ante
1120 3992 1185 4045 N
1222 3994 1351 4060 sort.
1387 3993 1545 4046 scrib.
1585 4008 1746 4045 anne:
1785 3995 1851 4061 cs‘.
1891 3994 2042 4061 1111,
2081 3998 2164 4060 13,
2201 4000 2232 4049 1
2384 3994 2693 4063 peccoribus
2735 3996 2806 4050 M

510 4092 703 4144 ponere
748 4078 905 4145 putas
940 4078 1040 4131 Mv
1184 4082 1247 4133 15
1292 4078 1500 4147 possint
1543 4080 1619 4133 M
1757 4082 1820 4134 16
1867 4078 2012 4133 ualet
2047 4082 2124 4135 M
2254 4082 2378 4149 quia
2423 4099 2485 4135 ea
2529 4098 2662 4151 quae
2703 4084 2799 4137 Μυ

510 4163 619 4215 iam
656 4167 772 4217 orta
800 4182 843 4233 p
954 4167 1017 4219 17
1054 4182 1161 4218 non
1198 4169 1403 4233 queunt
1434 4167 1535 4221 Mo
1645 4169 1708 4223 18
1746 4182 1800 4218 se
1835 4167 2153 4220 anteriorem
2188 4170 2263 4223 Μ
2325 4186 2509 4237 pare-re
2534 4212 2545 4223 .
2577 4213 2586 4224 .
2617 4212 2626 4223 .
2653 4171 2796 4223 ante-

512 4250 705 4303 riorem
732 4264 831 4307 om.
859 4253 934 4306 M
1028 4256 1095 4307 22
1128 4253 1203 4322 et]
1230 4255 1292 4306 ut
1309 4271 1352 4323 p
1454 4252 1786 4307 conditione-s
1813 4255 1877 4307 N
1880 4256 1894 4289 ¹
1969 4254 2290 4309 conditionis
2315 4258 2468 4311 ΜΝι
2561 4260 2715 4311 autor
2739 4258 2802 4311 N

512 4340 579 4391 24
603 4336 838 4393 facturas
864 4340 964 4395 Mv
1070 4342 1125 4392 et
1156 4358 1256 4395 om.
1276 4358 1320 4409 p
1428 4339 1790 4395 extimandam
1817 4342 1892 4397 M
1987 4344 2054 4398 25
2079 4342 2383 4413 potenciam
2411 4344 2486 4399 M
2581 4348 2650 4399 26
2675 4354 2796 4397 sunt

511 4442 611 4480 oni.
644 4426 718 4479 M
815 4430 879 4481 27
920 4429 972 4479 et
1008 4426 1221 4493 quando
1258 4428 1357 4482 Mo
1462 4431 1517 4481 et
1554 4444 1611 4481 ex
1651 4444 1757 4496 qua
1793 4427 1966 4483 uoluit
2001 4446 2102 4485 om.
2134 4448 2177 4500 p

2963 4813 2988 4931 l
3143 4746 3150 4931 Ι
