3167 4975
273 1582 326 1618 10

275 2103 324 2140 15

269 2634 324 2671 2⁰

269 3155 324 3193 95

1179 443 1341 498 Inst.
1379 443 1488 497 lib.
1528 443 1680 504 vm,
1718 447 1869 499 4—8.
2548 443 2673 506 155

379 620 616 682 omnis
679 619 788 682 ira
847 619 1162 683 tollatur
1223 637 1259 682 a
1319 619 1564 699 1101113,
1628 619 1869 682 nullam
1928 619 2176 700 penitus
2237 619 2411 681 uelut
2458 637 2673 681 neces-

380 724 606 787 sariam
656 728 718 788 et
761 724 982 787 utilem
1039 723 1219 788 nobis
1277 725 1565 806 excepit),
1630 724 2213 804 delinquentemque
2275 724 2555 804 fratrem,
2620 723 2671 786 si

379 847 632 892 necesse
681 832 795 908 est,
842 828 930 892 ita
975 845 1191 892 curare
1237 829 1510 908 festinet,
1559 833 1648 908 ut,
1697 828 1847 891 dum
1893 828 2226 891 medellam
2272 828 2501 890 leuiore
2550 829 2673 891 for-

381 933 540 996 sitan
603 933 904 997 febricula
964 933 1270 998 laboranti
1331 939 1621 1016 procurat
1680 933 1938 1012 inferre‚
2008 951 2132 997 non
2203 936 2401 996 semet
2463 933 2671 1015 ipsum

376 1038 571 1102 irat-us
618 1040 904 1103 taetriore
952 1039 1169 1103 morbo
1209 1039 1524 1102 caecitatis
1559 1039 1839 1102 inuoluat
1870 1035 2135 1121 (oportet
2171 1055 2440 1119 namque
2472 1039 2670 1117 illum,

377 1144 482 1224 qui
527 1143 780 1206 alterius
815 1144 1058 1207 uulneri
1091 1144 1324 1207 mederi
1357 1142 1548 1224 cupit,
1598 1143 1767 1207 omni
1800 1142 2112 1225 languoris
2147 1142 2364 1206 morbo
2396 1144 2669 1206 alienum

379 1265 723 1329 sanumque
757 1248 1118 1328 subsistere,
1165 1267 1243 1311 ne
1275 1248 1428 1311 illud
1462 1248 1897 1330 euangelicum
1940 1248 2179 1310 dicatur
2227 1247 2308 1310 ei:
2359 1247 2669 1326 medice,

376 1353 582 1436 prius
643 1369 818 1415 cura
876 1355 947 1415 te
1009 1353 1278 1435 ipsum)
1341 1371 1412 1416 ac
1471 1352 1692 1416 uidens
1756 1351 2045 1416 fistucam
2105 1353 2170 1416 in
2225 1353 2400 1415 oculo
2460 1351 2669 1414 fratris

378 1455 474 1518 sui
534 1454 780 1519 trabem
839 1456 902 1519 in
965 1456 1139 1520 oculo
1201 1475 1311 1520 suo
1374 1475 1495 1520 non
1560 1456 1786 1520 uideat.
1894 1457 1995 1520 uel
2064 1456 2369 1536 quomodo
2437 1455 2671 1518 uidebit

379 1559 574 1623 eicere
622 1559 910 1624 fistucam
957 1561 1032 1624 de
1081 1561 1256 1625 oculo
1303 1561 1512 1624 fratris
1561 1561 1677 1641 sui,
1741 1561 1845 1643 qui
1889 1560 2135 1624 trabem
2181 1561 2405 1625 furoris
2465 1564 2673 1643 gestat

376 1665 440 1727 in
486 1666 660 1728 oculo
707 1667 860 1729 suo?

463 1769 572 1832 VI.
623 1767 912 1848 Qualibet
959 1789 1031 1832 ex
1086 1789 1275 1834 causa
1329 1770 1683 1834 iracundiae
1746 1775 1951 1834 motus
2015 1769 2321 1834 efferuens
2386 1775 2670 1834 excaecat

379 1874 586 1937 oculos
635 1874 834 1938 cordis
882 1879 946 1937 et
990 1875 1261 1938 acumini
1307 1876 1554 1938 1113111111]
1607 1874 1918 1938 exitialem
1967 1874 2281 1938 ualidioris
2331 1875 2530 1940 morbi
2578 1876 2669 1938 in-

377 1997 601 2059 gerens
647 1978 892 2041 trabem
941 1980 1138 2042 solem
1184 1979 1455 2043 iustitiae
1503 1998 1629 2043 non
1676 1980 1825 2043 sinit
1868 1980 2111 2043 intueri.
2191 1980 2342 2044 nihil
2389 1981 2669 2059 interest,

381 2087 592 2145 utrum
641 2100 830 2146 aurea
873 2084 1178 2146 lammina
1222 2083 1599 2166 plumbeaue
1663 2101 1772 2146 seu
1835 2082 2167 2147 cuiuslibet
2228 2084 2467 2147 metalli
2527 2102 2671 2148 ocu-

378 2185 581 2249 lorum
643 2186 964 2250 obtutibus
1033 2189 1396 2270 inponatur:
1468 2187 1886 2251 differentiam
1954 2189 2269 2252 caecitatis
2340 2206 2463 2251 non
2526 2188 2670 2252 facit

377 2291 733 2371 pretiositas
782 2292 1198 2356 metallorum.

467 2394 604 2458 VII.
655 2395 982 2459 Habemus
1031 2415 1182 2460 sane
1228 2397 1356 2459 irae
1411 2396 1827 2461 ministerium
1890 2397 2042 2461 satis
2105 2397 2429 2461 commode.
2492 2397 2669 2461 nobis

377 2502 702 2581 insertum,
766 2501 844 2564 ad
901 2502 1063 2583 quod
1111 2502 1316 2565 solum
1365 2520 1505 2565 eam
1552 2503 1823 2585 recipere
1870 2504 2021 2566 utile.
2070 2502 2247 2566 nobis
2298 2507 2395 2567 est.
2440 2521 2511 2566 ac
2572 2522 2671 2567 sa-

377 2605 578 2685 lubre,
626 2624 772 2669 cum
819 2610 1038 2669 contra
1082 2606 1480 2670 lasciuientcs
1528 2608 1727 2671 cordis
1776 2608 1969 2671 nostri
2018 2612 2223 2671 motus
2269 2608 2669 2691 indignantes

377 2710 772 2773 infremimus
837 2714 901 2774 et
961 2728 1052 2791 ea,
1111 2730 1271 2792 quae
1334 2730 1518 2794 agere
1567 2712 2010 2776 confundimur
2056 2730 2267 2776 coram
2312 2712 2670 2776 hominibus

377 2814 478 2877 uel
525 2814 828 2895 proloqui,
875 2816 936 2879 in
985 2815 1259 2879 latebras
1308 2816 1663 2881 ascendisse
1712 2818 1905 2881 nostri
1952 2818 2217 2900 pectoris
2249 2818 2669 2900 indignamur,

379 2919 743 3001 angelorum
791 2919 1027 2983 scilicet
1072 2938 1142 2984 ac
1191 2921 1290 2983 dei
1335 2922 1528 3004 ipsius
1575 2923 1997 3004 praesentiam
2044 2922 2272 3004 ubique
2336 2927 2399 2985 et-
2458 2923 2668 2987 omnia

375 3025 762 3105 penetrantis
808 3025 1181 3105 oculumque
1230 3026 1361 3087 eius
1409 3030 1540 3090 tota
1583 3026 1916 3090 formidine
1962 3031 2433 3107 tremescentes,
2480 3046 2667 3109 quem

377 3146 772 3210 nequaquam
817 3133 1082 3211 possunt
1127 3130 1538 3194 conscientiae
1588 3135 1835 3195 nostrae
1881 3132 2075 3195 latere
2126 3137 2380 3195 secreta.

465 3232 637 3295 VIII.
673 3232 789 3297 Uel
837 3238 1002 3297 certe
1049 3252 1193 3297 cum
1239 3238 1454 3299 contra
1498 3236 1662 3298 hanc
1705 3235 1909 3318 ipsam
1954 3236 2133 3316 iram,
2179 3254 2288 3299 cur
2333 3236 2511 3300 nobis
2560 3237 2667 3300 ad-

378 3356 596 3401 uersus
645 3340 906 3402 fratrem
950 3338 1301 3422 inrepserit,
1349 3358 1822 3404 commonemur
1870 3344 1930 3404 et
1970 3341 2111 3404 irati
2149 3342 2371 3405 letale-s
2403 3341 2665 3423 instiga-

585 3492 640 3561 7]
679 3494 804 3547 Luc..
831 3498 881 3557 4,
907 3496 990 3549 23.
1105 3494 1191 3563 10]
1232 3496 1297 3547 cf.
1327 3496 1518 3549 Matth.
1547 3498 1596 3559 7,
1634 3499 1787 3552 3—5.

466 3618 490 3669 1
534 3615 634 3684 ira]
677 3616 889 3669 malicia
923 3618 976 3670 L
1118 3619 1150 3671 2
1189 3617 1382 3685 excipit
1419 3618 1534 3673 HL
1678 3621 1711 3673 3
1747 3618 1824 3671 ita
1864 3620 2060 3673 GHL:
2096 3620 2208 3672 sine
2244 3620 2323 3672 ira
2360 3622 2413 3673 A
2557 3636 2665 3673 me-

376 3702 552 3755 dela-m
595 3703 723 3757 G²L
863 3703 1052 3756 leuiori
1094 3704 1290 3759 GHTv
1429 3708 1460 3759 4
1505 3720 1570 3758 ne
1608 3706 1676 3759 H
1812 3710 1844 3761 5
1880 3706 2096 3759 tetriore
2134 3708 2318 3761 AL'I':
2364 3707 2567 3760 tetrior-i
2604 3710 2670 3761 H

375 3789 626 3843 deteriori
655 3790 740 3845 Gv
845 3794 876 3844 6
912 3790 1085 3843 omnis
1111 3792 1162 3844 L
1272 3794 1301 3845 7
1340 3791 1466 3844 illut
1488 3794 1544 3845 A
1617 3790 1765 3845 aliud
1790 3794 1859 3847 H
1960 3798 1992 3848 8
2030 3798 2195 3845 temet
2222 3796 2337 3848 HL
2446 3812 2505 3848 ac
2542 3796 2583 3848 si
2612 3797 2663 3849 L

373 3876 636 3929 festucam
666 3877 794 3931 G2L
903 3882 934 3931 9
961 3876 1040 3929 tui
1071 3878 1216 3931 6¹12
1324 3882 1417 3931 tuo
1443 3879 1578 3933 AG²
1686 3878 1867 3932 uideas
1896 3881 2031 3933 1162
2143 3884 2205 3935 10
2246 3880 2505 3935 festucam
2535 3884 2663 3936 (1³²1,

372 3962 532 4016 fratri
569 3979 662 4016 suo
700 3964 768 4017 H
871 3966 931 4019 11
973 3980 1066 4017 suo
1103 3983 1203 4020 οηι.
1245 3968 1298 4019 Α
1411 3968 1474 4020 12
1512 3966 1713 4019 excicat
1750 3968 1832 4021 H¹
1946 3970 2009 4022 13
2048 3967 2225 4019 uisum
2252 3969 2318 4022 ΙΙ
2395 3968 2539 4021 1113113
2578 3972 2663 4023 Le·

373 4049 609 4103 inferens
646 4051 698 4104 L
818 4054 882 4105 14
921 4050 1097 4105 trabes
1135 4070 1201 4106 esc
1237 4052 1404 4105 trabis
1440 4054 1509 4107 H
1626 4056 1688 4108 15
1726 4052 1928 4123 utrum]
1968 4054 2108 4107 inter
2148 4056 2219 4107 G¹
2336 4072 2549 4109 auream
2588 4057 2661 4110 Ι,1

373 4136 580 4189 laminii
612 4138 688 4191 L¹
760 4136 962 4191 lamina
1002 4139 1132 4193 (1'122
1271 4139 1591 4207 plumbeaue
1629 4140 1705 4193 131
1850 4143 1914 4196 16
1952 4140 2227 4209 optutibus
2269 4143 2373 4195 GL
2510 4144 2663 4211 inpu-

373 4208 523 4289 tatur
571 4225 622 4277 G
773 4224 1122 4279 deferentiam
1168 4227 1236 4280 H
1381 4229 1443 4281 17
1499 4228 1802 4295 pretiositas
1858 4244 1961 4280 non
2017 4228 2149 4281 facit
2194 4232 2247 4283 A
2395 4234 2457 4284 19
2512 4234 2569 4283 at
2610 4231 2663 4284 L

373 4314 508 4378 quot
530 4312 604 4365 L¹
712 4312 942 4381 recipere
969 4329 1085 4366 eam
1109 4315 1162 4367 L
1269 4316 1338 4368 20
1371 4314 1568 4367 nostris
1595 4316 1671 4369 L¹
1777 4318 1844 4370 22
1880 4316 2222 4383 indignemur
2246 4320 2299 4370 A
2406 4321 2470 4372 24
2506 4336 2663 4387 pene-

371 4402 578 4451 trantes
615 4400 666 4452 L
775 4400 1143 4453 tremiscentes
1186 4402 1234 4453 (ι’
1343 4404 1408 4455 27
1449 4418 1883 4455 commoneamur
1920 4404 1993 4457 L¹
2103 4403 2276 4457 letalis
2314 4406 2379 4457 Il
2384 4408 2395 4439 ¹
