3167 4975
443 421 571 484 418
1518 421 1720 475 Index

446 593 869 662 Epiphaniorum
908 594 992 647 die
1027 597 1257 663 peracte,
1297 609 1400 663 quo
1436 592 1621 662 Chri—l
1751 596 1796 649 1.
1835 623 1900 634 --
1938 611 2111 650 accus.
2161 593 2404 648 Ezechiel
2460 593 2507 649 0
2545 593 2696 656 VIII,
2736 597 2786 653 8,

551 667 665 716 stus
710 663 1004 717 secundum
1041 664 1157 732 Aeg
1192 664 1429 733 ptiorum
1476 663 1589 732 opi·
1749 667 1797 718 2.
1850 663 2031 728 XVII,
2077 667 2169 727 25,
2217 665 2296 718 13.
2352 662 2682 717 Ezechielem
2745 663 2794 718 Ο

551 733 765 786 nionem
789 736 845 786 et
878 737 1036 788 natus
1070 736 1124 787 et
1156 682 1457 815 {aptizatus
1492 737 1589 798 est,
1747 732 1919 798 XVII,
1945 737 2028 797 25,
2058 736 2122 789 12
2159 739 2210 788 et
2250 735 2326 789 16.

552 819 583 855 a
640 802 891 871 pontifice
951 801 1311 858 Alexandrino
1372 803 1590 856 initium

554 871 1038 940 Quadragensimae
1093 875 1149 927 et
1196 872 1307 926 dies
1354 873 1589 926 Paschae
1645 873 1873 926 feminae
1901 873 2154 942 patientis
2183 871 2484 941 exemplum
2515 873 2562 926 0
2581 871 2785 934 XVIII,

550 958 645 1010 per
668 941 875 996 litteras
902 942 1281 1011 designabatur
1308 943 1354 998 0
1374 942 1438 1007 X,
1464 945 1513 1006 2,
1543 945 1586 998 1.
1751 945 1831 998 14.

449 1011 704 1080 epistulae
730 1012 1002 1080 paschales
1022 1012 1447 1081 patriarcharum
1469 1012 1590 1066 Ale-
1645 1012 1966 1066 feminarum
2002 1011 2243 1065 uisitatio
2281 1013 2323 1066 Ι
2347 1010 2414 1075 Χ,
2449 1014 2500 1073 2,
2535 1014 2584 1066 4.
2628 1010 2786 1064 fami-

552 1080 804 1135 xandriae
848 1081 895 1136 0
924 1081 990 1145 X,
1026 1085 1076 1146 2,
1114 1084 1159 1136 1.
1206 1081 1462 1150 epistulas
1497 1098 1590 1150 pa·
1749 1081 1953 1146 liaritas
1991 1083 2029 1136 1
2069 1081 2201 1146 1111,
2243 1084 2321 1142 16,
2359 1083 2408 1136 3.
2448 1079 2570 1144 ΥΙΙ,
2610 1083 2690 1136 11.
2746 1081 2794 1135 Ο

554 1154 767 1204 rentum
800 1151 949 1220 prius
988 1168 1111 1205 uam
1144 1150 1347 1220 legeret
1370 1151 1592 1218 quidam
1749 1151 1792 1216 I,
1842 1155 1927 1216 20,
1977 1155 2024 1207 5.
2075 1150 2399 1204 feminarum
2449 1149 2788 1203 familiaritas

554 1220 845 1274 monachus
880 1236 979 1274 eon
1020 1221 1158 1275 ussit
1194 1223 1232 1275 Ι
1261 1221 1323 1284 V,
1351 1223 1432 1276 32.
1750 1221 1906 1274 noxia
1949 1220 2212 1274 monacho
2247 1221 2286 1274 Ι
2314 1219 2410 1282 XI,
2449 1223 2527 1276 18.
2587 1219 2634 1274 C
2663 1219 2788 1284 ΥΙΙ,

448 1286 787 1358 {milon-quior
825 1290 1033 1344 animae
1076 1291 1123 1346 C
1156 1289 1388 1354 XXIIII,
1426 1295 1505 1355 15,
1541 1293 1588 1346 3.
1750 1293 1833 1354 26,
1871 1292 1919 1345 4.
1973 1289 2090 1354 XX,
2130 1292 2210 1352 11,
2256 1292 2302 1345 1.
2349 1319 2418 1328 -
2465 1287 2788 1342 feminarum

450 1359 633 1412 Esaias
726 1362 908 1416 assim.
964 1388 1029 1396 —
1082 1367 1247 1430 yenet.
1304 1360 1487 1414 Esaiae
1551 1360 1598 1416 Ο
1749 1363 2058 1414 sanctarum
2098 1357 2352 1412 historiae
2395 1375 2574 1412 coram
2615 1358 2786 1412 iunio—

554 1428 603 1480 X
694 1468 707 1490 ‚
737 1432 817 1493 12,
844 1431 877 1484 4
906 1431 1133 1499 passim.
1313 1503 1315 1506 ,
1751 1429 1897 1483 ribus
1933 1429 2158 1482 omissae
2201 1427 2248 1484 Ο
2277 1428 2508 1492 XVIIII,
2538 1431 2616 1492 16,
2641 1431 2688 1484 3.

450 1515 562 1552 esse
599 1499 809 1572 proprie
846 1498 942 1592 deo
980 1498 1235 1580 tribuitur
1270 1500 1333 1554 N
1367 1499 1429 1581 Υ,
1455 1505 1502 1556 8.
1647 1500 1851 1553 feriatis
1897 1497 2082 1578 diebus
2125 1497 2414 1566 prandium
2457 1502 2508 1552 et
2553 1514 2682 1595 cena
2717 1499 2786 1550 si-

452 1567 1153 1702 Εωὲᾱὲἓὲῗῑιῗῗῗῖῗδ
1171 1573 1413 1638 ‘’⁹⁰⁰“m‘
1431 1586 1592 1638 quam
1645 1567 1876 1692 fideiitffl.
1902 1565 2288 1692 ‘iihssssliffig
2318 1568 2606 1692 ἐιᾶἶῖῑὲιέι·
2645 1638 2786 1691 uasis

451 1706 878 1774 euangelicorum
916 1711 1325 1830 ‘praeceptorum
1362 1707 1592 1762 facilitas
1751 1711 1792 1763 Ι
1819 1708 1950 1771 ΠΠ,
1992 1711 2057 1764 19
2080 1725 2192 1778 sqq.

562 1776 771 1840 CXXI,
798 1780 880 1832 33.
956 1776 1016 1830 lii
1042 1777 1127 1831 dei
1152 1778 1413 1844 euangelii
1444 1795 1592 1831 man-
1646 1778 1777 1832 fides
1815 1779 2030 1846 eiusque
2062 1778 2453 1831 incrementum
2487 1793 2548 1830 ex
2583 1777 2680 1830 deo
2705 1781 2787 1830 est

558 1847 685 1900 data
720 1847 1030 1916 supergredi
1063 1846 1261 1900 debent
1296 1847 1341 1901 G
1374 1847 1515 1910 XXI,
1542 1851 1590 1902 5.
1757 1848 1924 1910 0111,
1955 1851 2033 1902 16.
2059 1847 2124 1911 X,
2150 1851 2198 1902 3.
2237 1846 2424 1900 diuina
2447 1846 2641 1900 nititur
2664 1864 2786 1902 auc—

452 1916 773 1969 eucharistia
825 1919 1009 1970 contra
1057 1916 1345 1970 inlusiones
1394 1916 1592 1971 diaboli
1753 1918 1966 1971 toritate
1991 1918 2056 1972 N
2087 1917 2220 1980 1111,
2247 1921 2294 1971 6.
2334 1933 2457 1970 cum
2489 1933 2581 1986 spe
2613 1919 2668 1970 et
2702 1934 2788 1970 ca·

556 1988 611 2039 et
659 1986 984 2054 corporalem
1031 1986 1378 2054 pollutionem
1424 1987 1592 2056 pluri-
1749 1988 1908 2042 ritate
1955 1990 2274 2056 conparatur
2324 1987 2371 2041 C
2410 1985 2512 2048 XI,
2560 1990 2607 2041 6.
2655 1987 2789 2040 fides

554 2071 706 2108 mum
739 2056 947 2109 confert
978 2056 1023 2112 O
1054 2055 1227 2120 XXII,
1255 2061 1301 2110 6.
1341 2075 1403 2110 ea
1438 2075 1592 2110 nemo
1751 2056 1915 2111 semel
1958 2055 2092 2110 bene
2148 2059 2394 2125 suscepta
2448 2073 2656 2124 semper
2701 2073 2788 2110 co-

556 2142 609 2178 se
631 2124 855 2192 dignum
877 2127 1030 2195 putet
1055 2127 1100 2180 G
1118 2125 1292 2188 XXII,
1314 2129 1360 2180 7.
1388 2126 1592 2191 XXIII,
1751 2126 1909 2180 lenda
1955 2127 2022 2182 N
2065 2125 2164 2188 Vl,
2206 2129 2283 2182 11.
2345 2125 2477 2179 fides
2526 2125 2789 2180 maiorum

554 2197 637 2249 21.
682 2195 795 2248 eius
840 2195 1059 2249 nomina
1102 2195 1395 2250 honorifica
1430 2199 1471 2251 I
1498 2195 1592 2262 ΥΙ,
1751 2196 2066 2250 tenendaN
2081 2195 2172 2260 VI,
2196 2199 2244 2252 5.
2271 2195 2402 2249 fides
2421 2212 2528 2249 una
2545 2197 2788 2249 omnium

555 2268 602 2320 8.
650 2263 697 2318 C
726 2263 899 2328 XXII,
926 2268 957 2320 4
982 2283 1093 2335 sqq.
1751 2265 2091 2319 ecclesiarum
2138 2267 2206 2320 N
2235 2264 2324 2328 VI,
2363 2269 2408 2320 6.
2461 2264 2586 2318 fidei
2631 2283 2788 2319 uerae

450 2333 743 2387 Eucherius
788 2333 1067 2404 presbyter
1154 2354 1193 2390 r.
1238 2335 1388 2390 Conl.
1444 2353 1477 2388 ›.
1519 2335 1590 2398 II,
1751 2338 2129 2402 argumentum
2148 2339 2230 2389 est
2247 2351 2532 2390 consensus
2545 2335 2786 2388 omnium

556 2404 602 2471 ἓ.
634 2406 678 2457 1.
709 2421 796 2473 pr.
834 2403 983 2460 Gonl.
1002 2423 1063 2474 p.
1151 2405 1193 2473 1,
1230 2407 1275 2472 ἓ.
1316 2408 1361 2460 1.
1388 2445 1411 2458 .
1443 2405 1590 2469 VIII,
1751 2405 2134 2458 catholicorum
2157 2404 2282 2468 NI,
2305 2407 2352 2460 6.
2371 2403 2464 2474 VI,
2485 2409 2532 2460 5.
2559 2404 2679 2467 ΥΠ,
2699 2408 2785 2460 31.

560 2475 606 2538 1,
640 2476 682 2529 1.
1751 2474 1876 2529 fidei
1915 2475 2166 2529 meritum
2204 2477 2448 2529 attenuat
2492 2475 2582 2543 qui
2621 2492 2788 2529 unum

452 2544 771 2598 Eunomiani
808 2546 876 2599 N
906 2545 950 2606 Ι,
977 2548 1025 2607 2,
1056 2549 1099 2600 1.
1741 2545 1863 2599 eius
1900 2546 2185 2599 articulmn
2221 2548 2381 2613 negat
2414 2547 2481 2600 N
2513 2544 2604 2609 VI,
2637 2548 2716 2600 17.

450 2614 745 2668 Eunomius
790 2614 836 2669 0
868 2614 988 2679 VII,
1023 2618 1108 2679 32,
1141 2618 1190 2669 3.
1228 2614 1340 2678 XV,
1370 2618 1419 2677 3,
1449 2618 1492 2669 l.
1533 2616 1599 2670 N
1647 2615 1919 2684 filargyiia
1963 2614 2093 2683 quid
2138 2615 2210 2669 sit
2253 2618 2308 2668 et
2351 2614 2494 2669 unde
2540 2617 2788 2669 nascatur

556 2684 599 2747 Ι,
624 2688 673 2749 2,
700 2688 748 2739 2.
1654 2691 1666 2702 ‘
1749 2685 1806 2739 in
1843 2685 2104 2738 monacho
2141 2687 2182 2739 Ι
2209 2684 2330 2748 ΥΠ,
2362 2688 2406 2740 1.
2445 2684 2558 2738 cius
2594 2701 2791 2752 genera

450 2753 707 2807 eunuchis
750 2753 991 2808 libidinis
1038 2754 1308 2808 incentiua
1354 2771 1459 2807 non
1504 2754 1604 2811 dex·
1751 2754 1856 2809 tria
1883 2757 1924 2809 I
1951 2754 2072 2817 VH,
2102 2757 2180 2810 14.
2229 2754 2276 2809 0
2307 2754 2368 2819 V,
2399 2757 2479 2819 11,
2505 2758 2553 2809 6.
2591 2755 2785 2811 uitium

554 2827 681 2878 sunt
713 2824 759 2878 C
780 2823 902 2888 XII,
934 2826 1013 2887 10,
1038 2828 1085 2881 3.
1126 2824 1355 2877 eunuchi
1383 2824 1593 2877 remissi
1751 2840 1856 2877 non
1891 2823 2064 2877 solum
2097 2824 2466 2893 perniciosum,
2505 2824 2596 2877 sed
2622 2824 2786 2877 etiam

554 2893 695 2946 circa
739 2894 1041 2947 castitatem
1087 2894 1132 2950 O
1168 2893 1301 2957 1111,
1342 2897 1418 2949 17.
1466 2893 1592 2961 XII,
1751 2894 1966 2947 foedum
2005 2896 2058 2947 et
2092 2896 2250 2961 turpe
2287 2896 2325 2948 I
2354 2892 2474 2957 VII,
2513 2896 2664 2948 3—6.
2699 2897 2785 2948 20.

555 2966 602 3025 5,
631 2966 778 3017 1-2.
808 2963 897 3032 qui
918 2964 1145 3017 eunuchi
1165 2962 1461 3018 laudabiles
1480 2964 1594 3017 sint
1750 2963 2024 3017 monachis
2083 2963 2518 3032 pestilentissima
2572 2964 2611 3018 Ι
2664 2962 2786 3027 ΥΠ,

564 3032 611 3087 0
640 3032 815 3095 XXII,
842 3036 890 3087 6.
1751 3036 1937 3089 7—12.
1984 3036 2066 3089 21.
2114 3036 2197 3088 25.
2243 3036 2465 3089 28-30.
2535 3049 2786 3101 magnam

451 3100 803 3155 exauditionis
840 3101 1039 3156 indicia
1070 3102 1117 3157 0
1148 3102 1328 3167 VIIII,
1356 3104 1437 3159 32.
1478 3102 1591 3157 eius
1751 3102 2016 3157 malorum
2069 3102 2260 3156 seriem
2315 3118 2496 3156 secum
2539 3102 2710 3156 tmhit
2755 3104 2792 3157 1

556 3188 743 3224 causae
781 3170 961 3235 ΥΙΠΙ,
988 3175 1072 3227 34.
1750 3172 1870 3235 VII,
1883 3176 1914 3227 7
1919 3176 2024 3229 .23.
2045 3176 2129 3228 26.
2151 3171 2416 3241 quomodo
2435 3172 2508 3226 sit
2525 3172 2790 3226 uincenda

449 3240 682 3294 excelsus
743 3239 941 3294 dicitur
1004 3241 1133 3295 deus
1192 3242 1251 3295 in
1310 3242 1592 3311 seripturis
1749 3244 1791 3298 I
1820 3242 1941 3306 VII,
1967 3245 2050 3298 21.
2076 3245 2298 3298 30—31.
2338 3242 2451 3295 sine
2487 3242 2785 3311 priuatione

556 3309 755 3363 sanctis
791 3311 856 3365 N
886 3309 949 3374 V,
977 3313 1025 3366 5.
1749 3312 1991 3366 omnium
2037 3328 2215 3365 rerum
2272 3328 2377 3365 non
2431 3316 2710 3381 superatur
2756 3314 2795 3367 Ι

449 3379 1152 3434 excitatorisinmonasterio
1164 3382 1406 3435 munusI
1420 3380 1493 3445 Π,
1510 3384 1589 3435 17.
1748 3381 1879 3445 ΥΙΙ,
1920 3383 2140 3437 24-’ν-25.
2189 3384 2411 3437 28-29.
2470 3384 2594 3435 ante
2647 3381 2786 3435 dilu-
2845 3384 2850 3387 ’

450 3449 939 3503 excommunicatur
982 3450 1027 3502 is
1064 3450 1153 3517 qui
1190 3452 1311 3503 orat
1346 3467 1468 3504 cum
1506 3468 1591 3503 ex·
1747 3452 1900 3505 uium
1937 3451 2124 3519 ignota
2166 3452 2212 3508 0
2243 3451 2307 3515 V,
2333 3456 2380 3507 8.

557 3518 948 3573 communicato
986 3521 1025 3574 Ι
1052 3519 1126 3583 Π,
1158 3523 1235 3574 16.
1647 3521 1770 3575 filiis
1805 3538 1926 3575 cum
1961 3520 2204 3590 patribus
2238 3522 2294 3575 in
2323 3520 2656 3574 monasteriis
2693 3520 2788 3573 ha·

451 3588 689 3657 exempla
732 3605 1023 3657 paucorum
1062 3592 1115 3642 et
1150 3588 1433 3643 meliorum
1470 3590 1590 3643 imi·
1750 3590 1920 3644 bitare
1965 3607 2368 3659 nonnumquam
2411 3607 2716 3645 eoncessum
2755 3592 2796 3645 Ι

554 3658 721 3711 tanda
756 3661 797 3713 Ι
824 3658 957 3721 ΙΠΙ,
983 3662 1051 3715 38
1086 3666 1136 3715 et
1170 3662 1255 3715 40.
1750 3660 1881 3723 1111,
1908 3664 1990 3715 27.
2038 3660 2084 3715 0
2113 3661 2189 3725 11,
2217 3663 2264 3723 7,
2296 3664 2340 3715 1.

451 3727 769 3797 exemplaria
804 3726 999 3781 Latina
1033 3727 1230 3783 bibliae
1267 3746 1445 3783 sacrae
1479 3730 1516 3783 1
1547 3728 1592 3793 1,
1647 3730 1768 3784 finis
1815 3730 1900 3783 uel
1945 3729 2078 3784 telos
2123 3730 2267 3785 uitae
2311 3730 2633 3783 monasticae
2671 3747 2788 3797 reg-

554 3800 602 3861 2,
634 3801 679 3852 1.
716 3797 866 3862 VIII,
892 3801 976 3854 21.
1012 3798 1136 3863 XII,
1164 3802 1247 3855 31.
1751 3816 1881 3853 num
1925 3798 2009 3853 dei
2054 3799 2100 3855 Ο
2131 3799 2173 3863 Ι,
2202 3804 2252 3862 4,
2289 3802 2334 3855 3.
2383 3800 2505 3853 finis
2542 3800 2786 3853 monachi

452 3867 837 3921 exhortatorius
874 3884 1047 3921 sermo
1091 3868 1235 3938 plebi
1270 3869 1327 3923 in
1374 3868 1594 3923 ecclesia
1751 3869 2005 3923 orationis
2058 3869 2454 3938 perseuerantia
2513 3868 2560 3923 G
2609 3868 2786 3934 VIIII,

554 3936 720 3991 fiebat
755 3939 798 3993 I
824 3936 917 4001 XI,
948 3941 1026 3993 16.
1751 3943 1799 3994 2.
1844 3940 1903 3991 in
1937 3940 2042 3992 fine
2080 3940 2256 3992 totum
2294 3938 2540 3993 consistit
2581 3940 2628 3994 G
2658 3938 2702 4002 1,
2738 3943 2785 3995 2.

451 4006 772 4075 experientia
841 4008 1104 4075 perfectae
1176 4008 1592 4063 renuntiationis
1751 4008 1825 4073 II,
1845 4012 1926 4074 26,
1948 4007 2119 4073 4111,
2140 4012 2188 4071 5,
2209 4012 2257 4063 4.
2285 4008 2408 4062 finis
2432 4008 2786 4062 humanarum

556 4077 817 4145 magistra
860 4078 906 4131 G
937 4077 1039 4141 ΙΙΙ,
1070 4081 1115 4132 7.
1751 4079 2022 4133 actionum
2059 4079 2176 4147 quis
2214 4096 2326 4131 esse
2363 4076 2554 4132 debeat
2589 4078 2635 4133 0
2667 4078 2785 4140 VII,

452 4146 723 4201 Ezechias:
760 4154 925 4215 ρωποι.
960 4146 1212 4201 Ezechiae
1250 4150 1291 4202 I
1324 4147 1417 4211 XI,
1456 4151 1521 4203 10
1554 4154 1589 4202 t.
1752 4154 1797 4203 6.
1855 4148 1974 4201 finis
2021 4147 2361 4203 coenobiotae
2404 4152 2457 4201 et
2502 4148 2788 4202 heremitae

558 4247 621 4255 —
668 4235 841 4273 accus.
889 4216 1169 4270 Ezechiam
1214 4220 1256 4273 Ι
1290 4217 1383 4281 XI,
1426 4220 1505 4282 10,
1546 4221 1590 4273 1.
1760 4218 1806 4273 (J
1837 4218 2066 4282 XVIIII,
2093 4222 2140 4273 8.

564 4286 610 4342 0
639 4286 811 4351 XVII,
841 4290 924 4351 25,
958 4290 1035 4341 10.
1648 4288 2013 4343 fornicationis
2037 4304 2232 4357 genera
2259 4288 2364 4342 tria
2395 4288 2442 4343 C
2472 4288 2533 4353 V,
2565 4292 2642 4344 11.
2683 4288 2788 4341 sor-

453 4355 713 4410 Ezechiel:
750 4362 917 4425 yenet.
952 4356 1238 4411 Ezechielis
1282 4357 1329 4413 0
1360 4357 1510 4422 VIII,
1540 4361 1589 4423 8,
1752 4358 1947 4413 nicatio
1985 4357 2242 4427 spiritalis
2275 4358 2322 4414 G
2351 4358 2533 4423 XIIII,
2564 4361 2640 4414 11.
2681 4356 2789 4411 for-
