<?xml version="1.0" encoding="UTF-8"?>
<!DOCTYPE html PUBLIC "-//W3C//DTD XHTML 1.0 Transitional//EN"
    "http://www.w3.org/TR/xhtml1/DTD/xhtml1-transitional.dtd">
<html xmlns="http://www.w3.org/1999/xhtml" xml:lang="en" lang="en">
 <head>
  <title>
</title>
<meta http-equiv="Content-Type" content="text/html;charset=utf-8" />
  <meta name='ocr-system' content='tesseract 3.04.00' />
  <meta name='ocr-capabilities' content='ocr_page ocr_carea ocr_par ocr_line ocrx_word'/>
</head>
<body>
  <div class='ocr_page' id='page_1' title='image "./corpusscriptoru28wissgoog_0149.png"; bbox 0 0 3167 4975; ppageno 0'>
   <div class='ocr_carea' id='block_1_1' title="bbox 1197 435 2692 502">
    <p class='ocr_par' dir='ltr' id='par_1_1' title="bbox 1197 435 2692 502">
     <span class='ocr_line' id='line_1_1' title="bbox 1197 435 2692 502; baseline -0.001 -10"><span class='ocrx_word' id='word_1_1' title='bbox 1197 437 1356 492; x_wconf 86' lang='lat' dir='ltr'>Inst.</span> <span class='ocrx_word' id='word_1_2' title='bbox 1394 435 1506 492; x_wconf 90' lang='lat' dir='ltr'>lib.</span> <span class='ocrx_word' id='word_1_3' title='bbox 1544 437 1588 502; x_wconf 91' lang='grc' dir='ltr'>Ι,</span> <span class='ocrx_word' id='word_1_4' title='bbox 1617 440 1697 493; x_wconf 93' lang='lat'>11.</span> <span class='ocrx_word' id='word_1_5' title='bbox 1735 437 1808 502; x_wconf 92' lang='lat'>11,</span> <span class='ocrx_word' id='word_1_6' title='bbox 1836 440 1884 493; x_wconf 89' lang='lat'>1.</span> <span class='ocrx_word' id='word_1_7' title='bbox 2612 436 2692 501; x_wconf 78' lang='lat'>17</span> 
     </span>
    </p>
   </div>
   <div class='ocr_carea' id='block_1_2' title="bbox 286 613 2692 2585">
    <p class='ocr_par' dir='ltr' id='par_1_2' title="bbox 484 613 2690 699">
     <span class='ocr_line' id='line_1_2' title="bbox 484 613 2690 699; baseline -0.002 -18"><span class='ocrx_word' id='word_1_8' title='bbox 484 617 560 681; x_wconf 89' lang='lat' dir='ltr'>V.</span> <span class='ocrx_word' id='word_1_9' title='bbox 587 617 683 681; x_wconf 90' lang='lat' dir='ltr'>De</span> <span class='ocrx_word' id='word_1_10' title='bbox 698 615 1077 680; x_wconf 88' lang='lat' dir='ltr'>duodenario</span> <span class='ocrx_word' id='word_1_11' title='bbox 1092 614 1484 699; x_wconf 88' lang='lat' dir='ltr'>psalmorum</span> <span class='ocrx_word' id='word_1_12' title='bbox 1503 630 1766 678; x_wconf 90' lang='lat' dir='ltr'>numero</span> <span class='ocrx_word' id='word_1_13' title='bbox 1783 614 1994 699; x_wconf 80' lang='lat' dir='ltr'>angeli</span> <span class='ocrx_word' id='word_1_14' title='bbox 2019 613 2356 680; x_wconf 77' lang='lat' dir='ltr'>traditione</span> <span class='ocrx_word' id='word_1_15' title='bbox 2380 617 2690 698; x_wconf 87' lang='lat' dir='ltr'>suscepto.</span> 
     </span>
    </p>

    <p class='ocr_par' dir='ltr' id='par_1_3' title="bbox 485 719 2032 786">
     <span class='ocr_line' id='line_1_3' title="bbox 485 719 2032 786; baseline -0.001 0"><span class='ocrx_word' id='word_1_16' title='bbox 485 721 593 786; x_wconf 94' lang='lat' dir='ltr'>VI.</span> <span class='ocrx_word' id='word_1_17' title='bbox 640 721 737 786; x_wconf 93' lang='lat' dir='ltr'>De</span> <span class='ocrx_word' id='word_1_18' title='bbox 783 719 1113 785; x_wconf 82' lang='lat' dir='ltr'>duodecim</span> <span class='ocrx_word' id='word_1_19' title='bbox 1158 719 1514 785; x_wconf 90' lang='lat' dir='ltr'>orationum</span> <span class='ocrx_word' id='word_1_20' title='bbox 1560 719 2032 785; x_wconf 84' lang='lat' dir='ltr'>consuetudine.</span> 
     </span>
    </p>

    <p class='ocr_par' dir='ltr' id='par_1_4' title="bbox 482 823 1431 910">
     <span class='ocr_line' id='line_1_4' title="bbox 482 823 1431 910; baseline -0.002 -21"><span class='ocrx_word' id='word_1_21' title='bbox 482 825 624 891; x_wconf 87' lang='lat' dir='ltr'>VH.</span> <span class='ocrx_word' id='word_1_22' title='bbox 674 825 771 890; x_wconf 89' lang='lat' dir='ltr'>De</span> <span class='ocrx_word' id='word_1_23' title='bbox 818 823 1153 910; x_wconf 77' lang='lat' dir='ltr'>disciplina</span> <span class='ocrx_word' id='word_1_24' title='bbox 1195 823 1431 890; x_wconf 87' lang='lat' dir='ltr'>orandi.</span> 
     </span>
    </p>

    <p class='ocr_par' dir='ltr' id='par_1_5' title="bbox 484 928 2170 1013">
     <span class='ocr_line' id='line_1_5' title="bbox 484 928 2170 1013; baseline -0.002 -18"><span class='ocrx_word' id='word_1_25' title='bbox 484 930 659 996; x_wconf 89' lang='lat' dir='ltr'>VIII.</span> <span class='ocrx_word' id='word_1_26' title='bbox 707 930 803 994; x_wconf 90' lang='lat' dir='ltr'>De</span> <span class='ocrx_word' id='word_1_27' title='bbox 850 928 1275 1012; x_wconf 79' lang='lat' dir='ltr'>subsequente</span> <span class='ocrx_word' id='word_1_28' title='bbox 1320 928 1602 994; x_wconf 88' lang='lat' dir='ltr'>oratione</span> <span class='ocrx_word' id='word_1_29' title='bbox 1645 931 1791 1013; x_wconf 88' lang='lat' dir='ltr'>post</span> <span class='ocrx_word' id='word_1_30' title='bbox 1832 928 2170 1011; x_wconf 89' lang='lat' dir='ltr'>psalmum.</span> 
     </span>
    </p>

    <p class='ocr_par' dir='ltr' id='par_1_6' title="bbox 310 1032 2692 1225">
     <span class='ocr_line' id='line_1_6' title="bbox 310 1032 2692 1119; baseline -0.001 -19"><span class='ocrx_word' id='word_1_31' title='bbox 310 1053 341 1092; x_wconf 78' lang='lat'>⁵</span> <span class='ocrx_word' id='word_1_32' title='bbox 482 1036 692 1100; x_wconf 91' lang='lat' dir='ltr'>VIIII.</span> <span class='ocrx_word' id='word_1_33' title='bbox 740 1034 837 1100; x_wconf 92' lang='lat' dir='ltr'>De</span> <span class='ocrx_word' id='word_1_34' title='bbox 884 1033 1183 1100; x_wconf 89' lang='lat' dir='ltr'>orationis</span> <span class='ocrx_word' id='word_1_35' title='bbox 1216 1037 1409 1114; x_wconf 86' lang='lat' dir='ltr'>statu,</span> <span class='ocrx_word' id='word_1_36' title='bbox 1455 1052 1644 1119; x_wconf 87' lang='lat' dir='ltr'>super</span> <span class='ocrx_word' id='word_1_37' title='bbox 1675 1051 1799 1116; x_wconf 87' lang='lat' dir='ltr'>quo</span> <span class='ocrx_word' id='word_1_38' title='bbox 1839 1033 1908 1099; x_wconf 89' lang='lat' dir='ltr'>in</span> <span class='ocrx_word' id='word_1_39' title='bbox 1953 1033 2338 1099; x_wconf 87' lang='lat' dir='ltr'>conlationes</span> <span class='ocrx_word' id='word_1_40' title='bbox 2372 1032 2692 1098; x_wconf 86' lang='lat' dir='ltr'>seniorum</span> 
     </span>
     <span class='ocr_line' id='line_1_7' title="bbox 393 1139 1433 1225; baseline -0.002 -20"><span class='ocrx_word' id='word_1_41' title='bbox 393 1140 637 1225; x_wconf 83' lang='lat' dir='ltr'>plenior</span> <span class='ocrx_word' id='word_1_42' title='bbox 680 1143 1037 1206; x_wconf 89' lang='lat' dir='ltr'>reseruetur</span> <span class='ocrx_word' id='word_1_43' title='bbox 1082 1139 1433 1204; x_wconf 77' lang='lat' dir='ltr'>instructio.</span> 
     </span>
    </p>

    <p class='ocr_par' dir='ltr' id='par_1_7' title="bbox 392 1239 2692 1434">
     <span class='ocr_line' id='line_1_8' title="bbox 479 1239 2692 1326; baseline -0.002 -17"><span class='ocrx_word' id='word_1_44' title='bbox 479 1241 557 1310; x_wconf 91' lang='lat' dir='ltr'>X.</span> <span class='ocrx_word' id='word_1_45' title='bbox 608 1243 769 1310; x_wconf 83' lang='lat' dir='ltr'>Cum</span> <span class='ocrx_word' id='word_1_46' title='bbox 814 1247 1051 1326; x_wconf 86' lang='lat' dir='ltr'>quanto</span> <span class='ocrx_word' id='word_1_47' title='bbox 1098 1243 1347 1309; x_wconf 89' lang='lat' dir='ltr'>silentio</span> <span class='ocrx_word' id='word_1_48' title='bbox 1395 1245 1460 1308; x_wconf 92' lang='lat' dir='ltr'>et</span> <span class='ocrx_word' id='word_1_49' title='bbox 1516 1242 1830 1308; x_wconf 86' lang='lat' dir='ltr'>breuitate</span> <span class='ocrx_word' id='word_1_50' title='bbox 1891 1241 2207 1308; x_wconf 89' lang='lat' dir='ltr'>orationes</span> <span class='ocrx_word' id='word_1_51' title='bbox 2271 1241 2432 1326; x_wconf 90' lang='lat' dir='ltr'>apud</span> <span class='ocrx_word' id='word_1_52' title='bbox 2480 1239 2692 1326; x_wconf 78' lang='lat' dir='ltr'>Aegy-</span> 
     </span>
     <span class='ocr_line' id='line_1_9' title="bbox 392 1349 999 1434; baseline -0.002 -19"><span class='ocrx_word' id='word_1_53' title='bbox 392 1350 559 1434; x_wconf 89' lang='lat' dir='ltr'>ptios</span> <span class='ocrx_word' id='word_1_54' title='bbox 606 1349 999 1434; x_wconf 88' lang='lat' dir='ltr'>colligantur.</span> 
     </span>
    </p>

    <p class='ocr_par' dir='ltr' id='par_1_8' title="bbox 480 1451 2390 1537">
     <span class='ocr_line' id='line_1_10' title="bbox 480 1451 2390 1537; baseline -0.002 -17"><span class='ocrx_word' id='word_1_55' title='bbox 480 1455 591 1520; x_wconf 88' lang='lat' dir='ltr'>XI.</span> <span class='ocrx_word' id='word_1_56' title='bbox 641 1452 781 1535; x_wconf 84' lang='lat' dir='ltr'>Qua</span> <span class='ocrx_word' id='word_1_57' title='bbox 823 1453 1158 1537; x_wconf 81' lang='lat' dir='ltr'>disciplina</span> <span class='ocrx_word' id='word_1_58' title='bbox 1204 1453 1367 1537; x_wconf 89' lang='lat' dir='ltr'>apud</span> <span class='ocrx_word' id='word_1_59' title='bbox 1412 1451 1761 1537; x_wconf 80' lang='lat' dir='ltr'>Aegyptios</span> <span class='ocrx_word' id='word_1_60' title='bbox 1806 1451 2038 1537; x_wconf 86' lang='lat' dir='ltr'>psalmi</span> <span class='ocrx_word' id='word_1_61' title='bbox 2083 1451 2390 1516; x_wconf 88' lang='lat' dir='ltr'>dicantur.</span> 
     </span>
    </p>

    <p class='ocr_par' dir='ltr' id='par_1_9' title="bbox 287 1555 2691 1835">
     <span class='ocr_line' id='line_1_11' title="bbox 287 1555 2691 1641; baseline -0.002 -16"><span class='ocrx_word' id='word_1_62' title='bbox 287 1576 343 1615; x_wconf 79' lang='grc' dir='ltr'>ιο</span> <span class='ocrx_word' id='word_1_63' title='bbox 479 1559 622 1624; x_wconf 88' lang='lat' dir='ltr'>XII.</span> <span class='ocrx_word' id='word_1_64' title='bbox 672 1557 799 1624; x_wconf 85' lang='lat' dir='ltr'>Cur</span> <span class='ocrx_word' id='word_1_65' title='bbox 842 1576 968 1623; x_wconf 89' lang='lat' dir='ltr'>uno</span> <span class='ocrx_word' id='word_1_66' title='bbox 1028 1557 1339 1641; x_wconf 82' lang='lat' dir='ltr'>psallente</span> <span class='ocrx_word' id='word_1_67' title='bbox 1385 1556 1577 1622; x_wconf 87' lang='lat' dir='ltr'>ceteri</span> <span class='ocrx_word' id='word_1_68' title='bbox 1622 1556 1690 1620; x_wconf 91' lang='lat' dir='ltr'>in</span> <span class='ocrx_word' id='word_1_69' title='bbox 1751 1556 1968 1640; x_wconf 80' lang='lat' dir='ltr'>synaxi</span> <span class='ocrx_word' id='word_1_70' title='bbox 2013 1555 2294 1638; x_wconf 86' lang='lat' dir='ltr'>sedeant,</span> <span class='ocrx_word' id='word_1_71' title='bbox 2355 1555 2459 1620; x_wconf 89' lang='lat' dir='ltr'>uel</span> <span class='ocrx_word' id='word_1_72' title='bbox 2519 1556 2691 1638; x_wconf 88' lang='lat' dir='ltr'>quali</span> 
     </span>
     <span class='ocr_line' id='line_1_12' title="bbox 392 1660 2689 1749; baseline -0.002 -19"><span class='ocrx_word' id='word_1_73' title='bbox 392 1668 538 1749; x_wconf 90' lang='lat' dir='ltr'>post</span> <span class='ocrx_word' id='word_1_74' title='bbox 582 1664 738 1730; x_wconf 86' lang='lat' dir='ltr'>haec</span> <span class='ocrx_word' id='word_1_75' title='bbox 783 1663 992 1730; x_wconf 86' lang='lat' dir='ltr'>studio</span> <span class='ocrx_word' id='word_1_76' title='bbox 1048 1681 1158 1749; x_wconf 88' lang='lat' dir='ltr'>per</span> <span class='ocrx_word' id='word_1_77' title='bbox 1204 1663 1397 1728; x_wconf 86' lang='lat' dir='ltr'>cellas</span> <span class='ocrx_word' id='word_1_78' title='bbox 1444 1680 1592 1728; x_wconf 86' lang='lat' dir='ltr'>suas</span> <span class='ocrx_word' id='word_1_79' title='bbox 1647 1680 1847 1746; x_wconf 88' lang='lat' dir='ltr'>usque</span> <span class='ocrx_word' id='word_1_80' title='bbox 1894 1661 1972 1726; x_wconf 86' lang='lat' dir='ltr'>ad</span> <span class='ocrx_word' id='word_1_81' title='bbox 2016 1661 2223 1728; x_wconf 90' lang='lat' dir='ltr'>lucem</span> <span class='ocrx_word' id='word_1_82' title='bbox 2285 1660 2538 1747; x_wconf 86' lang='lat' dir='ltr'>uigilias</span> <span class='ocrx_word' id='word_1_83' title='bbox 2585 1679 2689 1726; x_wconf 88' lang='lat' dir='ltr'>ex-</span> 
     </span>
     <span class='ocr_line' id='line_1_13' title="bbox 393 1769 676 1835; baseline -0.004 0"><span class='ocrx_word' id='word_1_84' title='bbox 393 1769 676 1835; x_wconf 83' lang='lat' dir='ltr'>tendant.</span> 
     </span>
    </p>

    <p class='ocr_par' dir='ltr' id='par_1_10' title="bbox 478 1870 2684 1958">
     <span class='ocr_line' id='line_1_14' title="bbox 478 1870 2684 1958; baseline -0.002 -18"><span class='ocrx_word' id='word_1_85' title='bbox 478 1875 655 1940; x_wconf 89' lang='lat' dir='ltr'>XIH.</span> <span class='ocrx_word' id='word_1_86' title='bbox 705 1872 911 1955; x_wconf 85' lang='lat' dir='ltr'>Quare</span> <span class='ocrx_word' id='word_1_87' title='bbox 956 1875 1101 1958; x_wconf 89' lang='lat' dir='ltr'>post</span> <span class='ocrx_word' id='word_1_88' title='bbox 1153 1872 1419 1938; x_wconf 86' lang='lat' dir='ltr'>missam</span> <span class='ocrx_word' id='word_1_89' title='bbox 1466 1875 1841 1938; x_wconf 88' lang='lat' dir='ltr'>nocturnam</span> <span class='ocrx_word' id='word_1_90' title='bbox 1894 1870 2167 1936; x_wconf 88' lang='lat' dir='ltr'>dormire</span> <span class='ocrx_word' id='word_1_91' title='bbox 2212 1889 2339 1936; x_wconf 89' lang='lat' dir='ltr'>non</span> <span class='ocrx_word' id='word_1_92' title='bbox 2383 1873 2684 1956; x_wconf 85' lang='lat' dir='ltr'>oporteat.</span> 
     </span>
    </p>

    <p class='ocr_par' dir='ltr' id='par_1_11' title="bbox 479 1975 2688 2062">
     <span class='ocr_line' id='line_1_15' title="bbox 479 1975 2688 2062; baseline -0.002 -18"><span class='ocrx_word' id='word_1_93' title='bbox 479 1979 689 2044; x_wconf 91' lang='lat' dir='ltr'>XIIII.</span> <span class='ocrx_word' id='word_1_94' title='bbox 740 1978 1282 2059; x_wconf 85' lang='lat' dir='ltr'>Quemadmodum</span> <span class='ocrx_word' id='word_1_95' title='bbox 1342 1977 1409 2042; x_wconf 89' lang='lat' dir='ltr'>in</span> <span class='ocrx_word' id='word_1_96' title='bbox 1454 1975 1630 2042; x_wconf 89' lang='lat' dir='ltr'>cellis</span> <span class='ocrx_word' id='word_1_97' title='bbox 1678 1977 1810 2042; x_wconf 88' lang='lat' dir='ltr'>suis</span> <span class='ocrx_word' id='word_1_98' title='bbox 1871 1993 2028 2062; x_wconf 89' lang='lat' dir='ltr'>opus</span> <span class='ocrx_word' id='word_1_99' title='bbox 2073 1993 2381 2041; x_wconf 90' lang='lat' dir='ltr'>manuum</span> <span class='ocrx_word' id='word_1_100' title='bbox 2427 1977 2492 2041; x_wconf 91' lang='lat' dir='ltr'>et</span> <span class='ocrx_word' id='word_1_101' title='bbox 2549 1992 2688 2040; x_wconf 87' lang='lat' dir='ltr'>ora—</span> 
     </span>
    </p>

    <p class='ocr_par' dir='ltr' id='par_1_12' title="bbox 286 2083 1271 2168">
     <span class='ocr_line' id='line_1_16' title="bbox 286 2083 1271 2168; baseline -0.004 -18"><span class='ocrx_word' id='word_1_102' title='bbox 286 2097 341 2138; x_wconf 84' lang='lat'>1⁵</span> <span class='ocrx_word' id='word_1_103' title='bbox 396 2085 599 2150; x_wconf 88' lang='lat' dir='ltr'>tiones</span> <span class='ocrx_word' id='word_1_104' title='bbox 644 2083 878 2168; x_wconf 86' lang='lat' dir='ltr'>pariter</span> <span class='ocrx_word' id='word_1_105' title='bbox 925 2085 1271 2148; x_wconf 82' lang='lat' dir='ltr'>exerceant.</span> 
     </span>
    </p>

    <p class='ocr_par' dir='ltr' id='par_1_13' title="bbox 392 2185 2686 2463">
     <span class='ocr_line' id='line_1_17' title="bbox 477 2185 2685 2272; baseline -0.001 -19"><span class='ocrx_word' id='word_1_106' title='bbox 477 2188 614 2254; x_wconf 88' lang='lat' dir='ltr'>XV.</span> <span class='ocrx_word' id='word_1_107' title='bbox 663 2187 801 2268; x_wconf 81' lang='lat' dir='ltr'>Qua</span> <span class='ocrx_word' id='word_1_108' title='bbox 828 2187 967 2272; x_wconf 89' lang='lat' dir='ltr'>lege</span> <span class='ocrx_word' id='word_1_109' title='bbox 1000 2187 1345 2252; x_wconf 87' lang='lat' dir='ltr'>modestiae</span> <span class='ocrx_word' id='word_1_110' title='bbox 1390 2189 1536 2270; x_wconf 88' lang='lat' dir='ltr'>post</span> <span class='ocrx_word' id='word_1_111' title='bbox 1564 2187 1922 2252; x_wconf 89' lang='lat' dir='ltr'>orationum</span> <span class='ocrx_word' id='word_1_112' title='bbox 1955 2185 2221 2250; x_wconf 87' lang='lat' dir='ltr'>missam</span> <span class='ocrx_word' id='word_1_113' title='bbox 2251 2185 2685 2268; x_wconf 89' lang='lat' dir='ltr'>unusquisque</span> 
     </span>
     <span class='ocr_line' id='line_1_18' title="bbox 394 2289 2686 2375; baseline -0.002 -17"><span class='ocrx_word' id='word_1_114' title='bbox 394 2293 473 2358; x_wconf 88' lang='lat' dir='ltr'>ad</span> <span class='ocrx_word' id='word_1_115' title='bbox 534 2311 715 2358; x_wconf 88' lang='lat' dir='ltr'>suam</span> <span class='ocrx_word' id='word_1_116' title='bbox 774 2293 999 2358; x_wconf 87' lang='lat' dir='ltr'>cellam</span> <span class='ocrx_word' id='word_1_117' title='bbox 1044 2291 1280 2373; x_wconf 88' lang='lat' dir='ltr'>redeat,</span> <span class='ocrx_word' id='word_1_118' title='bbox 1342 2295 1405 2356; x_wconf 92' lang='lat' dir='ltr'>et</span> <span class='ocrx_word' id='word_1_119' title='bbox 1466 2291 1568 2355; x_wconf 91' lang='lat' dir='ltr'>cui</span> <span class='ocrx_word' id='word_1_120' title='bbox 1622 2290 2035 2375; x_wconf 89' lang='lat' dir='ltr'>increpationi</span> <span class='ocrx_word' id='word_1_121' title='bbox 2097 2289 2402 2355; x_wconf 89' lang='lat' dir='ltr'>subdatur</span> <span class='ocrx_word' id='word_1_122' title='bbox 2461 2289 2517 2354; x_wconf 90' lang='lat' dir='ltr'>is</span> <span class='ocrx_word' id='word_1_123' title='bbox 2577 2290 2686 2372; x_wconf 89' lang='lat' dir='ltr'>qui</span> 
     </span>
     <span class='ocr_line' id='line_1_19' title="bbox 392 2397 857 2463; baseline 0 -1"><span class='ocrx_word' id='word_1_124' title='bbox 392 2398 575 2463; x_wconf 87' lang='lat' dir='ltr'>aliter</span> <span class='ocrx_word' id='word_1_125' title='bbox 618 2397 857 2463; x_wconf 88' lang='lat' dir='ltr'>fecerit.</span> 
     </span>
    </p>

    <p class='ocr_par' dir='ltr' id='par_1_14' title="bbox 477 2500 2684 2585">
     <span class='ocr_line' id='line_1_20' title="bbox 477 2500 2684 2585; baseline -0.001 -17"><span class='ocrx_word' id='word_1_126' title='bbox 477 2503 646 2569; x_wconf 88' lang='lat' dir='ltr'>XVI.</span> <span class='ocrx_word' id='word_1_127' title='bbox 696 2502 874 2585; x_wconf 86' lang='lat' dir='ltr'>Quod</span> <span class='ocrx_word' id='word_1_128' title='bbox 921 2503 1079 2569; x_wconf 84' lang='lat' dir='ltr'>nulli</span> <span class='ocrx_word' id='word_1_129' title='bbox 1109 2502 1299 2568; x_wconf 86' lang='lat' dir='ltr'>liceat</span> <span class='ocrx_word' id='word_1_130' title='bbox 1343 2518 1519 2566; x_wconf 89' lang='lat' dir='ltr'>orare</span> <span class='ocrx_word' id='word_1_131' title='bbox 1566 2519 1714 2565; x_wconf 91' lang='lat' dir='ltr'>cum</span> <span class='ocrx_word' id='word_1_132' title='bbox 1759 2502 1868 2567; x_wconf 90' lang='lat' dir='ltr'>illo</span> <span class='ocrx_word' id='word_1_133' title='bbox 1900 2501 2008 2584; x_wconf 90' lang='lat' dir='ltr'>qui</span> <span class='ocrx_word' id='word_1_134' title='bbox 2054 2500 2246 2565; x_wconf 82' lang='lat' dir='ltr'>fuerit</span> <span class='ocrx_word' id='word_1_135' title='bbox 2275 2500 2356 2565; x_wconf 88' lang='lat' dir='ltr'>ab</span> <span class='ocrx_word' id='word_1_136' title='bbox 2403 2500 2684 2566; x_wconf 87' lang='lat' dir='ltr'>oratione</span> 
     </span>
    </p>
   </div>
   <div class='ocr_carea' id='block_1_3' title="bbox 279 2621 2684 2795">
    <p class='ocr_par' dir='ltr' id='par_1_15' title="bbox 279 2621 2684 2795">
     <span class='ocr_line' id='line_1_21' title="bbox 279 2621 755 2693; baseline 0 -20"><span class='ocrx_word' id='word_1_137' title='bbox 279 2621 338 2663; x_wconf 73' lang='lat'>2⁰</span> <span class='ocrx_word' id='word_1_138' title='bbox 392 2626 755 2693; x_wconf 89' lang='lat' dir='ltr'>suspensus.</span> 
     </span>
     <span class='ocr_line' id='line_1_22' title="bbox 476 2709 2684 2795; baseline -0.002 -17"><span class='ocrx_word' id='word_1_139' title='bbox 476 2712 679 2778; x_wconf 90' lang='lat' dir='ltr'>XVII.</span> <span class='ocrx_word' id='word_1_140' title='bbox 727 2712 905 2795; x_wconf 85' lang='lat' dir='ltr'>Quod</span> <span class='ocrx_word' id='word_1_141' title='bbox 962 2713 1041 2795; x_wconf 84' lang='lat' dir='ltr'>is,</span> <span class='ocrx_word' id='word_1_142' title='bbox 1104 2712 1213 2795; x_wconf 90' lang='lat' dir='ltr'>qui</span> <span class='ocrx_word' id='word_1_143' title='bbox 1270 2712 1349 2776; x_wconf 89' lang='lat' dir='ltr'>ad</span> <span class='ocrx_word' id='word_1_144' title='bbox 1410 2710 1759 2777; x_wconf 90' lang='lat' dir='ltr'>orationem</span> <span class='ocrx_word' id='word_1_145' title='bbox 1819 2711 2162 2776; x_wconf 83' lang='lat' dir='ltr'>exsuscitat</span> <span class='ocrx_word' id='word_1_146' title='bbox 2219 2710 2467 2791; x_wconf 79' lang='lat' dir='ltr'>fratreS,</span> <span class='ocrx_word' id='word_1_147' title='bbox 2529 2709 2684 2775; x_wconf 86' lang='lat' dir='ltr'>hora</span> 
     </span>
    </p>
   </div>
   <div class='ocr_carea' id='block_1_4' title="bbox 392 2816 2682 3007">
    <p class='ocr_par' dir='ltr' id='par_1_16' title="bbox 392 2816 2682 3007">
     <span class='ocr_line' id='line_1_23' title="bbox 392 2816 1461 2884; baseline -0.002 -1"><span class='ocrx_word' id='word_1_148' title='bbox 392 2819 580 2884; x_wconf 86' lang='lat' dir='ltr'>solita</span> <span class='ocrx_word' id='word_1_149' title='bbox 623 2836 729 2883; x_wconf 88' lang='lat' dir='ltr'>eos</span> <span class='ocrx_word' id='word_1_150' title='bbox 775 2816 1003 2883; x_wconf 89' lang='lat' dir='ltr'>debeat</span> <span class='ocrx_word' id='word_1_151' title='bbox 1046 2834 1461 2883; x_wconf 88' lang='lat' dir='ltr'>commonere.</span> 
     </span>
     <span class='ocr_line' id='line_1_24' title="bbox 476 2919 2682 3007; baseline -0.001 -19"><span class='ocrx_word' id='word_1_152' title='bbox 476 2922 711 2988; x_wconf 89' lang='lat' dir='ltr'>XVIII.</span> <span class='ocrx_word' id='word_1_153' title='bbox 763 2923 939 3004; x_wconf 82' lang='lat' dir='ltr'>Quod</span> <span class='ocrx_word' id='word_1_154' title='bbox 986 2940 1025 2988; x_wconf 91' lang='lat' dir='ltr'>a</span> <span class='ocrx_word' id='word_1_155' title='bbox 1068 2940 1333 3007; x_wconf 88' lang='lat' dir='ltr'>uespera</span> <span class='ocrx_word' id='word_1_156' title='bbox 1378 2920 1627 2987; x_wconf 88' lang='lat' dir='ltr'>sabbati</span> <span class='ocrx_word' id='word_1_157' title='bbox 1673 2940 1874 3005; x_wconf 90' lang='lat' dir='ltr'>usque</span> <span class='ocrx_word' id='word_1_158' title='bbox 1917 2922 1996 2985; x_wconf 90' lang='lat' dir='ltr'>ad</span> <span class='ocrx_word' id='word_1_159' title='bbox 2039 2938 2370 3005; x_wconf 85' lang='lat' dir='ltr'>uesperam</span> <span class='ocrx_word' id='word_1_160' title='bbox 2415 2919 2540 2984; x_wconf 88' lang='lat' dir='ltr'>diei</span> <span class='ocrx_word' id='word_1_161' title='bbox 2573 2919 2682 2985; x_wconf 90' lang='lat' dir='ltr'>do-</span> 
     </span>
    </p>
   </div>
   <div class='ocr_carea' id='block_1_5' title="bbox 390 3026 2676 3128">
    <p class='ocr_par' dir='ltr' id='par_1_17' title="bbox 390 3026 2676 3128">
     <span class='ocr_line' id='line_1_25' title="bbox 390 3026 2676 3128; baseline -0.002 -34"><span class='ocrx_word' id='word_1_162' title='bbox 390 3028 608 3128; x_wconf 82' lang='lat' dir='ltr'>minici</span> <span class='ocrx_word' id='word_1_163' title='bbox 651 3046 861 3113; x_wconf 85' lang='lat' dir='ltr'>genua</span> <span class='ocrx_word' id='word_1_164' title='bbox 888 3046 1015 3095; x_wconf 87' lang='lat' dir='ltr'>non</span> <span class='ocrx_word' id='word_1_165' title='bbox 1058 3027 1395 3094; x_wconf 80' lang='lat' dir='ltr'>flecta-ntur</span> <span class='ocrx_word' id='word_1_166' title='bbox 1438 3045 1557 3093; x_wconf 91' lang='lat' dir='ltr'>nec</span> <span class='ocrx_word' id='word_1_167' title='bbox 1586 3027 1739 3093; x_wconf 86' lang='lat' dir='ltr'>totis</span> <span class='ocrx_word' id='word_1_168' title='bbox 1785 3026 2008 3091; x_wconf 87' lang='lat' dir='ltr'>diebus</span> <span class='ocrx_word' id='word_1_169' title='bbox 2040 3026 2676 3111; x_wconf 86' lang='lat' dir='ltr'>Quinquagensimae.</span> 
     </span>
    </p>
   </div>
   <div class='ocr_carea' id='block_1_6' title="bbox 1326 3202 1743 3216">
    <p class='ocr_par' dir='ltr' id='par_1_18' title="bbox 1326 3202 1743 3216">
     <span class='ocr_line' id='line_1_26' title="bbox 1326 3202 1743 3216; baseline 0 0"><span class='ocrx_word' id='word_1_170' title='bbox 1326 3202 1743 3216; x_wconf 95' lang='lat' dir='ltr'> </span> 
     </span>
    </p>
   </div>
   <div class='ocr_carea' id='block_1_7' title="bbox 279 3340 2679 3530">
    <p class='ocr_par' dir='ltr' id='par_1_19' title="bbox 279 3340 2679 3530">
     <span class='ocr_line' id='line_1_27' title="bbox 279 3340 2678 3427; baseline -0.001 -19"><span class='ocrx_word' id='word_1_171' title='bbox 279 3353 335 3393; x_wconf 78' lang='lat'>²⁵</span> <span class='ocrx_word' id='word_1_172' title='bbox 477 3343 527 3408; x_wconf 97' lang='lat' dir='ltr'>I.</span> <span class='ocrx_word' id='word_1_173' title='bbox 590 3342 844 3427; x_wconf 88' lang='lat' dir='ltr'>Duplici</span> <span class='ocrx_word' id='word_1_174' title='bbox 904 3342 1097 3427; x_wconf 86' lang='lat' dir='ltr'>igitur</span> <span class='ocrx_word' id='word_1_175' title='bbox 1163 3341 1283 3407; x_wconf 91' lang='lat' dir='ltr'>hoc</span> <span class='ocrx_word' id='word_1_176' title='bbox 1350 3360 1471 3426; x_wconf 91' lang='lat' dir='ltr'>quo</span> <span class='ocrx_word' id='word_1_177' title='bbox 1540 3341 1811 3405; x_wconf 82' lang='lat' dir='ltr'>diximus</span> <span class='ocrx_word' id='word_1_178' title='bbox 1879 3341 2130 3426; x_wconf 87' lang='lat' dir='ltr'>cingulo</span> <span class='ocrx_word' id='word_1_179' title='bbox 2191 3340 2426 3406; x_wconf 83' lang='lat' dir='ltr'>Christi</span> <span class='ocrx_word' id='word_1_180' title='bbox 2495 3340 2678 3407; x_wconf 88' lang='lat' dir='ltr'>miles</span> 
     </span>
     <span class='ocr_line' id='line_1_28' title="bbox 390 3446 2679 3530; baseline -0.002 -17"><span class='ocrx_word' id='word_1_181' title='bbox 390 3448 707 3513; x_wconf 87' lang='lat' dir='ltr'>accinctus</span> <span class='ocrx_word' id='word_1_182' title='bbox 754 3446 1029 3528; x_wconf 87' lang='lat' dir='ltr'>interim,</span> <span class='ocrx_word' id='word_1_183' title='bbox 1091 3447 1201 3530; x_wconf 89' lang='lat' dir='ltr'>qui</span> <span class='ocrx_word' id='word_1_184' title='bbox 1246 3447 1469 3511; x_wconf 85' lang='lat' dir='ltr'>modus</span> <span class='ocrx_word' id='word_1_185' title='bbox 1515 3446 1958 3511; x_wconf 85' lang='lat' dir='ltr'>canonicarum</span> <span class='ocrx_word' id='word_1_186' title='bbox 2004 3446 2359 3511; x_wconf 88' lang='lat' dir='ltr'>orationum</span> <span class='ocrx_word' id='word_1_187' title='bbox 2403 3446 2679 3529; x_wconf 88' lang='lat' dir='ltr'>psalmo-</span> 
     </span>
    </p>
   </div>
   <div class='ocr_carea' id='block_1_8' title="bbox 382 3704 2685 4475">
    <p class='ocr_par' dir='ltr' id='par_1_20' title="bbox 382 3704 2685 4475">
     <span class='ocr_line' id='line_1_29' title="bbox 476 3704 2678 3777; baseline -0.002 -14"><span class='ocrx_word' id='word_1_188' title='bbox 476 3709 508 3763; x_wconf 89' lang='lat'>5</span> <span class='ocrx_word' id='word_1_189' title='bbox 544 3705 869 3761; x_wconf 86' lang='lat' dir='ltr'>conlationes</span> <span class='ocrx_word' id='word_1_190' title='bbox 901 3707 1127 3777; x_wconf 77' lang='lat' dir='ltr'>scripsi.-</span> <span class='ocrx_word' id='word_1_191' title='bbox 1162 3705 1461 3761; x_wconf 87' lang='lat' dir='ltr'>conlatione</span> <span class='ocrx_word' id='word_1_192' title='bbox 1488 3705 1638 3763; x_wconf 80' lang='lat' dir='ltr'>HLv</span> <span class='ocrx_word' id='word_1_193' title='bbox 1742 3708 1776 3763; x_wconf 89' lang='lat'>6</span> <span class='ocrx_word' id='word_1_194' title='bbox 1810 3704 2022 3775; x_wconf 86' lang='lat' dir='ltr'>plenius</span> <span class='ocrx_word' id='word_1_195' title='bbox 2046 3706 2117 3761; x_wconf 88' lang='lat' dir='ltr'><strong><em>H</em></strong></span> <span class='ocrx_word' id='word_1_196' title='bbox 2215 3708 2246 3761; x_wconf 83' lang='lat'>&#39;7</span> <span class='ocrx_word' id='word_1_197' title='bbox 2284 3705 2545 3775; x_wconf 83' lang='lat' dir='ltr'>aegiptios</span> <span class='ocrx_word' id='word_1_198' title='bbox 2571 3704 2678 3760; x_wconf 93' lang='lat' dir='ltr'>col-</span> 
     </span>
     <span class='ocr_line' id='line_1_30' title="bbox 385 3792 2676 3863; baseline -0 -16"><span class='ocrx_word' id='word_1_199' title='bbox 385 3793 629 3863; x_wconf 85' lang='lat' dir='ltr'>liguntur</span> <span class='ocrx_word' id='word_1_200' title='bbox 664 3794 735 3849; x_wconf 87' lang='lat' dir='ltr'><strong><em>H</em></strong></span> <span class='ocrx_word' id='word_1_201' title='bbox 834 3796 901 3850; x_wconf 85' lang='lat'>10</span> <span class='ocrx_word' id='word_1_202' title='bbox 937 3793 1106 3847; x_wconf 88' lang='lat' dir='ltr'>sinaxi</span> <span class='ocrx_word' id='word_1_203' title='bbox 1144 3793 1260 3849; x_wconf 87' lang='lat' dir='ltr'>HL</span> <span class='ocrx_word' id='word_1_204' title='bbox 1368 3796 1429 3849; x_wconf 96' lang='grc'>11</span> <span class='ocrx_word' id='word_1_205' title='bbox 1468 3792 1729 3863; x_wconf 85' lang='lat' dir='ltr'>procellas</span> <span class='ocrx_word' id='word_1_206' title='bbox 1767 3793 1836 3849; x_wconf 87' lang='lat' dir='ltr'><strong><em>H</em></strong></span> <span class='ocrx_word' id='word_1_207' title='bbox 1941 3792 2157 3862; x_wconf 81' lang='lat' dir='ltr'>uigilias</span> <span class='ocrx_word' id='word_1_208' title='bbox 2193 3809 2360 3861; x_wconf 89' lang='lat' dir='ltr'>usque</span> <span class='ocrx_word' id='word_1_209' title='bbox 2398 3792 2466 3846; x_wconf 87' lang='lat' dir='ltr'>ad</span> <span class='ocrx_word' id='word_1_210' title='bbox 2500 3792 2676 3846; x_wconf 88' lang='lat' dir='ltr'>lucem</span> 
     </span>
     <span class='ocr_line' id='line_1_31' title="bbox 385 3878 2678 3938; baseline -0.001 -2"><span class='ocrx_word' id='word_1_211' title='bbox 385 3879 680 3936; x_wconf 80' lang='lat' dir='ltr'>extendunt</span> <span class='ocrx_word' id='word_1_212' title='bbox 713 3882 785 3937; x_wconf 89' lang='lat' dir='ltr'><strong><em>H</em></strong></span> <span class='ocrx_word' id='word_1_213' title='bbox 884 3883 952 3937; x_wconf 90' lang='grc'>14</span> <span class='ocrx_word' id='word_1_214' title='bbox 988 3880 1193 3935; x_wconf 88' lang='lat' dir='ltr'>cellulis</span> <span class='ocrx_word' id='word_1_215' title='bbox 1228 3881 1324 3938; x_wconf 73' lang='grc' dir='ltr'>Ην</span> <span class='ocrx_word' id='word_1_216' title='bbox 1427 3881 1684 3936; x_wconf 86' lang='lat' dir='ltr'>orationis</span> <span class='ocrx_word' id='word_1_217' title='bbox 1722 3882 1792 3936; x_wconf 90' lang='lat' dir='ltr'><strong><em>H</em></strong></span> <span class='ocrx_word' id='word_1_218' title='bbox 1892 3882 1956 3937; x_wconf 85' lang='lat'>17</span> <span class='ocrx_word' id='word_1_219' title='bbox 1995 3879 2215 3935; x_wconf 89' lang='lat' dir='ltr'>redeant</span> <span class='ocrx_word' id='word_1_220' title='bbox 2247 3881 2316 3935; x_wconf 90' lang='lat' dir='ltr'><strong><em>H</em></strong></span> <span class='ocrx_word' id='word_1_221' title='bbox 2414 3878 2678 3934; x_wconf 83' lang='lat' dir='ltr'>subdatur</span> 
     </span>
     <span class='ocr_line' id='line_1_32' title="bbox 382 3966 2677 4039; baseline -0.001 -16"><span class='ocrx_word' id='word_1_222' title='bbox 382 3969 735 4038; x_wconf 86' lang='lat' dir='ltr'>increpationi</span> <span class='ocrx_word' id='word_1_223' title='bbox 761 3968 856 4025; x_wconf 86' lang='lat' dir='ltr'>Hv</span> <span class='ocrx_word' id='word_1_224' title='bbox 958 3969 1005 4023; x_wconf 88' lang='lat' dir='ltr'>is</span> <span class='ocrx_word' id='word_1_225' title='bbox 1040 3968 1134 4038; x_wconf 89' lang='lat' dir='ltr'>qui</span> <span class='ocrx_word' id='word_1_226' title='bbox 1170 3967 1349 4039; x_wconf 86' lang='lat' dir='ltr'>aliter]</span> <span class='ocrx_word' id='word_1_227' title='bbox 1387 3968 1618 4038; x_wconf 85' lang='lat' dir='ltr'>qualiter</span> <span class='ocrx_word' id='word_1_228' title='bbox 1642 3970 1711 4024; x_wconf 90' lang='lat' dir='ltr'><strong><em>H</em></strong></span> <span class='ocrx_word' id='word_1_229' title='bbox 1813 3971 1877 4026; x_wconf 89' lang='lat'>19</span> <span class='ocrx_word' id='word_1_230' title='bbox 1914 3968 2076 4038; x_wconf 89' lang='lat' dir='ltr'>nulli]</span> <span class='ocrx_word' id='word_1_231' title='bbox 2103 3984 2211 4023; x_wconf 89' lang='lat' dir='ltr'>non</span> <span class='ocrx_word' id='word_1_232' title='bbox 2236 3970 2305 4024; x_wconf 90' lang='lat' dir='ltr'><strong><em>H</em></strong></span> <span class='ocrx_word' id='word_1_233' title='bbox 2403 3970 2466 4025; x_wconf 84' lang='lat'>21</span> <span class='ocrx_word' id='word_1_234' title='bbox 2508 3966 2677 4022; x_wconf 85' lang='lat' dir='ltr'>frater</span> 
     </span>
     <span class='ocr_line' id='line_1_33' title="bbox 383 4055 2685 4127; baseline 0.001 -17"><span class='ocrx_word' id='word_1_235' title='bbox 383 4055 674 4110; x_wconf 82' lang='lat' dir='ltr'>exsuscitat</span> <span class='ocrx_word' id='word_1_236' title='bbox 709 4057 779 4111; x_wconf 91' lang='lat' dir='ltr'><strong><em>H</em></strong></span> <span class='ocrx_word' id='word_1_237' title='bbox 841 4056 1033 4111; x_wconf 85' lang='lat' dir='ltr'>fratres</span> <span class='ocrx_word' id='word_1_238' title='bbox 1078 4056 1369 4111; x_wconf 84' lang='lat' dir='ltr'>exsuscitat</span> <span class='ocrx_word' id='word_1_239' title='bbox 1410 4074 1443 4113; x_wconf 83' lang='lat' dir='ltr'><strong><em>v</em></strong></span> <span class='ocrx_word' id='word_1_240' title='bbox 1567 4058 1636 4113; x_wconf 80' lang='lat'>23</span> <span class='ocrx_word' id='word_1_241' title='bbox 1684 4056 1768 4111; x_wconf 88' lang='lat' dir='ltr'>die</span> <span class='ocrx_word' id='word_1_242' title='bbox 1811 4058 1866 4113; x_wconf 91' lang='lat' dir='ltr'><strong><em>L</em></strong></span> <span class='ocrx_word' id='word_1_243' title='bbox 1988 4058 2059 4113; x_wconf 83' lang='lat'>24</span> <span class='ocrx_word' id='word_1_244' title='bbox 2097 4056 2578 4127; x_wconf 80' lang='lat' dir='ltr'>quinquagensima</span> <span class='ocrx_word' id='word_1_245' title='bbox 2614 4058 2685 4113; x_wconf 90' lang='lat' dir='ltr'><strong><em>H</em></strong></span> 
     </span>
     <span class='ocr_line' id='line_1_34' title="bbox 382 4142 2678 4215; baseline 0.002 -18"><span class='ocrx_word' id='word_1_246' title='bbox 382 4142 813 4213; x_wconf 83' lang='lat' dir='ltr'>quinquagisime</span> <span class='ocrx_word' id='word_1_247' title='bbox 858 4142 897 4213; x_wconf 88' lang='lat' dir='ltr'>(i</span> <span class='ocrx_word' id='word_1_248' title='bbox 934 4150 1063 4215; x_wconf 72' lang='lat' dir='ltr'>post</span> <span class='ocrx_word' id='word_1_249' title='bbox 1098 4160 1136 4213; x_wconf 84' lang='lat' dir='ltr'><strong>g</strong></span> <span class='ocrx_word' id='word_1_250' title='bbox 1178 4146 1243 4199; x_wconf 74' lang='lat' dir='ltr'>in</span> <span class='ocrx_word' id='word_1_251' title='bbox 1285 4160 1313 4198; x_wconf 89' lang='lat' dir='ltr'>e</span> <span class='ocrx_word' id='word_1_252' title='bbox 1360 4144 1513 4213; x_wconf 67' lang='grc' dir='ltr'><strong>Μαι.)</strong></span> <span class='ocrx_word' id='word_1_253' title='bbox 1555 4145 1611 4200; x_wconf 91' lang='lat' dir='ltr'><strong><em>L</em></strong></span> <span class='ocrx_word' id='word_1_254' title='bbox 1751 4143 2060 4214; x_wconf 84' lang='lat' dir='ltr'>Expliciunt</span> <span class='ocrx_word' id='word_1_255' title='bbox 2103 4146 2248 4214; x_wconf 63' lang='lat' dir='ltr'>capit</span> <span class='ocrx_word' id='word_1_256' title='bbox 2289 4144 2416 4199; x_wconf 86' lang='lat' dir='ltr'>h&#39;bri</span> <span class='ocrx_word' id='word_1_257' title='bbox 2454 4144 2544 4198; x_wconf 81' lang='grc' dir='ltr'>-Π-</span> <span class='ocrx_word' id='word_1_258' title='bbox 2588 4145 2678 4201; x_wconf 88' lang='lat' dir='ltr'>H:</span> 
     </span>
     <span class='ocr_line' id='line_1_35' title="bbox 382 4230 2674 4301; baseline 0 -15"><span class='ocrx_word' id='word_1_259' title='bbox 382 4248 486 4287; x_wconf 76' lang='lat' dir='ltr'>mn.</span> <span class='ocrx_word' id='word_1_260' title='bbox 518 4230 622 4286; x_wconf 78' lang='lat' dir='ltr'>GL</span> <span class='ocrx_word' id='word_1_261' title='bbox 725 4230 927 4301; x_wconf 83' lang='lat' dir='ltr'>Incipit</span> <span class='ocrx_word' id='word_1_262' title='bbox 948 4230 1085 4286; x_wconf 88' lang='lat' dir='ltr'>liber</span> <span class='ocrx_word' id='word_1_263' title='bbox 1108 4230 1372 4286; x_wconf 83' lang='lat' dir='ltr'>secundus</span> <span class='ocrx_word' id='word_1_264' title='bbox 1408 4230 1520 4301; x_wconf 89' lang='lat' dir='ltr'>(lib.</span> <span class='ocrx_word' id='word_1_265' title='bbox 1548 4248 1650 4285; x_wconf 83' lang='lat' dir='ltr'>sec.</span> <span class='ocrx_word' id='word_1_266' title='bbox 1677 4250 1778 4287; x_wconf 84' lang='lat' dir='ltr'>om.</span> <span class='ocrx_word' id='word_1_267' title='bbox 1811 4232 1882 4301; x_wconf 75' lang='lat' dir='ltr'>G)</span> <span class='ocrx_word' id='word_1_268' title='bbox 1921 4230 1984 4286; x_wconf 87' lang='lat' dir='ltr'>de</span> <span class='ocrx_word' id='word_1_269' title='bbox 2011 4232 2264 4285; x_wconf 84' lang='lat' dir='ltr'>canonico</span> <span class='ocrx_word' id='word_1_270' title='bbox 2291 4235 2674 4287; x_wconf 85' lang='lat' dir='ltr'>nocturnarum</span> 
     </span>
     <span class='ocr_line' id='line_1_36' title="bbox 382 4317 2674 4390; baseline 0.002 -19"><span class='ocrx_word' id='word_1_271' title='bbox 382 4317 687 4373; x_wconf 87' lang='lat' dir='ltr'>orationum</span> <span class='ocrx_word' id='word_1_272' title='bbox 722 4321 777 4373; x_wconf 89' lang='lat' dir='ltr'>et</span> <span class='ocrx_word' id='word_1_273' title='bbox 808 4317 1141 4389; x_wconf 88' lang='lat' dir='ltr'>psalmorum</span> <span class='ocrx_word' id='word_1_274' title='bbox 1177 4318 1336 4373; x_wconf 89' lang='lat' dir='ltr'>modo</span> <span class='ocrx_word' id='word_1_275' title='bbox 1373 4319 1555 4387; x_wconf 91' lang='lat' dir='ltr'>(modo</span> <span class='ocrx_word' id='word_1_276' title='bbox 1589 4318 1727 4373; x_wconf 83' lang='lat' dir='ltr'>liber</span> <span class='ocrx_word' id='word_1_277' title='bbox 1762 4318 2025 4373; x_wconf 87' lang='lat' dir='ltr'>secundus</span> <span class='ocrx_word' id='word_1_278' title='bbox 2066 4319 2138 4388; x_wconf 76' lang='lat' dir='ltr'>G)</span> <span class='ocrx_word' id='word_1_279' title='bbox 2180 4318 2349 4375; x_wconf 79' lang='lat' dir='ltr'>GHL</span> <span class='ocrx_word' id='word_1_280' title='bbox 2463 4322 2530 4376; x_wconf 83' lang='lat'>25</span> <span class='ocrx_word' id='word_1_281' title='bbox 2569 4336 2674 4390; x_wconf 89' lang='lat' dir='ltr'>quo</span> 
     </span>
     <span class='ocr_line' id='line_1_37' title="bbox 388 4404 1924 4475; baseline 0.001 -13"><span class='ocrx_word' id='word_1_282' title='bbox 388 4404 468 4462; x_wconf 80' lang='lat' dir='ltr'>G.-</span> <span class='ocrx_word' id='word_1_283' title='bbox 512 4404 651 4475; x_wconf 82' lang='lat' dir='ltr'>quod</span> <span class='ocrx_word' id='word_1_284' title='bbox 686 4407 801 4463; x_wconf 79' lang='lat' dir='ltr'>rell.</span> <span class='ocrx_word' id='word_1_285' title='bbox 908 4404 1062 4461; x_wconf 84' lang='lat' dir='ltr'>miles</span> <span class='ocrx_word' id='word_1_286' title='bbox 1098 4404 1285 4461; x_wconf 85' lang='lat' dir='ltr'>christi</span> <span class='ocrx_word' id='word_1_287' title='bbox 1322 4407 1393 4463; x_wconf 91' lang='lat' dir='ltr'><strong><em>H</em></strong></span> <span class='ocrx_word' id='word_1_288' title='bbox 1489 4408 1558 4463; x_wconf 83' lang='lat'>26</span> <span class='ocrx_word' id='word_1_289' title='bbox 1595 4405 1834 4461; x_wconf 84' lang='lat' dir='ltr'>accintus</span> <span class='ocrx_word' id='word_1_290' title='bbox 1869 4406 1924 4464; x_wconf 90' lang='lat' dir='ltr'><strong><em>L</em></strong></span> 
     </span>
    </p>
   </div>
  </div>
 </body>
</html>
