3167 4975
481 443 570 508 94
1297 442 1615 498 Iohannis
1661 441 1965 498 Cassiani

481 638 597 682 nec
641 619 882 684 roboris
929 619 1203 704 insignia
1245 620 1671 702 praeferentes
1718 637 1756 683 a
1817 619 2196 702 spiritalium
2258 617 2777 702 congressionum

483 724 776 788 conflictu
821 727 893 788 ut
937 724 1181 808 indigni
1228 725 1517 806 seruique
1564 742 1689 789 non
1724 725 1859 788 sine
1890 723 2275 788 confusionis
2308 727 2457 788 nota
2486 723 2773 806 protinus

481 829 856 912 repellemur
903 827 1170 913 (omnis
1235 830 1405 893 enim
1452 829 1578 911 qui
1641 829 1829 893 facit
1882 830 2275 913 peccatum
2338 846 2600 892 seruus
2662 832 2778 891 est

481 933 831 1017 peccati),
865 933 1226 1015 diceturque
1259 933 1440 998 nobis
1471 953 1582 1016 per
1606 933 1865 997 beatum
1897 934 2250 1016 apostolum
2284 950 2429 996 cum
2460 933 2581 1013 his,
2614 933 2777 996 inter

482 1055 637 1119 quos
667 1037 998 1102 fornicatio
1030 1038 1418 1103 nominatur:
1465 1037 1868 1122 temptatio
1915 1055 2045 1102 uos
2094 1055 2235 1102 non
2282 1036 2777 1120 adprehendit
2856 1055 2883 1094 ⁵

482 1142 632 1206 nisi
663 1143 1004 1207 humana.
1055 1161 1181 1207 non
1214 1143 1384 1206 enim
1408 1143 1791 1207 merebimur
1823 1143 2055 1207 mentis
2086 1141 2305 1207 robore
2337 1160 2463 1207 non
2494 1141 2777 1224 quaesito

479 1247 800 1330 grauiores
847 1266 1091 1332 pugnas
1137 1247 1558 1330 nequitiarum
1608 1247 1973 1312 caelestium
2028 1247 2311 1330 experiri,
2372 1247 2481 1328 qui
2524 1264 2777 1310 carnem

480 1351 772 1436 fragilem
815 1352 1221 1416 resistentem
1269 1351 1517 1436 spiritui
1579 1355 1793 1417 nostro
1856 1351 2191 1436 subiugare
2252 1369 2378 1416 non
2438 1351 2773 1433 quiuimus.

481 1457 643 1538 quod
690 1456 959 1539 apostoli
1003 1456 1438 1521 testimonium
1473 1473 1599 1522 non
1644 1457 2083 1540 intellegentes
2133 1456 2389 1538 quidam
2435 1458 2779 1538 posuerunt

479 1579 590 1644 pro
623 1561 963 1625 indicatiuo
996 1561 1351 1644 optatiuum
1385 1562 1663 1642 modum,
1710 1561 1774 1625 id
1822 1565 1947 1626 est:
1994 1561 2404 1643 temptatio
2452 1579 2582 1625 uos
2631 1578 2774 1625 non
2830 1592 2881 1631 ιο

482 1665 1000 1750 adprehendat
1059 1666 1208 1730 nisi
1266 1667 1618 1748 humana,
1680 1666 1841 1748 quod
1891 1664 1969 1730 ab
2016 1666 2151 1749 ipso
2198 1665 2320 1729 dici
2364 1665 2773 1729 manifestum

482 1771 580 1834 est
624 1788 748 1835 non
796 1770 1094 1854 optantiS‚
1142 1770 1251 1834 sed
1297 1771 1765 1854 pronuntiantis
1812 1772 1914 1836 uel
1960 1769 2391 1854 exprobrantis
2438 1769 2685 1835 affectu.

567 1874 770 1938 XVII.
820 1873 936 1939 Uis
998 1874 1210 1940 audire
1275 1894 1498 1940 uerum
1561 1875 1867 1939 athletam
1914 1873 2152 1940 Christi
2208 1875 2494 1959 legitimo
2556 1876 2773 1959 agonis

481 1980 612 2043 iure
659 1983 1048 2045 certantem?
1112 1998 1273 2064 ege,
1338 1981 1563 2064 inquit,
1628 1981 1738 2045 sic
1798 1999 2012 2046 curro
2074 1999 2217 2045 non
2277 1981 2491 2062 quasi
2542 1980 2617 2044 in
2662 1981 2775 2045 in-

483 2088 798 2164 certum,
868 2085 975 2148 sic
1040 2104 1287 2170 pugno
1349 2104 1489 2150 11011
1553 2087 1769 2169 quasi
1830 2091 2073 2150 aerem
2137 2085 2577 2167 uerberans,
2648 2087 2773 2150 sed
2830 2113 2880 2153 ιε

482 2190 774 2273 castigo
837 2207 1105 2273 corpus
1167 2208 1405 2254 meum
1475 2195 1547 2256 et
1615 2191 1979 2255 seruituti
2045 2190 2373 2271 subicio,
2442 2211 2529 2254 ne
2599 2191 2773 2256 aliis

481 2294 934 2378 praedicans
1003 2294 1162 2377 ipse
1229 2293 1592 2378 reprobus
1662 2295 1981 2359 efficiar.
2078 2295 2254 2359 uides
2315 2298 2385 2359 ut
2445 2294 2510 2359 in
2573 2299 2774 2359 semet

481 2398 639 2481 ipso,
699 2398 764 2462 id
825 2401 923 2462 est
983 2398 1048 2463 in
1109 2417 1294 2462 carne
1355 2418 1471 2464 sua
1533 2400 2071 2464 conluctationum
2124 2417 2441 2464 summam
2488 2400 2663 2464 uelut
2708 2400 2773 2463 in

482 2503 635 2568 base
680 2504 952 2585 quadam
999 2504 1364 2569 firmissima
1409 2506 1707 2570 statuerit
1752 2509 1815 2570 et
1854 2507 2229 2589 prouentum
2263 2523 2510 2589 pugnae
2544 2507 2606 2569 in
2641 2506 2775 2569 sola

483 2608 896 2691 castigatione
943 2609 1147 2674 carnis
1195 2613 1260 2674 et
1305 2608 1695 2674 subiectione
1742 2611 1839 2675 sui
1884 2611 2159 2693 corporis
2205 2610 2587 2676 conlocarit?
2642 2627 2772 2693 ego
2826 2637 2881 2676 20

395 2727 430 2779 2
478 2714 692 2795 itaque
757 2713 865 2777 sic
925 2732 1140 2777 curro
1201 2731 1345 2778 non
1410 2714 1627 2796 quasi
1688 2714 1763 2777 in
1819 2714 2219 2779 incertum.
2298 2732 2423 2779 non
2469 2715 2663 2778 currit
2706 2714 2773 2777 in

481 2818 813 2898 incertum,
860 2817 1008 2898 quia
1037 2819 1374 2882 caelestem
1403 2818 1808 2883 Hierusalem
1840 2818 2229 2901 conspiciens
2262 2816 2533 2882 defixum
2563 2818 2773 2899 habet,

479 2940 602 3004 quo
656 2920 780 2986 sibi
833 2921 1034 2986 cordis
1091 2923 1187 2986 sui
1241 2920 1682 2993 indeflexibilis
1736 2923 1821 2987 sit
1862 2922 2185 3006 dirigenda
2226 2922 2583 3005 pernicitas,
2646 2940 2773 2987 non

479 3027 674 3090 currit
703 3027 768 3090 in
799 3026 1131 3107 incertum,
1163 3026 1309 3108 quia
1339 3026 1805 3092 obliuiscens
1846 3027 2275 3110 posteriora
2320 3028 2410 3092 ad
2454 3046 2537 3091 ea
2582 3044 2771 3109 quae

479 3131 553 3194 in
599 3131 845 3213 priora
889 3134 1066 3195 sunt
1111 3131 1390 3196 extendit
1435 3152 1523 3212 se,
1571 3132 1659 3195 ad
1704 3132 2173 3197 destinatum
2217 3149 2621 3215 persequenS‚
2679 3131 2767 3195 ad
2822 3160 2875 3199 25

688 3302 744 3371 3]
770 3302 884 3356 Ioh.
911 3306 961 3367 8,
987 3306 1071 3358 34.
1180 3302 1236 3371 5]
1263 3303 1292 3356 Ι
1317 3302 1435 3357 Cor.
1465 3305 1547 3367 10,
1577 3306 1657 3359 13.
1770 3304 1859 3371 14]
1894 3302 1923 3357 1
1947 3302 2065 3358 Cor.
2092 3308 2142 3367 9,
2168 3305 2389 3358 26—27.
2498 3302 2590 3372 24]
2628 3302 2769 3357 Phil.

481 3392 530 3454 3,
559 3392 780 3445 13—14.

569 3532 596 3583 1
637 3528 844 3582 roburis
871 3531 924 3583 A
1031 3528 1098 3582 ab
1133 3530 1188 3583 L
1259 3546 1320 3582 ac
1357 3530 1426 3583 H
1525 3529 1897 3597 congressione
1934 3530 1987 3584 L
2094 3534 2127 3584 2
2164 3529 2411 3583 conflicto
2436 3530 2516 3583 Α2
2620 3532 2653 3584 3
2690 3546 2769 3582 re-

477 3614 728 3685 pellimur
766 3616 934 3670 GHL
1039 3617 1074 3670 4
1109 3615 1408 3685 diciturque
1433 3618 1588 3672 codd.
1696 3620 1728 3671 5
1765 3617 2011 3671 temtatio
2044 3618 2113 3671 H
2212 3616 2610 3686 adpraehendat
2648 3618 2769 3671 CL¹

479 3706 512 3757 6
557 3702 881 3756 merebimur
931 3704 1081 3759 6²3.-
1135 3720 1402 3756 meremur
1445 3704 1753 3759 AG¹HLT
1912 3703 2103 3757 robure
2148 3704 2203 3758 A
2370 3720 2475 3757 non
2530 3704 2771 3771 quaesito

477 3792 702 3859 scripsi:
745 3790 1069 3858 conquissito
1105 3792 1176 3845 H
1177 3794 1190 3826 ¹
1264 3790 1560 3858 conquisito
1596 3792 1710 3846 rell.
1748 3809 1781 3847 υ
1920 3796 1955 3849 8
1992 3794 2172 3845 nostro
2208 3809 2309 3847 om.
2348 3792 2401 3845 L
2548 3792 2583 3845 9
2618 3790 2769 3844 testi-

479 3875 657 3930 monio
681 3876 760 3931 13¹
836 3880 900 3932 10
924 3876 1222 3930 indicatiufi
1249 3878 1325 3931 L1
1402 3879 1462 3932 11
1490 3877 1828 3931 manifestius
1854 3878 1906 3932 L
1981 3880 2044 3933 12
2072 3877 2307 3931 obtentis
2332 3878 2401 3932 H
2468 3880 2533 3932 13
2556 3876 2684 3930 XVI
2709 3878 2777 3930 H

479 3962 774 4017 anthletam
813 3965 894 4018 Η1
967 3963 1240 4017 adletham
1277 3965 1328 4017 1,
1471 3980 1639 4033 agone
1676 3966 1731 4019 A
1876 3967 1937 4020 14
1978 3964 2155 4033 inquit
2190 3965 2265 4017 sic
2302 4008 2312 4019 .
2352 4008 2361 4018 .
2400 4007 2411 4017 .
2440 3982 2570 4035 paq.
2604 3967 2691 4029 95,
2736 3968 2771 4017 6

479 4049 758 4103 deuotione
793 4049 1078 4118 infatigabi
1113 4051 1307 4105 desunt
1342 4052 1404 4105 in
1441 4052 1494 4105 A
1602 4051 1791 4119 inquid
1828 4053 1909 4106 Η1
2024 4055 2084 4107 17
2123 4051 2313 4105 uidens
2349 4052 2423 4106 L¹
2542 4054 2609 4107 18
2644 4066 2769 4104 cou-

476 4136 824 4190 luctationem
848 4138 903 4191 L
1009 4140 1075 4193 19
1113 4137 1346 4190 firmissa
1367 4137 1444 4192 L¹
1550 4140 1621 4192 20
1658 4137 1935 4207 castigatio
1962 4139 2045 4192 Η1
2153 4138 2443 4193 conlocarit
2474 4140 2601 4193 GT.-
2644 4153 2768 4191 con-

474 4221 734 4276 locauerit
776 4224 892 4278 HL
1006 4223 1128 4293 ego]
1167 4240 1263 4292 ego
1299 4224 1476 4292 inquit
1509 4226 1578 4279 H
1695 4227 1757 4280 21
1798 4225 1987 4293 currit]
2027 4242 2179 4278 curro
2216 4225 2292 4279 L¹
2399 4228 2467 4280 23
2502 4224 2767 4294 perspica-

477 4310 610 4363 citas
647 4312 716 4365 H
789 4310 1136 4379 pertinacitas
1173 4312 1226 4367 L
1333 4314 1399 4366 24
1439 4311 1565 4379 quia
1602 4312 1691 4367 ΙΙ.·
1726 4312 1815 4379 qui
1858 4313 2047 4367 GLTv
2152 4315 2218 4367 25
2257 4312 2311 4365 111
2348 4313 2527 4381 priora
2564 4313 2768 4368 81122':

475 4398 651 4464 priora
693 4398 920 4452 GH‘Lv
953 4405 1004 4451 et
1049 4400 1204 4467 Uuly.
1315 4398 1633 4451 distillatum
1671 4399 1756 4452 Η1
1862 4398 2183 4452 adbradium
2222 4400 2307 4453 1-11
