3167 4975
313 1578 364 1614 10

313 2097 362 2136 15

307 2621 362 2657 20

1208 437 1366 490 lust.
1404 436 1512 490 lib.
1541 437 1664 500 VII,
1702 441 1925 494 24-27.
2590 439 2709 501 147

421 613 566 693 quia
611 615 942 694 utrumque
977 612 1210 675 crimen
1247 613 1322 675 de
1355 612 1708 696 filargyriae
1750 613 2058 677 radicibus
2092 614 2445 696 pullulauit.
2506 615 2715 695 itaque

421 717 473 779 si
519 716 580 779 in
629 736 755 796 eOS,
802 717 906 798 qui
939 734 1063 780 non
1097 717 1330 781 alienas
1365 717 1812 800 concupierunt
1853 718 2263 798 substantias,
2312 718 2423 781 sed
2453 719 2715 801 propriis

420 839 672 904 parcere
720 823 1215 904 temptauerunt,
1263 841 1378 886 nec
1423 821 1699 885 habuere
1746 822 2122 886 desiderium
2170 823 2557 905 adquirendi,
2605 823 2715 887 sed

421 925 781 988 reseruandi
827 926 1262 990 tantummodo
1307 927 1723 1006 uoluntatem,
1778 928 2083 1009 processit
2126 931 2257 990 tam
2305 946 2525 992 seuera
2570 947 2713 992 sen-

421 1030 633 1110 tentia,
680 1029 827 1111 quid
859 1031 1242 1095 censendum
1273 1031 1348 1095 de
1380 1032 1498 1112 his,
1545 1031 1649 1112 (1111
1684 1049 2029 1113 numquam
2060 1049 2383 1114 possessas
2413 1032 2713 1115 pecunias

419 1136 680 1218 cupiunt
724 1153 1104 1218 congregare
1151 1140 1213 1199 et
1251 1136 1602 1200 nuditatem
1634 1153 1843 1201 coram
1885 1135 2243 1200 hominibus
2290 1136 2713 1218 praeferentes

418 1238 646 1303 affectu
693 1240 1230 1322 concupiscentiae
1277 1259 1488 1305 coram
1536 1241 1651 1304 deo
1698 1240 1924 1304 diuites
1972 1240 2475 1322 conprobantur?

503 1343 734 1407 XXVI.
785 1343 904 1424 Qui
950 1345 1296 1408 secundum
1343 1345 1825 1410 similitudinem
1871 1343 2043 1408 Giezi
2088 1345 2307 1429 spiritu
2370 1363 2441 1409 ac
2502 1350 2712 1409 mente

417 1448 646 1530 leprosi
692 1467 828 1512 esse
874 1452 1238 1529 noscuntur,
1287 1450 1392 1530 qui
1439 1450 1655 1513 mundi
1702 1449 1885 1513 huius
1934 1449 2199 1516 caducas
2239 1449 2535 1532 pecunias
2569 1468 2714 1513 con-

419 1553 744 1634 cupiscens
791 1553 1129 1616 inmundae
1175 1554 1386 1636 leprae
1433 1553 1803 1636 contagione
1846 1573 2170 1635 respersus
2206 1557 2317 1617 est.
2380 1573 2492 1636 per
2524 1571 2713 1635 quam

419 1657 596 1720 nobis
661 1657 917 1721 euidens
979 1658 1230 1739 reliquit
1292 1659 1671 1740 exemplum,
1734 1676 1985 1722 omnem
2034 1659 2309 1722 animam
2358 1659 2711 1742 cupiditatis

416 1761 557 1824 labe
603 1762 908 1844 pollutam
965 1762 1230 1845 spiritali
1285 1763 1581 1827 uitiorum
1643 1764 1819 1845 lepra
1878 1763 2158 1845 respergi
2220 1763 2711 1844 inmundamque

417 1866 582 1948 apud
629 1866 816 1930 deum
861 1868 1122 1949 perenni
1168 1867 1607 1932 maledictione
1654 1869 1948 1950 reputari.

501 1969 764 2034 XXVII.
814 1970 1015 2053 Igitur
1062 1971 1114 2034 si
1159 1972 1557 2052 perfectionis
1607 1972 1909 2036 desiderio
1958 1972 2277 2036 dimittens
2342 1974 2553 2036 omnia
2616 1992 2714 2036 se-

417 2079 598 2138 cutus
645 2094 711 2138 es
759 2075 1078 2140 Christum
1127 2077 1438 2140 dicentem
1486 2076 1629 2140 tibi:
1693 2076 1877 2139 uade
1942 2077 2175 2140 uende
2231 2077 2477 2140 omnia
2522 2095 2712 2160 quae

415 2180 642 2244 habes
691 2183 762 2244 et
794 2181 882 2243 da
910 2179 1401 2262 pauperibus,
1451 2184 1524 2244 et
1552 2179 1869 2244 habebis
1904 2181 2341 2245 thesaurum
2372 2182 2445 2245 in
2478 2183 2711 2262 caelo,

417 2288 489 2347 et
531 2284 704 2348 ueni
751 2302 1062 2365 sequere
1106 2303 1244 2364 me,
1293 2285 1436 2367 quid
1471 2285 1667 2347 missa
1699 2304 1886 2366 super
1918 2289 2197 2348 aratrum
2230 2303 2421 2350 11131111
2452 2285 2711 2368 respicis

415 2390 602 2468 retr0,
649 2391 720 2452 ut
753 2388 1034 2452 eiusdem
1067 2388 1301 2452 domini
1332 2406 1484 2452 uoce
1517 2389 1937 2471 pronuntieris
1970 2409 2095 2454 non
2128 2409 2265 2453 esse
2300 2393 2482 2473 aptus
2518 2409 2710 2472 regno

415 2494 772 2557 caelorum?
863 2512 1047 2575 super
1108 2497 1345 2557 tectum
1409 2494 1757 2577 euangelici
1818 2494 2107 2559 culminis
2178 2495 2493 2559 stabilitus
2562 2495 2711 2576 quid

415 2598 738 2661 descendis
785 2598 1002 2660 tollere
1055 2598 1289 2679 aliquid
1349 2598 1423 2659 (le
1488 2598 1671 2661 domo
1718 2602 1846 2678 tua,
1912 2618 1983 2661 ex
2044 2600 2139 2663 his
2201 2600 2491 2663 uidelicet
2550 2618 2709 2680 quae.

413 2705 601 2767 antea
645 2702 1124 2783 contempsisti?
1201 2703 1574 2766 constitutus
1623 2703 1685 2765 111
1736 2721 1884 2785 agro
1932 2708 2116 2784 atque
2163 2704 2521 2786 operatione
2583 2704 2710 2767 uir-

413 2811 618 2871 tutum
665 2806 1018 2869 substantia
1064 2806 1300 2887 mundi,
1363 2825 1488 2887 qua
1533 2811 1597 2869 te
1644 2808 2014 2871 renuntians
2065 2808 2361 2890 spoliasti,
2421 2808 2568 2889 quid
2612 2829 2709 2873 re-

413 2930 668 2974 currens
716 2909 934 2973 niteris
982 2911 1311 2974 reuestiri?
1388 2912 1438 2973 si
1503 2930 1652 2975 uero
1714 2916 2081 2995 paupertate
2128 2916 2506 2994 praeuentus
2554 2912 2708 2976 nihil

413 3015 577 3096 quod
626 3015 972 3078 dimitteres
1020 3015 1314 3095 habuisti,
1378 3017 1578 3080 multo
1642 3017 1849 3079 minus
1912 3016 2234 3097 adquirere
2298 3017 2487 3081 debes
2544 3018 2707 3098 quod

413 3138 528 3183 nec
584 3122 770 3182 antea
827 3119 1178 3201 possedisti.
1256 3119 1334 3183 ob
1396 3119 1458 3183 id
1521 3120 1690 3183 enim
1744 3121 1831 3184 ita
1876 3121 2109 3184 domini
2171 3120 2468 3184 beneficio
2529 3139 2708 3203 prae-

412 3227 666 3307 paratus
731 3244 819 3303 es,
881 3226 953 3286 ut
1013 3223 1348 3306 expeditior
1409 3223 1488 3287 ad
1551 3244 1695 3288 eum
1758 3225 1944 3288 nullis
2006 3226 2413 3308 pecuniarum
2466 3225 2706 3307 laqueis

411 3328 725 3410 inpeditus
773 3328 1152 3391 adcurrereS.
1233 3333 1673 3393 uerumtamen
1723 3330 1933 3393 nullus
1981 3331 2042 3392 in
2103 3330 2221 3393 hoc
2283 3348 2475 3412 egens
2538 3331 2707 3393 fran-

620 3484 676 3551 8]
716 3482 784 3536 cf.
821 3482 938 3535 1111
975 3483 1102 3549 ch.
1135 3487 1183 3547 5,
1219 3486 1301 3537 27.
1449 3485 1537 3552 15]
1576 3484 1769 3537 Matth.
1802 3487 1883 3547 19,
1917 3488 1999 3539 21.
2150 3484 2235 3553 17]
2270 3486 2337 3537 cf.
2374 3484 2499 3537 Luc.
2538 3489 2585 3542 9.
2622 3488 2703 3540 62.

417 3569 503 3638 19]
544 3570 609 3622 cf.
637 3569 764 3621 Luc.
796 3572 876 3632 17,
902 3572 984 3623 31.
1111 3570 1200 3638 21]
1239 3569 1274 3623 l.
1304 3587 1344 3623 0.

502 3692 528 3745 1
568 3692 724 3759 quia.
750 3733 760 3743 .
783 3734 793 3744 .
817 3694 849 3747 8
876 3692 1167 3745 secundum
1195 3692 1318 3746 simi
1346 3694 1536 3747 desunt
1565 3696 1625 3747 in
1649 3695 1701 3747 A
1820 3693 2086 3759 pululauit
2123 3695 2185 3747 H
2190 3696 2203 3728 ¹
2323 3698 2356 3748 2
2394 3694 2591 3747 alienos
2628 3696 2703 3749 L¹

411 3782 446 3834 3
482 3779 827 3847 conquirendi
851 3780 906 3833 L
1011 3782 1044 3834 4
1083 3780 1398 3833 deseruandi
1428 3782 1477 3834 L
1583 3785 1695 3833 tam
1734 3799 1835 3835 om.
1869 3782 1919 3834 (i
2026 3784 2057 3833 ἴ)
2097 3781 2417 3834 censendum
2446 3786 2527 3835 est
2552 3782 2616 3835 de
2642 3783 2710 3836 H

410 3872 444 3924 8
479 3886 592 3922 non
627 3867 918 3936 distinguit
945 3868 1010 3921 H
1080 3868 1202 3920 *iezi
1235 3869 1286 3921 G
1358 3872 1390 3923 9
1415 3869 1667 3937 pecunias
1695 3868 1919 3922 caducas
1947 3868 2378 3936 concupiscentes
2404 3870 2457 3923 A
2534 3873 2597 3925 10
2624 3887 2703 3922 re-

411 3970 620 4021 spersus
646 3954 749 4021 est]
789 3954 1020 4022 respergi
1048 3958 1321 4007 merentur
1346 3958 1400 4009 A
1511 3958 1570 4011 11
1613 3954 1853 4023 reliquit]
1892 3955 2131 4007 daturin
2156 3956 2285 4021 giezi
2315 3958 2441 4023 typo
2468 3959 2519 4009 A
2582 3955 2702 4009 reli-

411 4041 538 4108 quid
581 4042 710 4095 G¹T
814 4043 877 4095 12
904 4042 1138 4110 respargi
1171 4044 1246 4095 Η1
1360 4045 1424 4096 13
1451 4046 1580 4111 aput
1606 4046 1654 4095 A
1769 4046 1833 4097 14
1859 4042 2036 4096 XXVI
2062 4044 2131 4096 H
2235 4046 2297 4097 15
2324 4042 2503 4095 omnia
2526 4062 2626 4097 om.
2650 4046 2701 4097 L

414 4130 480 4184 16
523 4128 869 4181 thensaurum
921 4130 992 4179 G¹
1139 4132 1202 4185 17
1259 4146 1476 4183 manum
1533 4131 1609 4183 JA¹
1751 4130 2035 4198 respiciens
2095 4130 2245 4183 G¹L¹
2318 4130 2564 4198 respicies
2619 4133 2701 4184 Η1

415 4217 479 4270 18
504 4216 586 4283 ut]
614 4219 663 4267 et
691 4216 766 4268 L¹
877 4218 941 4270 19
966 4214 1185 4268 luminis
1211 4218 1278 4269 H
1379 4220 1445 4271 20
1473 4217 1758 4269 descendes
1792 4219 1841 4271 A
1914 4216 2180 4269 disc-endis
2210 4217 2369 4270 (ΡΗ1
2476 4220 2540 4272 21
2579 4233 2702 4269 con·

411 4302 636 4354 mmsis-‚ti
664 4303 716 4355 A
815 4300 983 4369 adque
1006 4304 1072 4356 H
1159 4306 1226 4357 22
1253 4303 1609 4356 substantia-m
1632 4305 1683 4357 L
1780 4307 1847 4359 24
1874 4304 2161 4357 dimitteris
2187 4308 2235 4358 A
2298 4302 2597 4358 demitteris
2617 4306 2701 4361 Hl

415 4387 584 4445 multo
621 4389 792 4455 magis
832 4389 1106 4461 adquirere
1145 4406 1250 4447 nou
1291 4392 1342 4447 A
1451 4395 1518 4451 25
1558 4391 1641 4448 dei
1680 4393 1732 4449 L
1838 4395 1904 4451 27
1943 4407 2238 4449 accurreres
2276 4394 2329 4447 A
