3167 4975
492 407 624 471 340
1306 404 1625 459 Iohannis
1671 402 1974 458 Cassiani

490 584 699 663 tiam,
768 582 953 665 ipsis
1024 586 1270 645 autem.
1340 581 1633 644 uocatis
1701 579 1999 643 Iudaeis
2069 582 2142 643 et
2207 578 2516 643 Graecis
2577 577 2788 643 Chri-

491 693 687 752 stum
734 687 849 750 dei
896 688 1255 751 uirtutem
1312 688 1385 749 et
1430 685 1543 749 dei
1601 684 2096 767 sapientiam?
2143 683 2291 765 quid
2338 687 2435 747 est
2479 684 2791 765 sapientia

492 793 797 857 et-uirtus
840 791 980 854 dci?
1027 791 1179 853 deus
1222 790 1453 872 utique.
1526 788 1844 853 Christum
1895 792 2128 869 autem,
2171 789 2277 869 qui
2308 787 2636 852 crucifixus
2669 792 2787 867 est,

492 897 591 960 dei
650 897 950 960 uirtutem
1015 914 1085 959 ac
1146 895 1519 978 sapientiam
1568 893 1908 977 praedicat.
1989 912 2136 976 ergo
2198 893 2252 956 si
2313 893 2550 973 absque
2596 892 2788 957 dubio

492 1000 799 1083 sapientia
844 1000 941 1063 dei
989 998 1294 1080 Christus,
1352 1016 1498 1082 ergo
1553 998 1789 1080 absque
1837 997 2023 1062 dubio
2073 998 2357 1063 Christus
2403 997 2577 1061 deus.
2655 1014 2788 1060 nos

493 1124 638 1189 ergo
684 1105 887 1187 inquit
933 1103 1455 1187 praedicamus
1503 1102 1886 1169 Christum
1948 1102 2424 1182 crucifixum,
2485 1102 2788 1166 Iudaeis

494 1209 791 1291 quidem
854 1209 1319 1289 scandalum,
1380 1207 1738 1292 gentibus
1801 1210 2050 1271 autem
2114 1206 2548 1271 stultitiam.
2639 1226 2790 1270 crux

490 1316 701 1395 itaque
764 1312 1019 1393 domini,
1080 1331 1241 1395 quae
1302 1312 1571 1377 stultitia
1631 1312 1926 1396 gentibus
1989 1316 2050 1376 et
2109 1311 2360 1376 Iudaeis
2422 1311 2790 1376 scandalum

492 1418 635 1498 fuit,
699 1416 813 1481 tibi
860 1421 1195 1499 utrumque
1242 1420 1355 1482 est.
1434 1436 1638 1500 neque
1685 1417 1852 1481 enim
1899 1420 2011 1480 aut
2070 1416 2342 1481 stultitia
2401 1417 2534 1481 ulla
2593 1417 2792 1480 maior

493 1528 591 1587 est
636 1542 827 1605 quam
874 1541 998 1587 non
1044 1523 1292 1586 credere
1341 1525 1451 1586 aut
1483 1522 1684 1586 maius
1719 1521 2086 1586 scandalum
2131 1540 2322 1603 quam
2355 1522 2568 1586 audire
2601 1522 2785 1585 nolle.

490 1626 987 1692 uulnerabantur
1052 1644 1200 1710 ergo
1265 1626 1513 1691 illorum
1576 1644 1758 1690 aures
1822 1626 1900 1690 ad
1944 1625 2472 1709 praedicationem
2531 1645 2601 1690 ac
2645 1644 2789 1709 pas-

496 1732 738 1797 sionem
799 1732 926 1812 dei,
992 1732 1155 1795 sicut
1216 1749 1381 1795 nunc
1441 1731 1856 1795 uulnerantur
1916 1735 2091 1795 tuae:
2160 1731 2414 1814 plagam
2475 1749 2612 1794 6556
2671 1730 2791 1795 1106

499 1836 747 1901 auditus
810 1838 903 1901 sui
966 1834 1298 1920 putabant,
1360 1836 1523 1900 sicut
1576 1839 1643 1899 tu
1699 1839 1911 1918 putas:
1980 1839 2043 1899 et
2101 1835 2249 1900 hinc
2309 1839 2445 1899 erat
2487 1836 2652 1917 quod
2713 1834 2790 1898 ad

496 1960 725 2005 nomen
772 1940 870 2004 dei
918 1959 989 2003 ac
1036 1939 1272 2004 domini
1317 1940 1459 2003 Iesu
1510 1939 1745 2004 Christi
1787 1939 2188 2021 praedicante
2237 1938 2560 2004 Christum
2604 1938 2788 2003 deum

496 2045 693 2109 Paulo
742 2044 1018 2127 apostolo
1065 2044 1443 2108 claudebant
1488 2044 1579 2107 illi
1612 2044 1832 2127 capitis
1865 2044 1962 2108 sui
1996 2062 2199 2124 aures,
2247 2044 2410 2108 sicut
2453 2048 2520 2107 tu
2551 2043 2786 2108 claudis
2869 2078 2897 2105 a

502 2149 711 2213 animi.
793 2168 903 2231 par
948 2150 1015 2211 in
1060 2149 1176 2213 hac
1221 2152 1398 2231 parte
1457 2148 1782 2231 utriusque
1837 2154 2124 2213 uestrum
2179 2148 2374 2212 uideri
2418 2152 2632 2231 posset
2675 2148 2788 2211 im-

500 2255 723 2338 pietas,
788 2255 907 2318 nisi
953 2255 1116 2337 quod
1164 2254 1280 2318 hoc
1327 2254 1529 2318 maius
1589 2257 1684 2317 est
1729 2255 1966 2318 crimen
2013 2258 2214 2334 tuum,
2275 2254 2441 2336 quod
2500 2254 2592 2318 illi
2649 2272 2788 2318 eum

501 2358 817 2442 negabant
874 2359 939 2423 in
994 2378 1113 2441 quo
1177 2360 1379 2423 adhuc
1424 2360 1632 2443 passio
1695 2358 2068 2423 ostendebat
2113 2359 2455 2439 hominem,
2517 2362 2587 2422 tu
2647 2376 2788 2422 eum

455 2533 461 2538 ,
503 2464 775 2546 denegas
824 2482 1010 2546 quem
1073 2463 1263 2528 etiam
1335 2463 1706 2528 resurrectio
1766 2464 1893 2528 iam
1937 2462 2246 2554 probauit¹
2285 2463 2488 2528 deum.
2570 2481 2642 2528 ac
2685 2482 2791 2547 per

504 2569 619 2632 hoc
681 2569 771 2632 illi
832 2587 976 2632 611111
1037 2569 1574 2652 persequebantur
1635 2569 1699 2632 in
1759 2574 1956 2649 terra,
2027 2571 2098 2632 tu
2157 2569 2546 2651 persequeris
2609 2571 2673 2632 et
2729 2569 2792 2631 in

504 2673 694 2738 caelo.
774 2691 887 2736 nec
942 2674 1145 2737 solum
1202 2673 1285 2752 id,
1349 2673 1456 2736 sed
1502 2674 1621 2737 1106
1680 2673 1894 2754 utique
1955 2673 2266 2737 crudelius
2329 2676 2392 2736 et
2451 2673 2790 2751 scelestiuS,

505 2776 667 2860 quod
700 2776 789 2840 illi
824 2777 1141 2860 negabant
1169 2797 1281 2860 per
1312 2777 1752 2860 ignorantiam,
1794 2781 1861 2841 tu
1894 2781 2036 2860 post
2065 2777 2274 2858 fidem,
2319 2776 2412 2840 illi
2445 2777 2792 2840 nescientes

505 2882 849 2961 dominum,
899 2887 964 2945 tu
1006 2883 1328 2946 confessus
1362 2881 1569 2960 deum,
1618 2881 1708 2945 illi
1740 2881 1856 2945 sub
1889 2882 2308 2946 aemulatione
2353 2882 2530 2964 legiS,
2579 2886 2646 2946 tu
2679 2879 2790 2944 sub

502 2986 887 3069 profe-ssione
943 2986 1263 3065 61111511115,
1322 2985 1413 3050 1111
1469 3005 1615 3049 611111
1663 3004 1700 3050 6
1743 3004 1864 3068 quo
1913 3005 1979 3050 56
2025 2985 2496 3050 arbitrabantur
2542 2987 2790 3064 61161105,

505 3094 573 3154 111
637 3109 778 3153 611111
842 3090 1017 3153 6111115
1080 3089 1366 3154 sacerdos
1432 3109 1515 3153 es.
1595 3090 1838 3154 facinus
1901 3090 2246 3174 indignum·
2293 3095 2356 3154 ct
2413 3090 2790 3155 inauditum!

508 3214 651 3258 eum
678 3194 885 3276 ipsum
916 3195 1307 3276 persequeris
1339 3194 1768 3275 insectatione,
1801 3196 1975 3259 cuius
2007 3196 2212 3259 adhuc
2241 3195 2438 3260 uteris
2470 3195 2792 3278 dignitate.

592 3297 769 3361 XIII.
817 3297 937 3362 Sed
1000 3316 1229 3381 magno
1291 3298 1582 3362 uidelicet
1641 3298 1936 3382 perfidiae
1999 3303 2187 3382 atque
2247 3299 2594 3384 impietatis
2651 3303 2794 3363 tuae

509 3406 879 3484 argumento
950 3403 1025 3466 ad
1098 3403 1456 3486 negandum
1525 3417 1598 3467 ac
1657 3404 2161 3488 persequendum
2219 3403 2546 3469 dominum
2609 3405 2794 3468 deum

509 3507 703 3591 uteris
750 3506 987 3571 dicens:
1050 3507 1481 3572 homousios
1526 3508 1857 3591 parienti
1904 3507 2124 3572 debet
2184 3527 2346 3573 esse
2407 3508 2791 3574 natiuitas.

508 3607 789 3675 nondum
849 3612 926 3675 ad
972 3611 1231 3694 plenum
1278 3612 1410 3676 dico
1472 3631 1545 3676 ac
1589 3613 1834 3695 profero
1894 3613 1958 3677 in
2018 3613 2115 3677 dei
2175 3613 2506 3678 natiuitate
2550 3613 2794 3697 penitus

510 3715 628 3780 hoc
688 3734 812 3780 non
884 3734 1021 3779 esse
1090 3715 1498 3797 seruandum,
1567 3717 1714 3798 quia
1773 3735 1897 3781 non
1957 3717 2260 3800 parientis
2320 3717 2440 3782 fuit
2498 3718 2794 3782 natiuitas

507 3821 674 3902 ipsa,
738 3819 847 3884 sed
907 3819 1070 3899 nati,
1132 3822 1196 3884 et
1256 3821 1388 3902 ipse
1452 3824 1636 3884 natus
1699 3825 1797 3885 est
1855 3825 1928 3885 ut
1987 3821 2208 3902 uoluit,
2271 3823 2448 3886 cuius
2507 3822 2625 3886 fuit
2681 3821 2796 3887 hoc

510 3924 720 4006 ipsum
780 3927 851 3988 ut
908 3927 1291 3989 nasceretur.
1376 3924 1625 3988 interim
1690 3925 1836 4006 quia
1894 3926 2260 3991 homousion
2323 3927 2589 4010 parienti
2647 3926 2794 3991 dicis

599 4095 656 4164 4]
692 4095 735 4148 si
771 4113 871 4152 om.
902 4097 1005 4152 Ma
1113 4099 1144 4151 5
1172 4094 1433 4166 sapientia
1462 4138 1472 4149 .
1503 4140 1512 4149 .
1546 4141 1555 4150 .
1582 4095 1746 4150 dubio
1771 4115 1874 4152 om.
1901 4099 2040 4167 Npa
2154 4099 2272 4168 1105]
2311 4102 2494 4152 noster
2517 4099 2616 4168 ΝΡ
2653 4099 2727 4152 510
2761 4115 2796 4152 a

516 4185 574 4238 11
604 4187 658 4236 et
678 4182 745 4236 ad
760 4179 869 4252 ’ΝΡ
944 4187 1007 4240 14
1035 4181 1128 4237 dni
1150 4180 1237 4236 iffi
1257 4200 1300 4252 p
1376 4185 1441 4238 16
1466 4183 1631 4237 animi
1657 4184 1776 4253 par]
1803 4184 1928 4238 Non
1953 4185 2128 4254 impar
2143 4203 2187 4256 p
2259 4185 2428 4254 possit
2453 4187 2557 4256 ΜΡ
2629 4187 2695 4240 22
2719 4184 2796 4252 ig·

512 4270 759 4324 notantia
777 4271 842 4325 N
846 4273 859 4306 ¹
930 4273 999 4326 23
1019 4269 1291 4325 confessus
1310 4287 1365 4324 es
1386 4289 1430 4340 p
1500 4273 1567 4326 24
1590 4271 1891 4326 antistititis
1909 4272 1986 4327 M
2047 4275 2114 4328 25
2142 4288 2173 4325 ο
2195 4271 2401 4327 facinus
2427 4291 2456 4327 v
2525 4275 2594 4328 29
2619 4287 2796 4326 0111011-

513 4356 618 4414 sios
642 4358 743 4431 Np
811 4357 1080 4414 omousius
1115 4358 1189 4413 M
1286 4358 1539 4428 patrienti
1569 4359 1636 4415 N
1641 4361 1653 4395 ¹
1762 4361 1830 4416 30
1853 4359 2100 4430 poenitus
2134 4360 2200 4416 N
2303 4361 2372 4416 33
2403 4359 2680 4416 omousion
2702 4357 2796 4430 ΝΡ

2849 1545 2900 1583 10
