3167 4975
332 1541 383 1580 10

332 2063 385 2102 15

331 3116 384 3157 25

1242 405 1403 460 Iust.
1439 406 1548 460 lib.
1590 407 1720 470 1111,
1758 411 1909 463 3-6.
2647 409 2727 474 51

436 585 879 647 indumentum
909 582 1141 647 habere
1172 582 1577 666 permittatur
1609 583 1892 664 ulterius,
1926 584 2036 648 sed
2067 584 2134 649 in
2167 584 2430 649 concilio
2463 586 2732 649 fratrum

436 689 775 772 productus
835 687 903 752 in
962 687 1241 752 medium
1288 691 1548 752 exuatur
1594 689 1860 771 propriis
1909 707 1982 752 ac
2040 708 2150 772 per
2197 707 2423 753 manus
2480 688 2729 754 abbatis

437 793 733 857 induatur
778 793 1143 858 monasterii
1191 793 1612 873 uestimentiS,
1661 797 1732 856 ut
1777 813 1888 876 per
1932 793 2052 857 hoc
2098 813 2163 857 se
2196 811 2320 858 non
2355 795 2558 858 solum
2593 795 2732 859 uni-

439 898 636 962 uersis
695 896 885 960 rebus
946 897 1077 960 suis
1147 898 1421 979 antiquis
1490 898 1739 962 nouerit
1809 897 2178 980 spoliatum,
2248 917 2470 962 uerum
2540 899 2731 964 etiam

438 1003 609 1067 omni
642 1003 811 1067 fastu
842 1002 1123 1084 deposito
1158 1002 1464 1067 mundiali
1498 1003 1573 1066 ad
1609 1001 1844 1066 Christi
1876 1006 2313 1086 paupertatem
2355 1007 2418 1068 et
2456 1003 2732 1087 inopiam

438 1085 863 1228 descendisse(
880 1106 1131 1188 iamque
1174 1106 1399 1190 opibus
1433 1107 1920 1171 sustentandum
1954 1125 2079 1171 non
2113 1108 2343 1172 saeculi
2379 1111 2510 1171 arte
2544 1127 2733 1191 quae-

440 1213 578 1277 sitis
624 1232 741 1276 nec
787 1213 861 1275 de
908 1211 1279 1276 infidelitate
1324 1212 1596 1295 pristina
1639 1213 2001 1293 reseruatis‚
2066 1213 2176 1276 sed
2238 1214 2313 1276 de
2377 1213 2614 1278 sanctis
2661 1233 2733 1276 ae

436 1318 557 1401 piis
590 1317 955 1382 monasterii
984 1316 1427 1401 largitionibus
1461 1317 1728 1382 militiae
1761 1335 1911 1381 suae
1943 1317 2257 1400 stipendia
2288 1322 2730 1401 percepturum

440 1427 625 1505 atque
672 1423 817 1486 inde
864 1441 929 1486 se
976 1423 1270 1505 deinceps
1318 1423 1721 1487 uestiendum
1769 1423 2186 1503 alendumque
2239 1440 2624 1506 cognoscens
2673 1428 2730 1486 et

437 1528 595 1592 nihil
640 1527 872 1592 habere
920 1529 982 1591 et
1028 1527 1439 1591 nihilominus
1487 1527 1561 1590 de
1610 1528 1884 1591 crastino
1931 1545 2056 1591 non
2105 1545 2240 1590 esse
2290 1526 2596 1591 sollicitus
2639 1546 2734 1589 se-

438 1632 712 1696 cundum
760 1632 1072 1714 euangelii
1119 1632 1323 1696 discat
1368 1631 1770 1712 sententiam,
1820 1650 1935 1695 nec
1981 1631 2310 1695 erubescat
2353 1630 2734 1714 pauperibus

436 1737 502 1800 id
547 1741 644 1800 est
674 1735 916 1818 corpori
946 1736 1363 1800 fraternitatis
1397 1737 1673 1818 aequari,
1709 1736 1938 1818 quibus
1971 1735 2407 1800 connumerari
2442 1735 2733 1800 Christus

438 1845 502 1905 et
547 1858 815 1922 quorum
862 1859 929 1902 se
976 1841 1237 1904 fratrem
1284 1859 1407 1905 non
1457 1840 1710 1905 erubuit
1749 1859 2130 1924 nuncupare,
2178 1841 2330 1922 quin
2361 1840 2570 1923 potius
2601 1841 2736 1924 glo-

435 1945 633 2010 rietur
679 1945 1039 2008 domesticis
1088 1946 1221 2008 eius
1268 1947 1509 2009 factum
1558 1965 1625 2008 se
1673 1965 1809 2009 esse
1858 1949 2232 2010 consortem.

528 2051 633 2113 VI.
684 2049 805 2113 Illa
851 2068 998 2113 uero
1045 2067 1201 2131 quae
1249 2050 1539 2133 deposuit
1582 2051 1968 2114 uestimenta
1999 2068 2334 2114 oeconomo
2367 2049 2739 2132 consignata

440 2155 677 2219 tamdiu
724 2157 1149 2234 reseruantur,
1212 2155 1409 2218 donec
1452 2155 1772 2237 profectus
1821 2158 1883 2219 et
1937 2154 2433 2218 conuersationis
2481 2153 2614 2216 eius
2664 2171 2736 2216 ac

438 2259 809 2324 tolerantiae
870 2260 1171 2322 uirtutem
1234 2259 1500 2322 diuersis
1563 2259 2088 2343 temptationibus
2135 2277 2208 2322 ac
2260 2257 2736 2341 probationibus

438 2364 759 2428 euidenter
806 2367 1168 2447 agnoscant.
1220 2368 1283 2427 et
1330 2363 1644 2445 siquidem
1691 2381 1874 2446 posse
1923 2383 2068 2426 eum
2113 2362 2269 2427 inibi
2311 2362 2534 2426 durare
2576 2365 2738 2426 tem-

436 2488 585 2552 pore
645 2469 1018 2552 procedente
1079 2469 1508 2552 perspexerint
1570 2475 1634 2532 et
1693 2468 1758 2533 in
1810 2468 2026 2532 eodem
2075 2486 2196 2550 quo
2244 2467 2449 2551 coepit
2493 2467 2738 2532 feruore

438 2573 795 2656 persistere,
857 2573 1287 2657 indigentibus
1351 2574 1572 2636 eadem
1625 2574 2008 2657 largiuntur:
2075 2574 2171 2637 sin
2227 2590 2373 2636 uero
2421 2572 2734 2655 quoddam

440 2697 511 2740 ex
546 2696 615 2741 eo
648 2678 1164 2741 murmurationis
1198 2678 1427 2741 uitium
1466 2679 1568 2741 uel
1601 2696 1833 2760 paruae
1865 2677 2204 2741 cuiuslibet
2238 2676 2736 2741 inoboedientiae

439 2783 689 2865 culpam
749 2782 1127 2864 processisse
1190 2782 1734 2865 deprehenderint,
1799 2786 2096 2846 exuentes
2160 2801 2302 2845 eum
2365 2782 2734 2845 monasterii

440 2886 665 2969 quibus
711 2886 971 2951 indutus
1018 2886 1224 2951 fuerat
1268 2887 1669 2951 uestimentis
1717 2891 1780 2951 et
1831 2887 2206 2951 reuestitum
2253 2886 2529 2967 antiquis
2577 2904 2736 2967 quae

438 2992 690 3055 fuerant
736 2994 1131 3073 sequestrata
1175 2992 1515 3074 depellunt.
1568 2992 1816 3056 nullum
1863 2992 2094 3056 etenim
2144 2991 2240 3056 fas
2289 2995 2386 3055 est
2432 2990 2735 3054 cumillis

439 3115 597 3178 quae
658 3096 899 3180 accepit
946 3096 1281 3161 abscedere
1338 3115 1451 3159 nec
1512 3114 1895 3177 quemquam
1956 3097 2282 3180 patiuntur
2343 3096 2470 3159 illis
2533 3094 2738 3159 adhuc

440 3200 633 3280 indui,
697 3220 885 3283 quem
947 3202 1143 3265 semel
1206 3199 1282 3264 ab
1332 3201 1754 3265 institutionis
1804 3219 1952 3265 suae
1997 3201 2215 3283 regula
2271 3201 2548 3283 tepuisse
2594 3219 2734 3282 per-

442 3305 732 3370 uiderint.
785 3306 948 3371 unde
997 3306 1188 3369 etiam
1237 3306 1417 3388 copia
1464 3306 1620 3369 nulli
1665 3306 1918 3388 penitus
1952 3305 2163 3388 palam
2197 3304 2556 3369 discedendi
2589 3322 2735 3367 con-

441 3410 701 3489 ceditur,
762 3410 886 3475 nisi
948 3414 1057 3475 aut
1102 3411 1168 3473 in
1214 3428 1453 3474 morem
1502 3411 1668 3474 serui
1715 3410 1958 3493 fugacis
2006 3413 2268 3493 captans
2324 3409 2734 3473 densissimas

653 3582 739 3651 11]
780 3584 847 3637 cf.
874 3582 1065 3637 Matth.
1093 3586 1141 3645 e,
1170 3584 1251 3637 34.

526 3760 559 3813 2
592 3714 848 3825 {eductus
874 3758 943 3811 H
1042 3760 1263 3809 exuetur
1290 3758 1372 3811 Η1
1479 3759 1513 3811 4
1538 3756 1862 3825 expoliatum
1891 3758 2006 3810 HL
2114 3760 2144 3811 5
2183 3756 2330 3809 omni
2367 3756 2558 3810 affectu
2586 3758 2732 3809 omni

442 3846 583 3898 fastu
622 3846 689 3900 H
798 3848 829 3899 6
868 3844 1191 3897 discendissc
1229 3845 1313 3898 11¹
1421 3845 1522 3897 sch
1564 3845 1616 3898 G
1723 3842 1886 3897 seculi
1920 3844 1975 3898 L
2100 3846 2130 3897 7
2169 3860 2235 3897 ne
2276 3844 2352 3899 θ’
2468 3844 2552 3912 ac]
2591 3848 2646 3897 et
2682 3846 2734 3898 L

440 3936 473 3987 9
499 3932 743 4000 deinceps
770 3950 871 3987 om.
898 3932 952 3985 L
1062 3934 1125 3987 lo
1152 3930 1441 3984 sollicitum
1469 3950 1498 3986 r
1607 3934 1666 3987 11
1695 3929 2100 3999 pauperioribus
2125 3932 2192 3985 H
2299 3934 2361 3986 13
2399 3932 2628 3983 fratrum
2655 3932 2730 3985 L¹

440 4019 735 4088 nuncupari
772 4020 839 4073 H
904 4034 1209 4087 noncupato
1246 4020 1299 4073 L
1410 4022 1473 4073 15
1513 4017 1559 4070 V
1599 4020 1667 4073 Η
1769 4021 1834 4073 16
1871 4018 2300 4071 conuersationes
2342 4018 2414 4071 6¹
2527 4020 2590 4071 17
2629 4017 2732 4071 tol-

438 4106 693 4161 lerantiae
735 4106 808 4161 6¹
918 4110 983 4161 18
1018 4106 1307 4175 perdurare
1344 4107 1431 4161 Lv
1557 4109 1621 4162 19
1657 4105 1968 4175 procidente
2005 4107 2072 4159 H
2075 4107 2087 4140 ¹
2212 4104 2579 4174 prospexerint
2615 4106 2732 4159 HL

438 4194 495 4247 in
532 4212 635 4250 om.
672 4194 727 4248 L
854 4197 923 4249 20
960 4194 1003 4247 si
1044 4196 1111 4249 H
1235 4192 1507 4261 quondam
1543 4194 1597 4247 L
1727 4196 1789 4248 21
1831 4209 2030 4261 prauae
2067 4194 2183 4247 HL
2313 4190 2608 4245 huiuslibet
2647 4194 2728 4247 Ηι

439 4281 691 4349 cuiusque
728 4280 863 4335 libet
897 4283 971 4336 L¹
1078 4284 1147 4336 26
1184 4280 1529 4349 peruiderent
1564 4281 1641 4335 L¹
1735 4284 1801 4335 27
1841 4280 2046 4349 copiam
2089 4281 2168 4333 H1
2275 4279 2606 4332 discendenti
2647 4281 2726 4333 H¹

440 4367 781 4422 discendendi
818 4370 895 4423 L¹
