3167 4975
293 1563 344 1602 10

285 2093 336 2134 15

1207 427 1367 480 Iust.
1405 425 1512 480 lib.
1553 427 1617 491 V,
1660 429 1875 482 18-20,
2606 429 2687 493 97

400 623 697 668 carnem
745 607 816 667 et
861 603 1336 687 sanguinem,
1399 604 1526 667 sed
1583 603 1945 667 aduersus
2008 605 2511 688 principatuS,
2575 607 2691 670 ad-

398 728 662 773 uersus
717 711 1173 792 potestates,
1229 709 1595 772 aduersus
1654 708 1911 772 mundi
1963 711 2296 774 rectores
2350 709 2691 774 tenebra-

395 833 552 878 rum
588 815 879 895 harum,
913 815 1174 879 contra
1219 813 1605 898 spiritalia
1652 814 2037 896 nequitiae
2084 815 2157 879 in
2204 814 2687 880 caelestibus

483 919 752 983 XVIIII.
801 917 1100 983 Athletae
1148 918 1383 984 Christi
1429 919 1494 982 in
1549 936 1805 1001 corpore
1867 919 2280 984 commoranti
2342 938 2691 1001 numquam

397 1024 549 1089 defit
601 1023 1137 1089 conluctationum
1197 1025 1432 1107 palma,
1495 1023 1604 1086 sed
1666 1027 1899 1105 quanto
1960 1024 2163 1107 magis
2228 1024 2691 1107 triumphorum

397 1128 789 1193 successibus
851 1129 1137 1209 creuerit,
1196 1131 1375 1193 tanto
1439 1127 1494 1192 ei
1556 1128 1748 1192 etiam
1795 1128 2331 1193 conluctationum
2378 1128 2691 1195 robustior

395 1235 542 1299 ordo
604 1234 898 1298 succedit.
978 1233 1316 1317 subiugata
1373 1233 1607 1297 etenim
1654 1251 1840 1297 carne
1889 1236 2077 1316 atque
2124 1233 2373 1297 deuicta
2418 1239 2689 1316 quantae

396 1339 894 1403 aduersariorum
942 1338 1250 1418 cohorteS,
1299 1341 1538 1420 quanta
1582 1339 1863 1402 hostium
1910 1338 2167 1422 agmina
2212 1338 2514 1403 aduersus
2562 1341 2690 1403 uic-

394 1447 596 1508 torem
665 1443 935 1508 militem
997 1443 1230 1508 Christi
1302 1443 1637 1526 triumphis
1703 1444 1833 1506 eius
1905 1443 2209 1526 instigata
2280 1448 2689 1527 consurgunt,

395 1549 635 1613 scilicet
679 1566 757 1612 ne
803 1547 976 1632 pacis
1025 1549 1150 1612 otio
1197 1549 1379 1612 miles
1414 1546 1648 1612 Christi
1694 1548 2049 1612 lentescens
2096 1547 2358 1631 incipiat
2402 1548 2689 1613 obliuisci

392 1653 926 1718 conluctationum
959 1671 1216 1716 suarum
1247 1652 1524 1736 gloriosa
1553 1653 1919 1732 certamina,
1968 1670 2039 1716 ac
2074 1652 2429 1716 securitatis
2462 1653 2690 1718 inertia

392 1759 730 1823 dissolutus
776 1757 1204 1842 praemiorum
1251 1757 1574 1840 stipendiis
1624 1775 1695 1820 ac
1752 1756 2215 1839 triumphorum
2277 1757 2517 1821 meritis
2579 1758 2686 1821 de-

389 1863 731 1927 fraudetur.
837 1863 1047 1945 itaque
1117 1863 1169 1926 si
1240 1863 1318 1926 ad
1384 1863 1500 1927 hos
1571 1862 2038 1944 triumphorum
2107 1861 2338 1945 gradus
2402 1862 2691 1944 cupimus

389 1972 705 2032 crescente
752 1968 985 2032 uirtute
1033 1967 1470 2048 conscendere,
1518 1968 1739 2031 eodem
1770 1984 2017 2049 quoque
2048 1983 2161 2030 nos
2196 1966 2409 2030 ordine
2443 1971 2687 2050 oportet

389 2073 764 2156 proeliorum
795 2073 953 2137 inire
996 2073 1343 2136 certamina
1383 2077 1444 2135 et
1482 2071 1759 2154 primum
1800 2089 1943 2134 cum
1983 2072 2265 2154 apostolo
2299 2071 2530 2135 dicere:
2580 2073 2685 2135 sic

387 2196 632 2260 pugno
679 2196 821 2242 non
861 2178 1074 2259 quasi
1121 2181 1362 2240 aerem
1411 2175 1851 2256 uerberans,
1901 2175 2027 2238 sed
2073 2177 2370 2260 castigo
2418 2195 2682 2258 corpus

387 2300 626 2344 meum
659 2285 730 2345 et
762 2281 1122 2346 seruituti
1162 2280 1485 2361 subicio,
1532 2285 1604 2344 ut
1634 2280 1753 2344 hoc
1785 2279 2075 2344 conflictu
2110 2283 2400 2362 superato
2432 2300 2681 2344 rursum

387 2386 588 2450 dicere
621 2404 766 2450 cum
800 2403 870 2450 eo
902 2387 1251 2469 possimus:
1299 2403 1441 2449 non
1486 2387 1603 2448 est
1647 2383 1864 2448 nobis
1912 2385 2379 2450 conluctatio
2428 2385 2682 2449 aduer-

388 2510 511 2555 sus
567 2510 864 2555 carnem
919 2494 990 2556 et
1046 2490 1520 2575 sanguinem,
1585 2490 1713 2554 sed
1768 2489 2129 2554 aduersus
2176 2490 2681 2572 principatuS,

387 2596 748 2660 aduersus
778 2601 1235 2678 potestates,
1284 2595 1647 2659 aduersus
1681 2596 1935 2659 mundi
1966 2598 2298 2660 rectores
2338 2594 2681 2659 tenebra-

383 2720 542 2765 rum
587 2702 876 2783 harum,
925 2706 1186 2766 contra
1233 2701 1618 2784 spiritalia
1658 2701 2043 2782 nequitiae
2082 2701 2156 2765 in
2197 2700 2678 2765 caelestibus,

384 2806 564 2869 aliter
609 2807 774 2869 enim
823 2806 1116 2889 congredi
1163 2806 1289 2869 illis
1337 2805 1511 2870 nullo
1561 2805 1743 2869 modo
1790 2806 2155 2888 poterimuS,
2203 2823 2319 2869 nec
2366 2804 2679 2889 spiritales

383 2928 626 2993 pugnas
659 2910 1041 2974 merebimur
1074 2911 1334 2993 experiri
1375 2909 1611 2974 carnali
1658 2910 1881 2974 deiecti
1912 2910 2202 2974 conflictu
2252 2913 2315 2974 et
2362 2911 2682 2975 conlucta-

385 3015 552 3080 tione
577 3016 816 3079 uentris
843 3016 1000 3095 elisi,
1035 3016 1380 3097 meritoque
1414 3014 1594 3078 nobis
1622 3014 1700 3079 ab
1728 3016 2009 3097 apostolo
2037 3033 2181 3078 cum
2208 3015 2681 3098 exprobratione

386 3120 650 3184 dicetur:
698 3120 1097 3203 temptatio
1142 3138 1274 3183 uos
1323 3138 1464 3183 non
1512 3119 2013 3203 adprehendit
2060 3119 2207 3182 nisi
2250 3120 2589 3183 humana.

469 3224 606 3289 XX.
655 3224 859 3308 Igitur
905 3226 1250 3289 monachus
1299 3225 1376 3288 ad
1424 3243 1669 3307 pugnas
1718 3225 2083 3287 interiorum
2124 3224 2540 3287 certaminum
2574 3242 2681 3287 cu-

383 3330 560 3413 piens
605 3330 932 3413 peruenire
978 3330 1142 3393 hanc
1187 3330 1250 3393 in
1297 3330 1516 3411 primis
1563 3329 1924 3393 cautionem
1981 3328 2232 3393 sibimet
2292 3328 2548 3410 indicat,
2610 3332 2681 3393 ut

594 3504 682 3571 15]
721 3502 746 3556 1
786 3500 904 3557 Cor.
932 3506 980 3565 9,
1008 3506 1230 3558 26—27.
1342 3502 1430 3571 18]
1469 3503 1605 3571 Eph.
1636 3506 1684 3567 c,
1716 3506 1793 3557 12.
1903 3502 1995 3570 25]
2035 3502 2062 3555 1
2100 3502 2437 3565 cor.1o‚13.

474 3654 496 3707 1
557 3652 811 3705 aduersus
865 3651 1180 3719 potestates]
1236 3656 1290 3705 et
1347 3654 1640 3719 potestates
1686 3652 1739 3704 A
1788 3658 1835 3705 et
1892 3652 2047 3720 Παῖς).
2226 3652 2258 3705 3
2318 3651 2556 3718 nequitia
2603 3652 2677 3703 L¹

383 3741 418 3794 4
441 3738 626 3792 XVIII
651 3740 718 3793 H
784 3738 988 3792 athleta
1017 3740 1168 3793 G¹L¹
1229 3738 1500 3791 anthletae
1526 3740 1594 3793 ΙΙ
1661 3741 1690 3792 7
1729 3737 1977 3792 succedet
2002 3740 2070 3792 H
2137 3737 2333 3791 etenim
2366 3738 2678 3793 G2SHLT:

385 3826 524 3879 enim
553 3826 686 3880 AG¹
722 3828 806 3891 (in
842 3844 947 3895 quo
986 3830 1040 3879 et
1075 3846 1115 3879 s.
1155 3826 1212 3893 Ζ.)
1311 3825 1526 3879 addicta
1553 3828 1751 3893 quanto
1776 3826 1829 3879 A
1928 3828 1959 3880 8
1988 3828 2137 3879 tanta
2158 3826 2209 3879 A
2303 3828 2368 3880 10
2394 3826 2575 3893 paucis
2606 3826 2677 3879 θ’

383 3912 666 3966 lentiscens
687 3914 830 3967 ΑΠ’)
937 3912 1198 3967 ditescens
1225 3915 1298 3967 L¹
1412 3916 1476 3969 13
1499 3914 1599 3965 hoc
1620 3914 1696 3967 L¹
1807 3915 1869 3967 14
1897 3930 1991 3965 nos
2018 3929 2224 3981 quoqne
2254 3914 2453 3967 AII'l'v
2558 3930 2678 3983 prc-

385 4001 612 4053 miorum
652 4002 776 4067 (sic)
813 4004 1022 4069 oportet
1058 4002 1112 4054 L
1241 4003 1303 4055 15
1343 4003 1645 4054 certa-mena
1686 4001 1759 4053 (1¹¹
1883 4003 1947 4055 16
1984 4016 2164 4069 pugna
2202 4001 2284 4054 Ηι
2396 4002 2456 4055 17
2496 4016 2679 4051 rursus

386 4088 574 4141 ALTv
667 4089 730 4142 18
753 4104 1035 4155 possumus
1063 4088 1128 4141 H
1132 4090 1145 4122 ¹
1242 4090 1310 4142 20
1335 4090 1627 4155 potestates
1654 4090 1707 4139 et
1732 4086 1989 4141 aduersus
2016 4087 2081 4140 H
2170 4088 2232 4140 21
2276 4086 2514 4153 nequitia
2540 4087 2675 4139 IIL¹

385 4218 452 4271 24
485 4176 830 4285 meritg;q;(q;
863 4218 1022 4285 ενα-ς.)
1060 4218 1112 4271 L
1229 4234 1349 4270 cuni
1390 4217 1792 4285 exprobratione
1832 4216 1897 4269 ab
1936 4214 2175 4284 apostolo
2204 4217 2256 4269 A
2365 4218 2431 4269 25
2470 4215 2678 4269 dicetur

385 4304 545 4359 216¹.-
570 4304 768 4357 dicitur
797 4305 1035 4359 (ΡΙ-[ΕΤ
1079 4303 1311 4357 dicisstur
1336 4303 1401 4369 (it
1425 4306 1486 4357 in
1512 4307 1642 4371 ras.)
1674 4305 1720 4357 L
1816 4306 1885 4359 26
1912 4302 2125 4355 XVIIII
2154 4302 2219 4357 H
2285 4304 2349 4357 27
2378 4302 2675 4357 cautionem

385 4392 440 4443 in
476 4391 664 4461 primis
702 4392 816 4445 HT
918 4390 1135 4444 sibimet
1171 4391 1472 4444 cautionem
1511 4392 1597 4445 Ar
