3167 4975
538 424 665 490 272
1346 422 1662 477 Iohannis
1709 419 2008 477 Cassiani

540 584 699 666 daici
746 600 1025 665 scandali
1071 600 1461 683 impietatem
1506 599 1810 663 untutem
1856 598 2106 682 pietatis
2155 615 2304 661 suae
2351 598 2682 661 eneruauit
2726 600 2835 661 aut

539 709 793 790 propter
824 707 1063 769 alienae
1098 704 1401 769 stultitiae
1432 704 1868 768 infidelitatem
1917 702 2058 765 fidei
2092 720 2241 766 suae
2273 702 2464 766 robur
2493 703 2834 782 imminuit,

540 812 649 875 sed
694 812 927 892 palam,
976 811 1359 889 constanter,
1409 808 1655 872 fortiter
1701 826 1866 888 eum,
1915 824 2100 889 quem
2147 810 2350 870 mater
2381 805 2677 887 ediderat,
2723 806 2834 870 ho-

539 916 742 979 mines
789 913 1161 994 occiderant,
1206 914 1427 977 lancea
1471 913 1840 997 perforarat,
1887 930 2036 975 crux
2083 910 2485 990 distenderat,
2531 910 2834 975 uirtutem

539 1020 638 1084 dei
686 1024 747 1084 et
788 1020 1163 1101 sapientiam
1208 1016 1629 1099 praedicabat,
1685 1016 1988 1079 Iudaeis
2036 1015 2328 1097 quidem
2373 1015 2830 1095 scandalum,
2915 1042 2942 1079 5

541 1124 897 1209 gentibus
968 1127 1210 1188 autem
1280 1122 1715 1186 stultitiam.
1809 1120 1917 1185 sed
1979 1124 2192 1183 tamen
2255 1120 2400 1200 hoc,
2469 1120 2631 1201 quod
2701 1124 2838 1183 erat

542 1230 679 1293 aliis
742 1228 1107 1293 scandalum
1170 1244 1243 1290 ac
1290 1227 1577 1307 stultitia,
1641 1226 1778 1290 aliis
1827 1229 1961 1289 erat
2005 1226 2204 1289 uirtus
2252 1224 2350 1287 dei
2397 1227 2460 1287 et
2505 1224 2832 1307 sapientia.

537 1352 649 1416 pro
696 1333 1060 1399 diuersitate
1122 1333 1289 1396 enim
1343 1348 1752 1414 personarum
1815 1334 1950 1394 erat
1994 1330 2324 1393 diuersitas
2387 1348 2708 1409 sensnum,
2771 1332 2838 1392 et

540 1439 703 1520 quod
764 1458 979 1521 expers
1042 1437 1179 1501 sani
1239 1437 1598 1500 intellectus
1659 1439 1722 1499 et
1781 1436 2042 1518 incapax
2102 1436 2238 1499 ueri
2291 1434 2440 1498 boni
2487 1433 2838 1498 diffidentia

538 1544 839 1625 insipiens
888 1542 1327 1625 denegauerat,
1390 1541 1453 1603 id
1513 1542 1680 1604 intra
1737 1542 1906 1623 ipsos
1961 1541 2206 1603 animae
2253 1557 2538 1602 recessus
2585 1554 2835 1601 sacrum

541 1666 677 1711 esse
728 1666 799 1711 ac
846 1647 1239 1710 salutiferum
1287 1645 1442 1709 fides
1490 1645 1742 1726 sapiens
1790 1644 2119 1708 sentiebat.

626 1751 833 1815 VIIII.
884 1751 1001 1814 Dic
1034 1750 1187 1813 mihi
1236 1767 1402 1833 erg0,
1450 1750 1780 1828 haeretice,
1827 1749 2023 1812 hostis
2073 1748 2324 1829 quidem
2369 1750 2674 1829 omnium,
2721 1750 2828 1813 sed

540 1860 683 1919 tuus
746 1856 1047 1933 maxime,
1110 1854 1209 1917 cui
1271 1872 1419 1917 crux
1481 1854 1716 1917 domini
1761 1854 1905 1916 Iesu
1969 1852 2202 1916 Christi
2265 1856 2328 1915 et
2388 1871 2530 1916 cum
2587 1853 2834 1917 Iudaeis

540 1960 903 2024 scandalum
954 1964 1053 2023 est
1098 1963 1159 2022 et
1205 1959 1472 2022 stultitia
1518 1976 1662 2021 cum
1707 1958 2022 2040 gentibuS,
2071 1958 2174 2038 qui
2221 1961 2616 2021 sacramenta
2647 1976 2832 2022 uerae

541 2066 761 2129 salutis
809 2069 873 2127 et
916 2065 1165 2127 illorum
1211 2065 1453 2146 respuis
1501 2063 1794 2127 scandalo
1835 2066 1899 2125 et
1945 2063 2207 2126 istorum
2238 2081 2363 2126 non
2395 2064 2563 2146 sapis
2596 2064 2836 2127 stolidi-

542 2172 703 2233 tate:
750 2188 859 2233 cur
902 2169 1085 2232 Pauli
1150 2168 1417 2250 apostoli
1462 2168 1841 2249 praedicatio
1905 2171 2014 2230 aut
2071 2167 2334 2249 paganis
2396 2168 2668 2231 stultitia
2725 2172 2838 2231 aut

540 2272 787 2337 Iudaeis
844 2274 1209 2337 scandalum
1256 2271 1419 2335 fuit?
1468 2272 1771 2353 numquid
1815 2273 2106 2353 potuerat
2165 2272 2479 2335 offendere
2526 2272 2833 2351 homines,

541 2378 595 2441 si
642 2377 983 2457 Christum,
1030 2379 1102 2440 ut
1146 2380 1214 2440 tu
1250 2378 1498 2457 asseris,
1548 2377 1898 2440 solitarium
1930 2394 2067 2439 esse
2111 2375 2430 2440 hominem
2465 2378 2657 2439 etiam
2701 2378 2836 2459 ipse

542 2481 895 2547 docuisset?
956 2483 1055 2545 cui
1102 2482 1271 2546 enim
1318 2482 1617 2546 natiuitas
1665 2480 1856 2563 illius,
1919 2481 2020 2544 cui
2065 2481 2294 2563 passio,
2356 2481 2454 2544 cui
2500 2500 2668 2560 crux,
2733 2481 2835 2544 cui

539 2586 883 2669 peremptio
931 2586 1313 2650 incredibilis
1362 2589 1471 2650 aut
1517 2587 1726 2669 grauis
1774 2605 1910 2650 esse
1956 2586 2306 2668 potuisset?
2355 2589 2465 2650 aut
2509 2585 2656 2666 quid
2688 2585 2834 2649 noui

541 2692 640 2754 uel
704 2691 966 2754 inauditi
1025 2693 1089 2754 in
1152 2711 1219 2755 se
1280 2692 1462 2754 Pauli
1505 2691 1884 2773 praedicatio
1945 2690 2272 2770 habuerat,
2339 2690 2391 2754 si
2452 2691 2516 2753 id
2576 2709 2837 2772 passum

543 2796 863 2859 hominem
898 2795 1219 2859 Christum
1252 2815 1389 2858 esse
1438 2795 1713 2876 dixisset,
1763 2795 1925 2876 quod
1971 2795 2208 2877 passim
2255 2794 2480 2858 cotidie
2525 2794 2592 2858 in
2635 2794 2840 2858 homi-

542 2899 727 2964 nibus
789 2900 1064 2964 condicio
1110 2899 1391 2962 humana
1434 2900 1776 2963 toleraret?
1839 2900 1948 2962 sed
2003 2899 2157 2963 illud
2217 2899 2430 2980 utique
2491 2902 2627 2963 erat
2673 2898 2836 2980 quod

543 3005 800 3087 gentilis
863 3005 1129 3069 stultitia
1188 3023 1313 3068 non
1374 3003 1964 3086 1·ecipiebat,—-quod
2027 3004 2280 3067 Iudaica
2338 3003 2678 3067 infidelitas
2738 3021 2838 3065 re-

542 3108 823 3190 spuebat,
887 3109 1051 3189 quod
1112 3107 1433 3173 Christum
1491 3109 1725 3189 utique,
1789 3127 1974 3189 quem
2032 3109 2142 3188 illi,
2205 3110 2275 3171 ut
2334 3111 2422 3187 tu,
2485 3107 2832 3172 solitarium

540 3213 859 3276 hominem
900 3213 1385 3292 arbitrabantur,
1434 3214 1754 3296 apostolus
1802 3212 1991 3277 deum
2022 3232 2159 3276 esse
2206 3213 2472 3276 dicebat.
2549 3213 2668 3276 hoc
2700 3215 2837 3276 erat

538 3318 753 3397 utique
802 3317 961 3399 quod
1008 3318 1340 3400 impiorum
1390 3336 1612 3381 sensus
1646 3316 1983 3398 refutabat,
2033 3317 2194 3399 quod
2239 3317 2622 3398 perfidorum
2655 3335 2834 3380 aures

540 3421 702 3484 ferre
748 3439 873 3484 non
918 3425 1227 3504 poterant,
1275 3421 1339 3484 in
1386 3421 1640 3485 homine
1674 3421 1818 3484 Iesu
1851 3421 2098 3486 Christo
2145 3422 2243 3486 dei
2287 3421 2634 3504 praedicari
2673 3419 2837 3484 nati-

542 3525 826 3606 uitatem‚
897 3525 995 3589 dei
1066 3527 1259 3589 asseri
1318 3527 1703 3608 passionem,
1775 3526 1872 3590 dei
1941 3525 2299 3590 adnuntiari
2358 3545 2628 3590 crucem.
2717 3526 2836 3588 hoc

542 3629 757 3710 utique
820 3633 954 3693 erat
998 3649 1211 3712 graue,
1273 3631 1388 3694 hoc
1435 3630 1817 3711 incredibile,
1879 3632 2026 3712 quia
2068 3631 2186 3695 hoc
2250 3635 2384 3695 erat
2442 3631 2834 3695 incredulum

750 3837 807 3905 5]
843 3835 878 3891 1.
906 3852 948 3890 c.
976 3839 1059 3892 23.

633 4033 657 4084 1
688 4029 943 4082 εοειιιᾶειΙῢ
972 4030 1229 4099 pietatem
1254 4031 1321 4086 N
1411 4029 1718 4084 inneruauit
1741 4031 1815 4085 Μ
1902 4032 1935 4086 2
1961 4029 2120 4084 robor
2143 4031 2210 4086 N
2312 4034 2345 4086 3
2372 4030 2565 4100 mater]
2591 4047 2712 4084 caro
2737 4029 2837 4085 Mt·

542 4118 575 4169 8
612 4131 826 4168 sensum
850 4117 919 4171 N
1027 4120 1060 4171 9
1096 4117 1237 4186 sani]
1276 4117 1441 4170 animi
1470 4135 1513 4186 p
1635 4121 1700 4172 10
1737 4116 2150 4184 degenerauerat
2183 4137 2220 4172 a
2336 4120 2400 4172 12
2437 4133 2562 4185 ergo
2597 4135 2699 4173 om.
2737 4117 2832 4186 ΝΡ

540 4201 802 4256 hereticae
827 4204 893 4257 N
996 4207 1060 4260 13
1098 4202 1299 4257 domini
1340 4205 1505 4256 nostri
1541 4223 1574 4258 v
1683 4207 1744 4259 14
1783 4203 1908 4273 quia
1935 4207 2007 4258 M
2108 4209 2171 4260 17
2208 4207 2418 4274 poterat
2443 4207 2516 4259 M
2617 4207 2682 4259 19
2713 4220 2832 4256 cum

542 4289 683 4342 enim
720 4291 803 4344 N¹
933 4292 995 4345 21
1036 4293 1131 4344 aut
1166 4290 1395 4344 inauditi
1434 4293 1508 4344 M
1629 4291 1806 4344 fuerat
1843 4293 1916 4345 M
2032 4295 2101 4347 22
2137 4307 2269 4360 quos
2300 4311 2344 4362 p
2469 4291 2717 4344 omnibus
2753 4291 2832 4346 Ν*

542 4377 610 4430 23
650 4374 882 4429 conditio
919 4378 985 4432 N
1088 4376 1361 4431 tolleraret
1394 4379 1463 4432 N

2895 1563 2944 1600 10

2891 3654 2943 3692 30
