3167 4975
484 455 613 520 382
1296 455 1610 509 Iohannis
1656 455 1955 510 Cassiani

486 652 623 694 esse
670 633 874 712 dicito,
937 651 1079 696 cum
1147 636 1211 696 et
1270 633 1574 715 propheta
1631 650 1772 695 eum
1829 650 2040 714 regem
2090 630 2324 713 gloriae
2372 649 2510 694 esse
2557 630 2774 693 dixerit

486 741 548 800 et
609 737 740 818 ipse
796 736 871 798 de
928 755 993 799 se
1054 736 1143 799 ita
1189 736 1563 800 testificatus
1627 737 1734 800 sit:
1799 754 1958 799 cum
2020 734 2321 798 uenerit
2381 735 2598 799 filius
2658 734 2781 797 ho-

484 840 708 905 minis
755 841 827 904 in
874 841 1117 924 gloria
1173 859 1322 904 sua.
1400 859 1703 924 repugna,
1751 840 1803 904 si
1847 843 2046 922 potes,
2095 843 2160 904 et
2205 839 2632 920 contradicite,
2687 842 2780 919 ut,

484 963 629 1008 cum
675 946 781 1009 ille
834 963 901 1008 se
948 945 1179 1009 habere
1228 948 1493 1010 test-etur
1538 945 1804 1028 gloriam
1863 961 2065 1024 suam,
2129 947 2199 1007 tu
2260 944 2572 1026 accepisse
2635 961 2779 1006 eum

486 1049 653 1114 dicas
701 1050 1001 1114 alienam:
1066 1051 1355 1132 quamuis
1418 1069 1530 1114 nos
1588 1051 1675 1114 ita
1721 1050 1999 1113 dicamus
2048 1069 2192 1113 eum
2236 1049 2500 1132 gloriam
2547 1048 2780 1112 habere
2863 1073 2890 1111 5

485 1155 820 1238 propriam,
876 1159 948 1219 ut
992 1173 1117 1220 non
1162 1175 1465 1238 negemus
1514 1159 1726 1219 tamen
1774 1155 1935 1218 hanc
1980 1154 2181 1238 ipsam
2227 1154 2460 1238 gloriae
2505 1155 2784 1237 proprie·-

487 1262 686 1322 tatem
751 1259 806 1323 ei
869 1278 1011 1323 cum
1076 1260 1296 1342 spiritu
1361 1278 1433 1324 ac
1478 1263 1658 1344 patre
1706 1278 1844 1323 esse
1891 1277 2312 1339 communem,
2379 1259 2543 1340 quia,
2604 1258 2786 1339 quid-

488 1364 636 1445 quid
682 1363 833 1428 deus
878 1365 1175 1446 possidet,
1223 1365 1473 1429 deitatis
1524 1369 1637 1445 est,
1687 1369 1749 1428 et
1795 1383 2058 1448 regnum
2104 1365 2339 1448 gloriae
2384 1364 2476 1427 ita
2513 1367 2610 1427 est
2653 1363 2784 1426 filio

487 1469 588 1531 dei
632 1469 971 1552 proprium,
1021 1469 1181 1551 quod
1222 1487 1347 1534 non
1380 1473 1477 1534 est
1523 1474 1738 1534 tamen
1784 1488 1822 1534 a
1867 1469 2057 1534 totius
2105 1469 2355 1533 deitatis
2402 1469 2784 1552 proprietate

488 1573 780 1636 diuisum.
2843 1604 2894 1642 ιο

573 1677 844 1742 XXIIII.
894 1676 1014 1742 Sed
1045 1682 1293 1762 tempus
1334 1680 1592 1743 tandem
1641 1683 1738 1743 est
1781 1679 1973 1743 finem
2019 1679 2201 1760 libro,
2249 1679 2444 1742 immo
2491 1679 2788 1742 uniuerso

490 1783 659 1865 operi
712 1783 1031 1865 inponere,
1094 1784 1146 1846 si
1199 1801 1399 1866 pauca
1454 1787 1664 1847 tamen
1715 1787 2075 1848 sanctorum
2121 1783 2401 1848 uirorum
2447 1787 2636 1864 atque
2689 1785 2788 1846 in-

488 1887 781 1951 lustrium
844 1887 1236 1952 sacerdotum
1295 1888 1458 1952 dicta
1518 1888 1872 1969 subdidero,
1931 1892 2004 1951 ut
2061 1888 2142 1969 id,
2205 1888 2369 1969 quod
2417 1888 2788 1952 auctoritate

488 1990 989 2056 testimoniorum
1056 2010 1375 2056 sacrorum
1430 1993 1559 2056 iam
1622 1993 2128 2076 approbauimuS,
2193 1994 2382 2058 etiam
2437 1992 2558 2056 fide
2602 2009 2790 2076 prae-

494 2097 689 2160 sentis
752 2098 1049 2180 temporis
1110 2097 1495 2162 roboremus.
1589 2097 1896 2179 HilariuS,
1967 2099 2064 2161 uir
2131 2099 2438 2162 uirtutum
2475 2091 2788 2161 'omnium
2849 2125 2904 2164 ιε»

494 2205 681 2282 atque
728 2205 1237 2265 ornamentorum
1286 2205 1349 2265 et
1380 2202 1544 2267 sicut
1572 2203 1722 2283 uita,
1771 2203 1860 2266 ita
1891 2203 2082 2266 etiam
2115 2202 2468 2283 eloquentia
2498 2200 2789 2284 insigniS,

496 2306 601 2387 qui
666 2309 729 2369 et
788 2306 1089 2389 magister
1145 2306 1551 2370 ecclesiarum
1602 2311 1664 2370 et
1711 2307 2000 2371 sacerdos
2047 2324 2171 2370 non
2217 2326 2328 2390 per
2373 2325 2488 2370 sua
2531 2309 2788 2370 tantum

492 2411 740 2491 merita,
784 2409 893 2474 sed
926 2411 1115 2475 etiam
1146 2430 1259 2494 per
1297 2411 1619 2493 profectus
1653 2412 1852 2475 creuit
1894 2411 2157 2476 aliorum
2191 2415 2254 2475 et
2285 2412 2448 2475 inter
2477 2411 2790 2495 procellas

491 2516 997 2599 persecutionum
1068 2517 1157 2580 ita
1224 2516 1565 2580 immobilis
1634 2518 1940 2600 perstitit,
2008 2520 2080 2581 ut
2139 2537 2250 2600 per
2310 2518 2580 2581 inuictae
2641 2516 2792 2580 fidei

490 2620 923 2684 fortitudinem
958 2620 1150 2685 etiam
1191 2621 1564 2685 confessoris
1611 2623 1842 2706 ceperit
1887 2622 2283 2705 dignitatem,
2331 2622 2394 2685 in
2439 2620 2599 2685 libro
2644 2620 2792 2684 fidei
2847 2652 2906 2688 20

491 2725 693 2807 primo
741 2726 927 2789 deum
975 2744 1197 2789 uerum
1243 2743 1315 2788 ex
1362 2726 1475 2789 deo
1532 2743 1681 2790 uero
1729 2726 2052 2791 dominum
2099 2726 2312 2790 Iesum
2359 2725 2678 2791 Christum
2726 2730 2796 2789 et

493 2833 637 2893 ante
684 2830 933 2893 saecula
978 2832 1200 2893 natum
1248 2834 1311 2893 et
1353 2833 1575 2912 postea
1623 2831 1944 2896 hominem
1989 2831 2278 2915 genitum
2311 2850 2448 2895 esse
2495 2834 2791 2895 testatur.

490 2934 645 2997 item
706 2933 771 2997 in
828 2934 1099 2997 secundo
1154 2934 1342 2999 libro:
1404 2954 1594 2999 unus
1655 2937 2093 3020 unigenitus
2156 2937 2333 3000 deus
2393 2936 2467 3000 in
2530 2952 2796 3017 corpu-

492 3038 683 3101 sculi
728 3038 1036 3102 humani
1080 3040 1390 3103 formam
1440 3044 1748 3105 sanctae
1809 3041 2130 3126 uirginis
2186 3045 2397 3105 utero
2453 3041 2794 3105 insertus

492 3144 879 3207 accrescit.
975 3144 1087 3226 qui
1160 3144 1406 3208 omnia
1464 3146 1803 3209 continet
1865 3151 1927 3210 et
1985 3146 2186 3210 intra
2246 3164 2456 3227 quem
2521 3148 2794 3208 cuncta
2850 3174 2908 3211 ss

494 3250 697 3327 sunt,
772 3248 1075 3312 humani
1144 3253 1407 3332 partus
1476 3250 1644 3332 lege
1717 3250 2116 3333 profertur.
2217 3251 2368 3314 item
2436 3250 2498 3312 in
2569 3250 2792 3313 eodem

492 3350 679 3414 libro:
745 3353 1059 3435 angelus
1106 3353 1331 3417 testis
1380 3356 1523 3434 est,
1586 3354 1766 3417 deus
1831 3355 2218 3419 nobiscum
2281 3358 2427 3435 est,
2487 3355 2618 3418 ille
2668 3356 2794 3437 qui

494 3456 850 3519 nascitur.
922 3458 1071 3520 item
1120 3457 1182 3520 in
1231 3456 1387 3522 libro
1436 3459 1708 3523 docimo:
1757 3461 1917 3523 nati
1963 3478 2250 3541 quoque
2295 3461 2366 3523 in
2414 3460 2794 3523 homine-m

495 3578 575 3623 ex
620 3564 839 3642 partu
900 3561 1224 3643 uirginis
1272 3562 1387 3625 dei
1449 3569 1998 3628 sacramentum
2046 3566 2450 3629 docuimus,
2527 3565 2678 3627 item
2725 3564 2792 3627 in

494 3664 739 3728 eodem:
798 3682 1111 3746 namque
1160 3683 1320 3729 cum
1368 3668 1441 3731 in
1489 3668 1786 3731 homine
1833 3670 2010 3732 deus
2059 3673 2277 3733 natus
2327 3669 2452 3749 sit,
2503 3687 2639 3732 non
2687 3668 2796 3731 id-
2853 3698 2912 3735 ω

702 3825 758 3895 2]
796 3826 989 3882 Matth.
1017 3830 1100 3891 25,
1139 3832 1223 3884 31.
1332 3831 1425 3899 23]
1464 3830 1537 3894 11,
1563 3833 1648 3885 25.
1756 3832 1848 3901 27]
1889 3832 1960 3895 11,
1988 3834 2068 3886 27.
2179 3831 2269 3901 28]
2301 3830 2365 3895 x,
2395 3834 2441 3887 7.
2551 3831 2645 3899 30]
2683 3831 2718 3884 1.
2746 3848 2794 3885 c.

582 3976 614 4029 3
650 3973 877 4041 gloriam
916 3978 1011 4029 sua
1043 3978 1117 4031 M
1214 3981 1249 4032 4
1285 3995 1339 4030 se
1378 3978 1465 4031 ille
1502 3980 1579 4033 M
1677 3984 1708 4035 5
1748 3998 1842 4033 nos
1879 3981 1956 4033 ita
1993 3980 2233 4033 dicamus
2271 3996 2366 4033 nos
2401 3981 2474 4035 M
2573 3982 2604 4033 ’ἲ
2642 3980 2798 4048 quie-

495 4060 621 4129 quid
654 4080 697 4130 p
812 4064 845 4116 9
880 4064 1209 4131 proprietate*
1242 4067 1317 4121 M
1435 4069 1501 4121 12
1536 4082 1830 4135 paucorum
1869 4069 1968 4123 Mv
2091 4070 2153 4122 14
2195 4067 2300 4120 iam
2339 4086 2439 4123 om.
2478 4068 2552 4121 M
2657 4066 2798 4137 fide]

495 4147 745 4217 exemplis
784 4150 859 4203 M
965 4154 1028 4205 15
1067 4150 1304 4219 hylarius
1338 4170 1383 4222 p
1490 4153 1575 4206 uir
1612 4172 1715 4208 om.
1753 4156 1828 4210 M
1930 4157 1994 4209 17
2031 4170 2128 4223 per
2161 4172 2262 4209 om.
2302 4155 2369 4209 N
2503 4156 2572 4209 20
2607 4168 2802 4223 coepe-

494 4236 567 4288 rit
590 4238 655 4291 N
754 4238 822 4290 23
848 4237 901 4289 in
920 4244 1047 4306 post
1075 4237 1227 4308 deus]
1254 4240 1365 4307 ipse
1384 4258 1427 4309 p
1520 4244 1588 4295 24
1617 4240 1789 4293 forma
1815 4242 1889 4295 M
1973 4245 2041 4296 25
2069 4242 2274 4309 aceepit
2291 4259 2332 4311 p
2439 4243 2582 4294 intra
2606 4242 2802 4311 quem]

493 4324 637 4375 intra
672 4340 829 4391 quem
868 4328 923 4376 et
960 4341 1054 4392 per
1088 4340 1246 4393 quem
1284 4328 1470 4382 Hilar.
1623 4330 1692 4382 28
1729 4329 1842 4381 nati
1873 4371 1884 4381 .
1913 4372 1922 4381 .
1952 4370 1963 4381 .
1989 4332 2058 4383 29
2095 4329 2224 4381 item
2263 4347 2364 4382 om.
2413 4330 2486 4383 M
2621 4332 2694 4383 30
2741 4330 2806 4382 in

494 4430 595 4467 om.
634 4412 733 4479 ΝΡ
842 4409 899 4463 in
942 4410 1183 4481 homine]
1232 4414 1287 4465 in
1332 4414 1604 4467 hominem
1653 4415 1793 4482 (τιατ.
1833 4417 1986 4471 lectio
2023 4417 2080 4469 in
2117 4415 2356 4483 homine)
2393 4416 2579 4469 Hilar.
