3167 4975
1233 467 1564 520 nominum
1610 471 1674 520 et
1715 483 1944 521 rerum.
2626 467 2752 530 417

524 644 569 696 5.
608 640 781 706 XXII,
823 645 901 696 10.
940 641 1051 693 eius
1088 640 1244 693 ruina
1280 639 1473 709 duplex
1517 640 1563 696 G
1615 640 1845 695 doctoris
1881 657 2076 695 munus
2121 640 2169 696 Ο
2197 640 2291 704 XI,
2317 644 2365 696 4.

524 710 675 776 VIII,
704 715 784 767 10.
1614 709 1856 765 doctrina
1900 711 2154 779 spiritalis
2201 709 2406 763 duobus
2455 710 2628 763 modis
2675 709 2756 762 in-

419 781 731 834 diaconatus
756 782 797 834 Ι
823 779 917 843 XI,
948 781 1027 834 14.
1064 780 1333 833 seniorum
1362 779 1557 833 iudicio
1717 780 1990 834 fructuosa
2025 779 2267 833 redditur
2311 779 2358 834 (J
2389 779 2568 844 XIIII,
2605 783 2684 836 18.

524 849 761 904 defertur
805 849 852 906 0
882 849 1025 912 XXI,
1056 853 1100 913 1,
1127 853 1175 904 2.
1613 850 1758 904 Doec
1792 850 2079 904 Idumaeas
2124 851 2170 905 G
2201 849 2372 914 XVII,
2399 852 2482 911 20,
2513 853 2592 904 11.

418 921 664 974 diaconia
689 945 751 964 =
778 919 1012 983 collecta,
1048 919 1276 983 collati0,
1310 919 1377 972 sti
1419 937 1442 972 s
1472 919 1557 972 uel
1615 919 1880 973 dominico
1939 919 2024 973 die
2085 936 2191 972 non
2251 919 2599 973 ieiunandum
2661 936 2756 972 nec

522 988 765 1058 symbola
784 989 1060 1060 egentibus
1085 989 1265 1042 oblata
1290 989 1336 1043 G
1406 990 1556 1054 VIII,
1717 1007 1894 1056 genua
1929 989 2190 1043 flectenda
2227 991 2269 1044 Ι
2295 989 2366 1052 ΙΙ,
2408 991 2486 1045 18.
2535 989 2580 1041 (J
2611 989 2755 1052 XXI,

523 1063 573 1124 7,
609 1063 656 1116 8.
695 1090 759 1097 ——
798 1083 857 1103 ==
896 1059 1220 1128 dispensatio
1267 1075 1444 1112 rerum
1490 1059 1556 1113 ad
1718 1063 1801 1121 20,
1827 1063 1875 1114 3.
1915 1060 1966 1113 d.
2004 1058 2053 1112 d.
2089 1075 2184 1112 cul·
2221 1058 2460 1112 soluatur
2496 1058 2755 1111 ieiunium

522 1129 905 1183 monasterium
930 1129 1314 1197 pertinentium
1349 1130 1393 1183 Ο
1413 1129 1557 1192 XXI,
1721 1131 1762 1184 I
1779 1129 1877 1192 111,
1909 1133 1986 1185 11.
2025 1128 2304 1182 dominicis
2331 1128 2518 1182 diebus
2545 1128 2755 1181 sollem-

524 1202 570 1262 1,
590 1203 637 1253 2.
666 1204 715 1262 8,
744 1202 787 1254 1.
816 1201 865 1262 9,
887 1202 934 1254 7.
966 1202 1045 1262 10,
1072 1202 1105 1254 3
1132 1199 1221 1266 (cf.
1244 1200 1281 1253 1
1299 1198 1467 1262 V,40‚
1490 1201 1555 1268 1).
1720 1215 1811 1252 nes
1844 1201 2137 1252 conuentus
2170 1199 2226 1252 in
2260 1198 2491 1251 ecclesiis
2526 1197 2756 1265 ageban-

523 1269 768 1323 diaconia
804 1267 1141 1322 deferebatur
1182 1268 1557 1336 probatissimo
1721 1272 1809 1321 tur
1857 1271 1910 1322 et
1958 1268 2260 1321 communio
2309 1285 2456 1321 sacra
2501 1268 2756 1336 percipie-

522 1338 733 1392 cuidam
777 1338 971 1392 seniori
1014 1337 1061 1392 0
1092 1337 1235 1402 XXI,
1268 1342 1313 1402 1,
1347 1342 1397 1393 2.
1445 1339 1556 1391 dia·
1718 1337 1876 1391 batur
1902 1337 2019 1401 IV,
2048 1341 2130 1392 26.
2166 1339 2212 1392 0
2231 1337 2351 1400 VII,
2373 1341 2455 1402 34,
2477 1341 2524 1392 2.
2552 1337 2754 1400 XXIII,

522 1408 703 1462 coniae
728 1408 1028 1477 praefectus
1052 1407 1236 1476 populi
1262 1407 1556 1462 oblationes
1717 1411 1801 1464 21.
1840 1408 2091 1461 dominici
2121 1408 2223 1460 diei
2259 1407 2588 1461 sollemnitas
2627 1423 2755 1475 quo-

525 1478 719 1546 accipit
762 1478 809 1532 G
839 1477 982 1542 XXI,
1013 1481 1161 1533 1—2.
1719 1477 1878 1530 modo
1923 1476 1988 1531 ab
2035 1477 2153 1531 aliis
2201 1477 2412 1531 differat
2455 1480 2496 1532 Ι
2533 1477 2634 1540 ΙΙΙ,
2676 1480 2753 1532 11.

418 1548 625 1602 diaconi
665 1565 860 1602 munus
896 1549 961 1603 N
991 1547 1085 1610 VI,
1123 1550 1202 1603 11.
1719 1547 1983 1600 dominico
2049 1547 2132 1600 die
2201 1550 2254 1600 ct
2322 1545 2544 1600 sabbato
2615 1546 2754 1614 apud

417 1617 645 1672 diaconii
681 1617 919 1671 officium
964 1617 1011 1672 0
1041 1617 1245 1682 1111,1,
1278 1621 1322 1672 1.
1721 1617 2012 1686 Aegyptios
2065 1633 2172 1670 non
2231 1617 2389 1671 lectio
2451 1617 2645 1670 ueteris
2703 1619 2758 1669 et

418 1688 669 1742 diaconus
716 1687 1111 1741 catechumenis
1157 1687 1375 1741 missam
1424 1687 1556 1740 cele·
1719 1687 1842 1740 noui
1871 1687 2179 1741 testamenti
2208 1685 2534 1740 recitabatur
2560 1689 2621 1740 ut
2646 1686 2755 1738 die-

519 1757 643 1811 brat
679 1760 720 1812 I
747 1757 841 1822 XI,
872 1760 949 1812 16.
1716 1755 1816 1810 bus
1863 1756 2093 1824 reliquis,
2139 1756 2230 1810 sed
2277 1759 2500 1824 utraque
2547 1773 2574 1809 e
2617 1773 2755 1809 nouo

416 1826 693 1882 dialectica
728 1845 813 1881 ars
856 1828 902 1881 0
932 1825 1045 1891 XV,
1073 1829 1119 1891 3,
1152 1830 1177 1882 1
1205 1834 1255 1882 et
1280 1830 1328 1881 2.
1366 1828 1434 1882 N
1452 1827 1553 1891 ΙΙΙ,
1718 1829 2054 1890 testamentO,
2093 1825 2260 1879 altera
2294 1825 2358 1880 de
2393 1826 2631 1894 apostolo
2665 1825 2752 1879 uel

524 1901 603 1962 15,
630 1900 677 1952 2.
717 1897 1009 1966 disputatio
1048 1897 1115 1952 N
1145 1896 1247 1960 ΠΙ,
1279 1900 1359 1961 15,
1386 1899 1434 1951 4.
1717 1895 1923 1950 actibus
1992 1895 2378 1964 apostolorum,
2453 1895 2620 1948 altera
2688 1895 2753 1948 de

417 1967 709 2036 digitorum
746 1967 883 2020 ratio
929 1967 975 2021 C
1004 1965 1235 2030 XXIIII,
1265 1969 1346 2029 26,
1376 1971 1422 2021 7.
1718 1964 2030 2033 euangeliis:
2063 1965 2204 2034 quod
2230 1965 2446 2033 quidem
2473 1965 2636 2019 etiam
2659 1981 2755 2034 per

416 2037 641 2091 dilectus
667 2035 735 2090 ad
760 2035 1053 2106 spiritalem
1079 2036 1331 2090 militiam
1365 2037 1411 2090 Ο
1433 2036 1553 2101 VII,
1716 2051 1897 2088 omnes
1933 2034 2452 2158 Quincffiageu‘simae
2500 2034 2612 2087 dies
2659 2034 2752 2088 ob-

520 2111 568 2170 5,
594 2109 641 2163 9.
1717 2105 2002 2159 seruabant
2028 2107 2068 2160 I
2153 2145 2164 2168 ,
2193 2109 2239 2160 6.
2280 2104 2546 2158 dominico
2581 2105 2667 2158 die
2701 2107 2756 2158 et

416 2177 618 2230 diluuio
653 2175 790 2230 iuste
818 2175 994 2245 puniti
1020 2179 1147 2230 sunt
1170 2174 1261 2244 qui
1288 2179 1409 2230 ante
1433 2193 1555 2245 pec·
1715 2173 1935 2228 sabbato
1977 2175 2263 2244 prandium
2300 2178 2354 2228 et
2391 2191 2520 2228 cena
2553 2174 2754 2243 pariter

520 2249 770 2300 cauerant
815 2247 861 2300 0
890 2245 1041 2310 VIII,
1067 2249 1150 2310 24,
1181 2250 1224 2302 1.
1715 2244 2114 2309 exhibebantur,
2157 2244 2502 2326 praecedente
2539 2247 2593 2297 et
2628 2243 2753 2298 sub-

414 2317 669 2384 Diogenis
716 2316 981 2369 sententia
1026 2315 1091 2368 de
1136 2315 1400 2370 adulterio
1448 2331 1553 2370 uon
1716 2317 1964 2383 sequente
1999 2314 2228 2384 simplici
2263 2314 2501 2368 oratione
2527 2330 2622 2367 nec
2659 2312 2751 2366 ad-

558 2385 785 2439 uniendo
832 2385 879 2441 Ο
906 2385 1056 2449 XIII,
1084 2389 1131 2448 5,
1156 2387 1204 2440 4.
1716 2384 1842 2438 ditis
1897 2384 2118 2452 psalmis
2173 2383 2520 2438 sollemnibus
2569 2385 2606 2438 1
2649 2383 2750 2446 m,

414 2457 517 2511 Dio
540 2473 626 2511 cos
674 2455 932 2525 oppidum
976 2454 1211 2525 Aegypti
1248 2457 1289 2510 I
1314 2454 1377 2521 V,
1413 2458 1481 2512 36
1516 2462 1551 2511 t.
1718 2457 1797 2511 12.

518 2530 600 2591 36,
631 2530 675 2582 1.
722 2526 769 2583 0
798 2526 999 2591 XVIII,
1028 2530 1053 2581 1
1094 2532 1128 2581 t.
1160 2530 1205 2590 1,
1236 2529 1279 2581 1.
1320 2526 1552 2595 descrip-

515 2596 590 2650 tio
625 2596 857 2665 regionis
891 2600 946 2650 et
979 2596 1421 2650 monasteriorum
1452 2596 1552 2650 cir·
1608 2595 2106 2649 ebdomadariorum
2154 2594 2420 2648 institutio
2467 2594 2522 2648 in
2569 2610 2750 2648 mona-

514 2683 575 2719 ca
610 2666 834 2719 Diolcon
871 2669 912 2721 I
938 2664 1001 2731 V,
1028 2668 1109 2721 36.
1712 2664 1887 2719 steriis
1926 2663 2158 2719 Orientis
2195 2666 2236 2718 Ι
2263 2664 2396 2727 IIII,
2427 2667 2504 2719 19.
2533 2665 2615 2718 20.

411 2736 719 2805 disciplinae
746 2736 893 2805 rigor
916 2736 971 2789 in
998 2735 1334 2789 monasteriis
1361 2737 1403 2790 I
1419 2735 1550 2801 IIII,
1607 2734 1834 2789 ebrietas
1873 2734 2064 2804 duplex
2102 2732 2338 2786 cauenda
2382 2734 2428 2787 0
2458 2732 2638 2797 VIIII,
2667 2736 2713 2787 5.

519 2809 583 2862 16
620 2814 667 2861 et
704 2808 788 2861 20.
1607 2805 1954 2859 Ecclesiastes
1997 2802 2134 2856 liber
2169 2802 2299 2870 quid
2338 2802 2525 2856 doceat
2569 2804 2615 2857 (J
2647 2803 2748 2864 III,

410 2875 795 2930 discordiarum
831 2890 1017 2929 causae
1049 2874 1297 2929 uita-udae
1331 2875 1377 2929 Ο
1406 2873 1549 2939 XVI,
1712 2878 1760 2938 6,
1789 2876 1838 2928 4.
1873 2880 2038 2944 yenet.
2065 2872 2399 2925 Ecclesiastis
2428 2874 2466 2926 1
2495 2872 2599 2939 III,
2625 2876 2672 2935 9,
2701 2876 2748 2927 2.

515 2948 669 3002 8-9.
1712 2962 1884 2999 caccus.
1921 2942 2276 2997 Ecclesiasten
2320 2942 2366 2996 G
2401 2941 2545 3004 XXI,
2587 2944 2665 3005 12,
2701 2945 2750 2996 3.

412 3015 744 3070 discretionis
795 3015 968 3068 uirtus
1016 3032 1046 3068 a
1091 3014 1202 3069 solo
1249 3014 1345 3067 deo
1392 3014 1552 3068 datur
1711 3016 1874 3068 ablat.
1902 3011 2216 3065 Ecclesiaste
2251 3012 2296 3067 0
2315 3011 2464 3074 VIII,
2485 3014 2571 3080 21,
2594 3014 2638 3066 1.
2668 3014 2749 3075 24,

523 3086 569 3141 Ο
598 3085 671 3150 ΙΙ,
710 3088 754 3140 1.
802 3084 1107 3139 humilitate
1146 3088 1465 3154 conparatur
1510 3085 1556 3138 (J
1711 3086 1758 3138 2.
1798 3082 1976 3146 VIIII,
2007 3084 2087 3145 12,
2119 3085 2162 3137 1.
2733 3084 2736 3087 ’

515 3156 586 3221 11,
626 3159 702 3211 10.
748 3154 995 3208 lucernae
1038 3158 1356 3223 conparatur
1400 3154 1446 3209 C
1476 3154 1549 3218 11,
1608 3152 1963 3207 ecclesiastica
1996 3150 2220 3205 historia
2257 3152 2298 3205 Ι
2324 3150 2398 3213 11,
2425 3154 2471 3214 5,
2500 3153 2546 3205 3.
2587 3149 2751 3203 eccle-

514 3229 563 3291 2,
590 3227 741 3282 5—6.
780 3224 893 3278 eius
930 3224 1135 3278 utilitas
1180 3224 1225 3278 G
1255 3223 1300 3290 I,
1327 3226 1548 3279 22—23.
1712 3222 1940 3276 siasticis
1977 3220 2280 3289 sumptibus
2306 3220 2496 3273 uiduae
2523 3219 2749 3273 Alexan-

514 3294 761 3349 omnibus
797 3294 1087 3348 uirtutibus
1124 3293 1469 3362 praeferenda
1511 3294 1557 3348 Ο
1712 3293 1858 3346 driae
1893 3290 2247 3361 pascebantur
2287 3290 2334 3345 (Ι
2364 3289 2564 3353 XVIII,
2595 3292 2674 3355 14,
2704 3293 2748 3345 1.

514 3365 597 3431 II,
646 3368 693 3421 2.
750 3363 894 3418 inter
948 3362 1279 3417 nobilissima
1332 3364 1549 3433 spiritus
1608 3362 1834 3417 elatione
1883 3361 2046 3415 animi
2097 3360 2344 3414 monachi
2399 3360 2656 3415 inflantur
2710 3361 2756 3415 C

514 3435 685 3489 sancti
720 3434 859 3487 dona
883 3432 948 3487 ab
975 3432 1213 3502 apostolo
1240 3437 1551 3487 numeratur
1710 3432 1812 3497 III,
1838 3434 1887 3497 2,
1913 3434 1962 3487 2.
2793 3484 2807 3499 ⁸

522 3504 1235 3569 CII,1,3-—-4.discretionisi
1277 3502 1550 3556 noratione
1607 3503 2030 3583 elemosynarum
2069 3501 2352 3554 necessitas
2397 3500 2443 3555 0
2474 3499 2588 3564 XX,
2614 3502 2663 3563 8,
2700 3502 2746 3554 6.

519 3574 645 3628 Saul
661 3572 911 3628 etAchab
933 3573 1241 3643 deceptimu
1265 3573 1411 3640 tique
1426 3588 1549 3625 ana·
1607 3572 1823 3625 ellebori
1860 3572 1943 3625 uis
1989 3570 2034 3625 (J
2065 3570 2235 3633 XVII,
2266 3573 2346 3634 17,
2377 3572 2401 3624 1
2443 3576 2490 3625 et
2529 3572 2575 3624 3.

518 3644 759 3697 chorctae
782 3644 1009 3713 turpiter
1026 3642 1161 3712 lapsi
1185 3642 1419 3707 011,:·3.5
1439 3660 1546 3712 sqq.
1607 3642 1890 3695 embrimia
1927 3639 2301 3694 describuntur
2347 3640 2392 3693 G
2425 3639 2466 3703 I,
2497 3641 2580 3703 23,
2606 3641 2652 3693 4.

411 3714 629 3767 diuitiae
664 3730 759 3783 pro
799 3714 907 3767 riae
940 3712 1203 3781 quomodo
1238 3711 1549 3780 intellegen·
1606 3710 1964 3765 Emmanuhel
2001 3727 2174 3765 accus.
2202 3711 2268 3763 N
2299 3708 2371 3772 11,
2399 3712 2447 3771 3,
2473 3712 2522 3763 4.

515 3784 612 3837 dae
665 3784 713 3837 G
779 3784 853 3847 ΙΙ,
891 3786 939 3839 8.
996 3782 1308 3837 diuitiarum
1357 3798 1550 3851 genera
1607 3781 1976 3848 energumenis
1995 3778 2260 3848 quomodo
2274 3776 2750 3848 spiritusinmundi

513 3853 619 3907 tria
642 3852 744 3919 III,
769 3856 816 3909 9.
857 3853 1075 3906 diuitiae
1102 3852 1397 3906 inuisibilcs
1432 3868 1547 3920 pes·
1711 3850 2104 3918 coniungantur
2149 3849 2194 3903 (1
2233 3848 2353 3911 VII,
2393 3850 2610 3903 11—12.
2667 3846 2748 3899 in-

515 3923 783 3991 simaeque
837 3922 947 3986 III,
998 3925 1086 3986 10,
1129 3925 1176 3977 2.
1236 3921 1549 3975 diuitiarum
1711 3920 1987 3973 uocatione
2012 3922 2318 3973 sanctorum
2345 3935 2375 3970 a
2402 3915 2749 3970 daemonibus

515 3992 684 4061 qualis
722 4010 848 4046 usus
884 4008 995 4045 esse
1033 3990 1223 4045 debeat
1266 3992 1311 4045 (J
1341 3991 1433 4056 VI,
1460 3994 1506 4047 3.
1711 3989 2008 4043 liberantur
2047 3990 2093 4045 G
2123 3987 2305 4048 XIIII,
2333 3991 2380 4042 7.
2419 3984 2749 4040 orationibus

412 4062 661 4119 docendis
688 4062 805 4116 aliis
834 4078 991 4115 nemo
1018 4079 1073 4115 se
1106 4061 1263 4114 facilc
1298 4061 1548 4115 idoneum
1712 4076 1818 4114 non
1871 4058 2116 4128 priuandi
2177 4058 2222 4111 (J
2273 4056 2392 4120 VH,
2437 4059 2658 4112 28—30.
2718 4074 2748 4108 a

514 4135 666 4201 putet
702 4134 742 4187 I
768 4132 833 4197 X,
859 4135 908 4197 2,
938 4135 982 4187 1.
1030 4132 1074 4187 G
1094 4130 1273 4195 XIIII,
1303 4134 1369 4187 10
1393 4138 1441 4186 et
1470 4134 1547 4186 17.
1712 4128 2082 4183 communione
2119 4144 2266 4181 sacra
2305 4142 2410 4179 non
2448 4126 2660 4179 arcendi
2707 4124 2754 4180 Ο

514 4202 699 4255 docere
734 4201 865 4255 alios
900 4200 1058 4255 multi
1092 4201 1108 4253 i
1151 4202 1193 4254 si
1228 4201 1431 4255 indocti
1466 4217 1549 4253 co·
1711 4200 1831 4263 VII,
1860 4201 2079 4253 29-30,

516 4276 713 4325 uantur
759 4274 797 4326 I
834 4272 905 4335 ΙΙ,
945 4274 993 4327 3.
1049 4271 1095 4327 C
1180 4270 1359 4333 XIIII,
1402 4273 1467 4326 13
1502 4278 1550 4326 et
1607 4270 1792 4323 Enoch
1836 4268 1882 4323 0
1912 4268 2014 4332 III,
2043 4270 2090 4331 7,
2116 4269 2164 4321 4.
2202 4266 2353 4331 VIII,
2379 4268 2462 4330 23,
2491 4268 2535 4319 3.

522 4344 598 4397 16.
656 4341 963 4395 docentium
1013 4340 1143 4395 alios
1198 4341 1406 4395 utilitas
1454 4340 1550 4393 du·
1607 4340 1830 4393 entheca
1865 4338 2103 4391 coenobii
2141 4339 2176 4391 Ι
2209 4336 2340 4399 ΙΙΙΙ,
2373 4338 2448 4391 14.

513 4410 631 4480 plex
674 4412 721 4467 G
750 4411 923 4477 XXII,
952 4414 995 4467 1.
1606 4408 1846 4478 Ephesus
1883 4409 1922 4463 Ι
1951 4408 2014 4472 X,
2044 4410 2123 4463 18.
