3167 4975
514 411 627 469 CII

896 577 1024 632 Cod.
1050 576 1212 632 Uind.

602 685 706 749 fol.
755 681 921 746 219b
969 682 1153 765 (Inst.
1200 683 1351 763 1111,
1390 680 1503 766 43)
1554 683 1606 741 «ι

517 787 707 869 ἀρεταὶ
736 791 944 870 καρπον
966 792 1175 849 ποιοῦσι
1197 787 1292 848 καὶ
1318 785 1606 861 αῦξάνουσι

900 1305 1028 1362 cod.
1052 1306 1216 1362 Uind.

605 1411 713 1476 fol:
761 1409 927 1474 219b
989 1410 1217 1496 (rubr.)
1277 1415 1389 1473 Τοῦ
1451 1414 1612 1472 αὺτοῦ

516 1517 653 1596 προς
698 1517 959 1577 Λεόντιον
1004 1515 1127 1596 περὶ
1171 1523 1279 1577 τῶν
1324 1517 1469 1576 κατὰ
1510 1518 1609 1591 τὴν

520 1620 717 1694 Σκήτιν
766 1587 927 1702 (σκξς)
974 1621 1223 1701 πατέρων

606 1721 921 1805 (Cassiani
961 1723 1154 1806 praef.
1191 1725 1249 1803 ξ.
1290 1722 1483 1806 1-2)
1530 1725 1612 1784 To

518 1832 688 1909 χρέος
734 1831 867 1909 ὅπερ
916 1827 1341 1907 ἐπηγγειλάμην
1385 1826 1463 1908 τῷ
1496 1849 1611 1903 μα-

519 1936 843 2013 καριωτάτῳ
888 1935 1045 2016 πάπᾳ
1076 1933 1315 2014 Κάστορι
1346 1931 1469 2014 περὶ
1512 1939 1613 2009 τῆς

520 2037 831 2117 διηγήσεως
874 2041 968 2097 τοῦ
1013 2058 1073 2096 τε
1120 2036 1237 2111 βίου
1281 2043 1387 2097 τῶν
1443 2036 1614 2116 ἁγίων

518 2143 767 2222 πατέρων
812 2139 906 2200 καὶ
949 2147 1049 2216 τῆς
1092 2143 1292 2202 τούτων
1346 2141 1614 2201 διδασκα-

520 2248 649 2316 λίας
694 2250 939 2326 μερικῶς
983 2244 1357 2320 ἀποδεδωκὼς
1403 2246 1461 2306 ἐν
1500 2249 1616 2318 τοῖς

518 2351 647 2429 παρ’
698 2349 833 2424 ἐμοῦ
877 2350 1012 2429 προς
1060 2351 1217 2410 αὑτὸν
1262 2349 1437 2410 πάλαι
1468 2373 1613 2432 γρα-

520 2457 709 2535 φεῖσιν,
757 2455 1029 2534 ἁγιώτατε
1077 2453 1326 2534 Λεόντιε,
1386 2453 1513 2537 περί
1553 2477 1615 2515 τε

522 2555 905 2631 διατυπώσεως
928 2560 1213 2636 κοινοβίων
1236 2559 1331 2621 καὶ
1361 2559 1484 2641 περὶ
1508 2566 1616 2620 τῶν

521 2664 667 2724 ὀκτὼ
682 2669 781 2739 τῆς
799 2665 1003 2737 κακίας
1021 2666 1308 2744 λογισμῶν
1331 2668 1420 2725 νῦν
1442 2683 1615 2747 προε-

522 2770 697 2843 θέμην
728 2768 1141 2851 ἀποπληρῶσαι.
1190 2770 1378 2845 ἐπειδὴ
1412 2769 1475 2829 δὲ
1508 2790 1616 2845 με·

525 2874 753 2949 μάθηκα
796 2875 875 2933 ὅτι
915 2895 1019 2955 περ
1059 2874 1377 2935 ἀπολοιπῶν
1407 2876 1558 2952 ἡμᾶς
1589 2876 1619 2934 ὁ

523 2980 920 3058 προειρημένος
982 2979 1268 3059 ἀρχιερεὺς
1328 2975 1620 3059 μετῴκησε

523 3085 659 3161 πρὸς
690 3084 941 3162 Χριστόν,
988 3082 1289 3163 ἀναγκαῖον
1319 3084 1618 3163 ἡγησάμην

527 3184 609 3244 σοὶ
667 3184 745 3266 τῷ
808 3184 1189 3267 διαδεξαμένῳ
1246 3189 1344 3264 τὴν
1410 3188 1620 3249 ἐκείνου

526 3291 723 3369 ἀρετὴν
784 3288 879 3351 καὶ
946 3292 1045 3367 τὴν
1112 3296 1203 3353 τοῦ
1266 3292 1621 3372 μοναστηρίου

528 3394 618 3454 σὺν
663 3393 775 3473 θεῷ
820 3394 1074 3476 φροντίδα
1118 3398 1179 3457 ‘cb
1220 3396 1413 3458 λοιπον
1442 3397 1622 3478 ταύτῷ

529 3498 827 3577 διηγήματι
873 3501 1280 3581 ἀναπληρώσας
1312 3502 1619 3562 ἀποτεῖλαι.

528 3602 843 3685 (Cassiani
890 3604 1063 3669 Conl.
1099 3605 1149 3685 I,
1186 3604 1374 3686 1—2,
1406 3602 1475 3688 2)
1531 3607 1622 3666 ὅτε

526 3709 698 3769 τοίνυν
755 3708 811 3768 ἐν
867 3716 933 3791 τῇ
992 3710 1183 3790 ἐρήμῳ
1236 3717 1336 3787 τῆς
1379 3711 1623 3784 Σκίτεως

531 3811 859 3895 (τῆσκίτεως
906 3813 1091 3898 eod.),
1140 3816 1272 3875 ὅπου
1303 3821 1411 3875 τῶν
1442 3837 1622 3891 μονα-

527 3922 647 3996 χῶν
680 3917 731 3978 οἱ
763 3918 1124 3995 δοκιμώτατοι
1153 3922 1409 4000 πατέρες,
1438 3942 1621 4000 παρε-

529 4024 809 4102 γενόμεθα
855 4020 969 4102 ἐγώ
998 4044 1061 4083 τε
1105 4023 1197 4083 καὶ
1229 4025 1260 4083 ὁ
1292 4026 1449 4105 ἅγιος
1480 4026 1622 4105 Γερ-

531 4128 721 4205 μανὸς,
768 4128 831 4199 δς
861 4128 927 4187 ἐκ
954 4131 1175 4207 πρώτης
1203 4126 1427 4203 ἡλικίας
1466 4129 1624 4209 φίλος

532 4252 635 4306 μου
695 4232 1057 4307 πνευματικὸς
1119 4233 1369 4312 ἐγεγόνει
1438 4234 1495 4291 ἔν
1563 4254 1624 4293 τε

531 4336 642 4406 τοῖς
684 4334 1085 4416 παιδευτηρίοις
1128 4336 1224 4395 καὶ
1264 4337 1323 4395 ἐν
1354 4342 1422 4417 τῇ
1452 4358 1621 4418 στρα-

1767 573 2015 628 Eucherii
2052 573 2307 642 epitomes
2341 573 2478 628 liber
2512 573 2732 643 primus,

1800 701 1859 764 p.
1883 663 2006 743 878
2023 679 2069 745 O
2095 683 2384 744 crescunt
2403 680 2804 762 fruet-umque

1711 787 1924 849 ferunt
1954 785 2224 848 uirtutes
2256 783 2570 866 (uirtutes
2586 782 2805 869 fruti-

1713 897 1862 952 cant
1923 897 2116 973 atque
2184 897 2594 950 succrescunt
2655 887 2806 952 Cas-

1715 992 1956 1077 sianus)

2098 1301 2226 1357 Cod.
2253 1301 2415 1356 Uind.

1720 1385 1841 1492 τείᾳ
1873 1409 2156 1492 (στρατειὰ
2187 1407 2350 1490 cod.)
2381 1408 2476 1468 καὶ
2507 1411 2565 1468 ἐν
2594 1409 2673 1487 τῷ
2699 1431 2806 1484 μο-

1715 1516 1868 1595 νήρει
1915 1514 2037 1594 βίῳ,
2095 1514 2444 1588 ἐθεασάμεθα
2486 1514 2576 1573 τ“ον
2630 1513 2808 1589 ἀββᾶν

1717 1619 1981 1698 Μωΰσῆν,
2008 1615 2180 1698 ἄνδρα
2211 1619 2364 1694 ἅγιον
2388 1619 2450 1678 οὒ
2475 1619 2638 1694 μόνον
2661 1639 2809 1698 πρα-

1721 1718 1878 1804 (220
1888 1721 1940 1804 Ι”)
1965 1723 2177 1793 κτικαῖς
2231 1722 2451 1802 ἀρεταῖς
2506 1716 2662 1780 ἀλλὰ
2714 1719 2810 1780 καὶ

1719 1825 1920 1906 θεωρίᾳ
1991 1832 2327 1908 πνευματικῇ
2404 1824 2807 1900 διαλάμποντα.

1717 1935 1902 1991 τοῦτον
1947 1928 2121 1990 τοίνυν
2177 1929 2610 2010 παρακαλοῦμεν
2671 1928 2812 2003 μετὰ

1723 2035 1970 2116 δακρύων
2017 2032 2188 2094 εἰπεῖν
2221 2035 2351 2110 ἡμῖν
2383 2033 2556 2112 λόγον
2587 2031 2810 2093 οἰκοδο-

1721 2146 1852 2218 μῆς,
1915 2139 1984 2198 δι’
2048 2132 2109 2198 οὗ
2171 2139 2514 2214 δυνησόμεθα
2561 2138 2812 2214 ἐπιβῆναι

1719 2251 1787 2327 τῇ
1831 2244 2155 2317 τελειοτητι.
2202 2245 2349 2317 ὅστις
2391 2242 2584 2304 πολλὰ
2627 2265 2810 2324 παρα-

1720 2346 1952 2424 κληθεὶς
1975 2345 2178 2429 ἤρξατο
2199 2349 2390 2420 οὓτως.
2416 2349 2600 2428 τέκνα,
2624 2353 2812 2428 πᾶσαι,

1723 2453 1898 2535 φησίν,
1947 2450 2002 2513 αἱ
2047 2453 2240 2531 τέχναι
2284 2452 2378 2513 καὶ
2423 2453 2492 2513 τὰ
2524 2452 2812 2530 ἐπιτηδεύ-

1724 2580 1871 2633 ματα
1935 2561 2135 2619 σκοπόν
2199 2580 2318 2617 τινα
2379 2558 2613 2639 ἔχουσιν,
2681 2560 2816 2639 προς

1724 2666 1888 2743 ὅνπερ
1934 2661 2241 2743 ἀφορῶντες
2285 2660 2380 2723 καὶ
2426 2663 2645 2735 ἑαυτοὺς
2685 2664 2814 2743 ῥυθ-

1725 2769 1970 2845 μίζοντες
1993 2774 2085 2829 τοῦ
2107 2769 2442 2843 ποθουμένου
2464 2769 2658 2838 τέλους
2691 2769 2814 2828 ἐπι-

1726 2875 2070 2952 τυγχάνουσι.
2104 2871 2199 2933 καὶ
2221 2873 2330 2954 γὰρ
2354 2874 2384 2932 ὁ
2407 2874 2660 2952 γεωργὸς
2681 2872 2818 2932 ποτὲ

1726 2978 1829 3053 μὲν
1875 2978 1972 3054 τὴν
2019 2976 2204 3056 φλόγα
2246 2982 2340 3037 τοῦ
2382 2976 2544 3052 ἡλίου
2589 2976 2722 3037 ποτὲ
2754 2975 2817 3035 δὲ

1723 3083 1785 3142 τὸ
1828 3086 2005 3160 ψῦχος
2048 3083 2331 3156 ὑπομένων
2379 3083 2667 3161 προθύμως
2717 3081 2817 3155 τὴν

1723 3192 1831 3265 γῆν
1865 3186 2171 3267 ἐργάζεται,
2217 3188 2417 3246 σκοπὸν
2459 3187 2606 3264 ἔχων
2636 3186 2818 3245 καθα-

1728 3292 1826 3371 ρὰν
1871 3292 2067 3369 ταύτην
2113 3288 2208 3349 καὶ
2253 3290 2504 3350 ἀκανθῶν
2557 3290 2650 3351 καὶ
2712 3292 2816 3367 βο-

1726 3404 1904 3457 τανῶν
1950 3394 2254 3475 ἀποδεῖξαι,
2299 3396 2465 3467 τέλος
2512 3395 2574 3456 δὲ
2613 3398 2712 3471 τὴν
2754 3397 2821 3455 ἐκ

1729 3507 1837 3561 τῶν
1867 3507 2091 3580 καρπῶν
2125 3502 2444 3561 ἀπόλαυσιν.
2487 3498 2582 3560 καὶ
2613 3500 2642 3559 ὁ
2670 3520 2818 3579 πρα-

1729 3608 2144 3684 γματευόμενος
2205 3604 2327 3665 οὔτε
2380 3602 2557 3689 <τοὺς>
2603 3604 2669 3664 ἐκ
2719 3610 2820 3679 τῆς

1730 3712 2008 3785 θαλάττης
2053 3709 2174 3771 οὔτε
2220 3710 2341 3783 τοὺς
2388 3710 2453 3769 ἐκ
2496 3715 2603 3789 γῆς
2632 3709 2818 3769 κινδύ-

1729 3836 1852 3886 νους
1894 3811 2241 3895 ὑφορώμενος
2284 3815 2576 3895 προθύμως
2631 3814 2818 3873 ἑαυτὸν

1732 3916 2005 3979 ἐπιδίδωσι
2047 3926 2114 4001 τῇ
2159 3918 2510 4000 πραγματείᾳ
2543 3966 2555 3978 .
2594 3966 2607 3978 .
2643 3966 2656 3978 .

1814 4024 1922 4087 fol.
1945 4020 2112 4085 22οΒ
2138 4023 2312 4088 Conl.
2340 4022 2392 4104 I,
2417 4042 2468 4085 c,
2489 4020 2660 4085 3—-4
2686 4020 2821 4103 (de-

1731 4130 1880 4191 sunt
1925 4126 2155 4211 multa)

1815 4231 1920 4295 fol.
1958 4230 2122 4293 221*Ιι
2166 4250 2300 4313 cap.
2333 4230 2376 4292 5

1816 4335 1921 4399 fol.
1967 4332 2134 4397 221b
2179 4353 2311 4418 cap.
2347 4333 2515 4395 6-7
