3167 4975
2588 430 2691 487 111

387 600 698 665 Romanis
751 598 1122 683 parentibus
1177 604 1386 665 ortum
1433 599 1779 664 secundum
1840 598 2197 680 aequalium
2252 615 2493 663 morem
2542 598 2691 663 edu-

391 708 609 769 catum
642 704 1082 786 eruditumque
1130 722 1284 767 esse.
1337 704 1447 767 sed
1477 704 1607 767 iam
1640 704 2065 786 quaerendum
2100 706 2216 783 est,
2258 702 2363 765 ubi
2397 706 2691 785 parentes

391 810 530 873 eius
589 808 1042 875 habitauerint.
1122 812 1338 873 narrat
1392 811 1605 872 autem
1660 809 1723 872 in
1786 807 1961 873 Conl.
2012 806 2283 887 XXIIII,
2334 824 2467 891 cap.
2524 807 2553 869 1
2622 826 2689 871 se

388 914 604 996 ipsum
669 918 730 978 et
789 912 1199 992 Germanum,
1265 913 1417 978 dum
1477 913 1544 977 in
1604 912 1893 997 Aegypto
1956 916 2301 993 morantur,
2363 910 2455 973 ad
2515 932 2689 995 repe-

390 1016 659 1081 tendam
693 1017 1124 1103 prouinciam
1170 1026 1360 1102 atque
1405 1015 1497 1080 ad
1542 1014 1921 1079 reuisendos
1969 1024 2279 1100 parentes
2334 1014 2689 1079 cotidianis

389 1122 654 1186 animae
682 1121 969 1187 aestibus
1001 1142 1138 1187 esse
1169 1122 1502 1205 conpulsos
1534 1158 1621 1169 -——
1651 1122 1963 1205 putabant
1994 1122 2165 1186 enim
2210 1121 2340 1186 illic
2388 1140 2453 1185 se
2486 1120 2689 1185 uitam

391 1228 902 1293 anachoreticam
961 1246 1086 1293 non
1146 1228 1388 1291 minore
1449 1226 1779 1311 diligentia
1838 1244 1911 1291 ac
1972 1227 2311 1291 seueritate
2372 1244 2561 1308 quam
2622 1226 2687 1289 in

388 1332 684 1417 Aegypto
727 1352 914 1416 posse
959 1350 1260 1412 exercere,
1308 1350 1453 1395 cum
1498 1334 1791 1414 parentes
1838 1350 2038 1413 neque
2084 1331 2477 1415 propositum
2522 1330 2689 1413 ipso-

389 1456 538 1501 rum
567 1437 908 1519 inpedituri
940 1440 1004 1501 et
1033 1455 1287 1501 omnem
1320 1436 1562 1500 uictum
1594 1436 2021 1499 necessarium
2052 1454 2195 1499 cum
2220 1435 2449 1519 gaudio
2476 1436 2687 1499 essent

389 1541 732 1607 exhibituri
765 1564 876 1605 -τ
921 1559 1113 1624 quam
1145 1546 1294 1625 apta
1324 1558 1472 1605 uero
1504 1540 1829 1624 prouincia
1858 1540 2065 1624 patria
2096 1540 2265 1605 uitae
2298 1539 2686 1604 monasticae

387 1646 587 1710 fuerit
629 1646 730 1711 his
777 1645 988 1709 uerbis
1035 1645 1364 1711 describit:
1417 1653 1771 1730 praeterea
1816 1644 2117 1729 ipsorum
2166 1642 2451 1707 locorum
2496 1642 2685 1720 situs,

391 1750 466 1812 in
497 1748 738 1835 quibus
770 1760 914 1813 erat
953 1747 1385 1812 maioribus
1430 1747 1733 1812 nostris
1780 1748 2009 1811 auita
2044 1748 2465 1834 possessiO,
2512 1747 2685 1833 ipsa-

389 1876 668 1940 rumque
711 1855 1068 1919 amoenitas
1114 1853 1412 1917 iucunda
1459 1854 1795 1939 reqionum
1838 1862 1988 1915 ante
2019 1852 2235 1915 oculos
2264 1850 2684 1939 pinqebatur,

389 1982 588 2045 quam
631 1968 816 2046 9rate
861 1968 919 2023 et
965 1980 1241 2045 conyrue
1287 1957 1677 2021 solitudinis
1722 1957 1963 2043 spatiis
2011 1956 2407 2033 tenderetur,
2463 1956 2563 2020 ita
2610 1965 2684 2018 ut

385 2086 520 2126 non
567 2062 774 2127 solum
825 2060 1142 2127 delectare
1185 2063 1568 2127 monachum
1606 2071 1871 2147 possent
1924 2071 2223 2125 secreta
2266 2060 2683 2138 siluarum,

386 2168 504 2233 sed
564 2168 758 2233 etiam
815 2167 1148 2231 maxima
1207 2167 1472 2230 uictus
1517 2166 1902 2252 praebere
1950 2165 2404 2251 conpendia.
2484 2186 2515 2229 e
2562 2185 2684 2247 quo

385 2274 526 2338 loco
573 2278 832 2358 apparet
869 2274 1198 2355 utriusque
1227 2277 1520 2356 parentes
1551 2272 1808 2355 praedia
1854 2289 1890 2336 a
1936 2272 2277 2337 maioribus
2311 2270 2435 2335 sibi
2464 2270 2685 2334 relicta

385 2378 453 2442 in
493 2376 856 2461 regionibus
898 2378 1150 2442 siluosis
1193 2381 1258 2442 et
1297 2379 1510 2441 tamen
1549 2377 1809 2461 frugum
1840 2375 2153 2439 feracibus
2194 2374 2512 2440 habuisse.
2578 2394 2682 2439 eas

385 2486 603 2547 autem
633 2481 919 2568 regiones
951 2481 1148 2548 fuisse
1198 2481 1314 2546 sub
1363 2480 1861 2566 septemtrionali
1909 2480 2065 2546 caeli
2094 2480 2285 2564 plaga
2314 2499 2347 2544 e
2380 2499 2513 2565 cap.
2550 2477 2610 2560 8,
2642 2478 2684 2542 5

384 2589 728 2672 colligitur,
773 2587 884 2674 ubi
914 2587 1242 2653 Abraham
1290 2605 1478 2651 senex
1510 2587 1827 2651 inducitur
1858 2587 2016 2650 haec
2048 2602 2481 2650 commonens:
2531 2583 2685 2648 dili-

385 2701 609 2778 9enter
639 2690 1000 2777 expendite,
1047 2701 1274 2754 utrum
1305 2690 1378 2754 i‘n
1411 2689 1555 2754 illis
1590 2689 1937 2776 torpidis
1984 2699 2059 2753 ut
2076 2689 2280 2775 fama
2326 2697 2414 2752 est
2448 2688 2683 2774 reqio-

383 2794 618 2858 nibus
679 2805 738 2860 et
797 2795 984 2860 uelut
1030 2794 1356 2882 friyore
1415 2793 1660 2858 nimiae
1716 2793 2133 2877 infidelitatis
2196 2791 2607 2857 obstrictis
2634 2792 2683 2877 1)

387 2901 556 2962 hanc
615 2910 691 2963 ut
749 2900 851 2963 ita
913 2900 1196 2964 dixerim
1255 2898 1624 2962 nuditatem
1684 2899 2009 2962 sustinere
2071 2897 2363 2984 poenitio.
2452 2897 2681 2980 quibus

385 3005 684 3070 omnibus
746 3024 871 3070 non
931 3006 1388 3084 Palaestinam,
1449 3004 1559 3068 ubi
1621 3007 1808 3068 antea
1870 3004 2239 3069 commorati
2300 3005 2509 3086 erant,
2569 3021 2685 3067 nec

383 3110 643 3174 Italiam
689 3129 804 3175 nec
835 3109 1178 3193 Scythiam,
1229 3109 1338 3174 sed
1369 3108 1647 3174 Galliam
1692 3107 2033 3193 significari
2080 3107 2323 3174 duobus
2358 3107 2497 3170 aliis
2528 3107 2681 3171 locis

383 3215 554 3278 inter
593 3233 660 3278 se
705 3215 1064 3297 conparatis
1109 3216 1237 3280 iam
1282 3233 1393 3298 pro
1439 3217 1610 3278 certo
1659 3213 1855 3278 statui
1892 3216 2121 3296 potest.
2171 3231 2321 3277 nam
2352 3230 2497 3276 eum
2530 3210 2682 3276 Oas-

381 3319 602 3384 sianus
629 3318 801 3384 Conl.
823 3319 1093 3399 XXIIII,
1121 3338 1252 3403 cap.
1277 3316 1357 3380 18
1383 3317 1601 3383 abbati
1624 3316 1952 3382 Abraham
1980 3317 2361 3382 affirmasset
2384 3317 2450 3381 in
2474 3315 2681 3400 patria

381 3441 506 3488 sua
558 3424 728 3488 uitae
775 3424 1162 3488 monasticae
1212 3424 1621 3512 seueritatem
1666 3441 1703 3486 a
1746 3421 2050 3486 fratribus
2099 3419 2509 3486 uisitantibus
2557 3439 2683 3485 non

379 3545 573 3612 posse
601 3527 977 3612 interrumpi
1017 3529 1230 3592 dicens
1272 3525 1444 3612 quod
1473 3526 1614 3589 sine
1648 3524 1847 3589 dubio
1878 3524 2261 3588 nullatenus
2294 3525 2374 3586 iu
2406 3532 2681 3587 ‘nostra

370 3631 815 3717 prouincia
874 3631 1202 3696 credimus
1266 3640 1676 3708 euenturum,
1737 3630 1812 3693 in
1872 3652 2003 3715 qua
2047 3627 2517 3692 aut'nullum
2562 3637 2681 3690 aut

379 3746 555 3800 certe
601 3736 1102 3800 rarissimum
1137 3735 1581 3822 professionis
1628 3735 1830 3798 huius
1868 3734 2101 3798 uirum
2132 3733 2435 3798 inuenire
2472 3732 2683 3819 posei-

381 3840 517 3904 bile
573 3851 682 3919 est,
739 3843 888 3924 quid
943 3842 1396 3926 signifieauerit
1451 3839 1662 3906 uerbis
1716 3850 1945 3903 nostra
1980 3838 2347 3924 prouincia
2392 3839 2459 3903 in
2503 3856 2685 3922 prae-

377 3948 625 4012 fatione
685 3947 762 4012 ad
822 3945 1306 4013 Institutionum
1366 3946 1560 4011 libros
1621 3945 1676 4028 g.
1736 3943 1777 4008 3
1839 3946 2116 4029 apertius
2178 3944 2475 4024 ostendit,
2537 3962 2680 4007 cum

377 4052 716 4118 Castorem
777 4053 1138 4137 episcopum
1193 4050 1546 4137 Aptensem
1606 4050 1883 4114 amicum
1944 4068 2132 4114 suum
2192 4048 2265 4111 in
2315 4047 2682 4135 prouincia

469 4296 512 4365 ¹)
552 4295 621 4350 ef.
657 4293 822 4364 praef.
849 4293 998 4350 Conl.
1023 4311 1074 4364 p.
1100 4293 1174 4360 11,
1199 4295 1302 4362 §.1
1349 4295 1492 4350 hanc
1536 4294 1698 4364 quasi
1739 4294 1970 4364 friam-is
2018 4293 2301 4348 Gallicani
2344 4293 2525 4361 rigore
2570 4299 2680 4348 tor-

359 4391 595 4457 pentem
621 4384 992 4454 prowinciam.

2310 4470 2334 4519 ¹
2340 4465 2367 4495 *
