3167 4975
400 2081 434 2132 2⁸!

483 433 608 496 154
1292 431 1608 484 Iohannis
1654 429 1953 484 Cassiani

479 611 790 672 humanae
836 609 1339 691 perturbationiS,
1389 610 1498 672 sed
1545 609 1729 691 digne
1777 607 1909 688 deo,
1958 607 2064 688 qui
2104 607 2274 670 omni
2304 605 2769 688 perturbatione

478 715 716 777 alienus
766 718 880 793 est,
928 715 1157 778 sentire
1204 713 1524 794 debemus,
1573 713 1811 776 scilicet
1849 730 1970 794 quo
2002 731 2111 794 per
2142 711 2295 774 haec
2328 729 2473 774 eum
2501 709 2770 773 iudicem

479 821 542 882 et
571 819 838 882 ultorem
873 819 1151 882 omnium
1185 837 1342 900 quae
1377 819 1584 900 inique
1617 820 1921 901 geruntur
1950 817 2014 879 in
2044 815 2161 880 hoc
2194 815 2426 879 mundo
2458 815 2771 898 possimus

479 923 824 1004 aduertere,
875 927 936 986 et
974 923 1412 987 retributorem
1447 922 1794 986 terribilem
1826 924 2080 986 actuum
2114 924 2469 984 nostrorum
2500 920 2599 982 his
2632 937 2773 981 uer-

477 1027 702 1091 borum
771 1027 1325 1110 significationibus
1395 1027 1807 1091 formidantes
1875 1028 2090 1089 contra
2155 1025 2321 1088 illius
2381 1024 2769 1088 uoluntatem

481 1132 811 1213 quicquam
861 1132 1192 1195 timeamus
1241 1132 1589 1195 admittere.
1668 1131 1807 1195 illos
1870 1131 2103 1193 etenim
2162 1129 2384 1192 timere
2448 1128 2773 1192 consueuit

478 1236 758 1299 humana
797 1241 1040 1316 natura,
1088 1255 1242 1318 quos
1289 1236 1601 1320 indignari
1648 1235 1841 1315 nouit,
1890 1239 1953 1298 et
1996 1237 2248 1297 ueretur
2294 1231 2635 1296 offendere:
2700 1237 2772 1294 ut

380 1351 386 1358 ·
479 1341 544 1403 in
589 1341 904 1405 nonnullis
951 1341 1344 1421 aequissimis
1389 1339 1699 1404 iudicibus
1748 1339 1905 1403 solet
1946 1338 2023 1402 ab
2056 1338 2175 1418 his,
2223 1337 2327 1419 qui
2359 1337 2564 1418 aliquo
2596 1340 2769 1400 reatu

479 1463 628 1508 suae
689 1446 1102 1510 conscientiae
1164 1446 1619 1526 remordentur,
1680 1445 1777 1507 ira
1834 1444 2021 1506 ultrix
2080 1443 2306 1522 timeri,
2369 1460 2493 1505 non
2540 1441 2773 1504 scilicet-

479 1550 642 1631 quod
689 1551 844 1612 haec
888 1551 953 1612 in
1000 1549 1224 1613 animis
1272 1567 1486 1613 eorum
1548 1550 1655 1631 qui
1714 1550 1874 1612 iuste
1932 1547 2259 1610 iudicaturi
2322 1551 2471 1610 sunt
2528 1550 2772 1628 pertur-

478 1654 644 1718 batio
677 1655 999 1734 consistat,
1049 1653 1159 1717 sed
1191 1655 1354 1736 qnod
1384 1655 1474 1717 ita
1519 1653 1940 1718 metuentibus
1987 1652 2091 1715 ille
2140 1651 2443 1715 sentiatur
2489 1650 2770 1728 affectus,

479 1759 582 1839 qui
629 1776 739 1840 pro
788 1760 1177 1823 exsecutione
1223 1759 1440 1842 legum
1486 1762 1548 1822 et
1596 1758 2046 1821 examinatione
2108 1756 2377 1819 iustitiae
2440 1758 2501 1818 et
2561 1753 2773 1835 aequi-

479 1863 806 1926 libratione
853 1863 1149 1945 procedit.
1229 1882 1386 1945 qnae
1434 1868 1649 1927 tamen
1696 1861 2083 1944 quantalibet
2128 1860 2318 1923 animi
2365 1859 2555 1922 fuerit
2596 1876 2773 1922 man-

482 1967 810 2031 suetudine
859 1985 930 2030 ac
975 1969 1228 2031 lenitate
1275 1968 1536 2050 prolata,
1585 1965 1662 2030 ab
1712 1967 1831 2046 his,
1879 1967 1983 2048 qui
2027 1983 2136 2048 pro
2179 1983 2289 2028 sno
2323 1964 2542 2027 merito
2574 1981 2775 2045 poena

483 2072 798 2153 plectendi
846 2075 1011 2152 sunt,
1060 2073 1230 2136 furor
1268 2072 1476 2155 grauis
1511 2076 1573 2134 et
1603 2072 1697 2134 ira
1730 2070 2099 2134 saeuissima
2129 2070 2451 2133 iudicatur.
2513 2068 2772 2150 longum
2858 2093 2887 2126 -.

482 2181 736 2239 estnec
781 2177 1128 2259 praesentis
1189 2177 1413 2258 operiS,
1476 2177 1530 2240 si
1591 2176 1971 2239 uoluerimus
2034 2175 2243 2238 omnia
2302 2191 2459 2254 quae
2522 2172 2596 2234 de
2659 2171 2771 2236 deo

481 2281 758 2344 humana
818 2281 1266 2364 significatione
1329 2281 1670 2364 figuraliter
1730 2281 1793 2343 in
1857 2279 2176 2362 scripturis
2240 2277 2405 2341 dicta
2466 2281 2613 2341 sunt
2672 2296 2774 2340 ex-

480 2386 754 2467 planare.
831 2386 984 2449 haec
1031 2385 1108 2448 ad
1153 2390 1548 2467 praesentem
1596 2384 2054 2465 necessitatem,
2103 2402 2259 2464 quae
2300 2385 2517 2446 contra
2548 2383 2771 2445 furoris

479 2490 699 2553 uitium
761 2490 1176 2572 pertinebant,
1240 2491 1463 2554 dixisse
1526 2490 1816 2569 sufficiat,
1878 2494 1949 2553 ut
2000 2490 2209 2553 nullus
2259 2489 2475 2551 exinde
2522 2485 2772 2551 sibimet

479 2595 866 2658 occasionem
916 2595 1117 2659 morbi
1163 2596 1504 2677 mortisque
1549 2600 1885 2678 perpetuae
1932 2614 2043 2677 per
2088 2594 2507 2677 ignorantiam
2543 2592 2769 2673 trahat,

479 2700 642 2762 unde
705 2700 1002 2763 sanctitas
1066 2704 1128 2763 et
1188 2700 1603 2763 inmortalitas
1665 2699 1829 2762 uit-ae
1894 2699 2233 2780 salutisque
2295 2698 2573 2761 remedia
2626 2715 2773 2760 con-

479 2804 821 2883 quii-untur.

565 2908 641 2971 V.
703 2908 922 2989 Itaque
986 2908 1326 2971 monachus
1390 2908 1468 2971 ad
1528 2907 1973 2991 perfectionem
2043 2907 2307 2970 tendens
2379 2910 2441 2969 et
2508 2923 2773 2988 agonem

481 3014 824 3095 spiritalem
868 3013 1148 3095 legitime
1197 3014 1450 3095 cupiens
1499 3014 1813 3077 decertare
1869 3013 1945 3076 ab
2010 3012 2180 3075 omni
2240 3012 2367 3075 irae
2428 3011 2771 3091 furorisque

480 3118 629 3181 uitio
691 3118 928 3180 alienus
992 3118 1268 3198 exsistat,
1331 3122 1392 3181 et
1447 3117 1658 3181 audiat
1711 3116 1855 3198 qnid
1903 3116 2020 3180 sibi
2065 3134 2177 3179 uas
2226 3116 2545 3179 elect-ionis
2592 3132 2771 3197 prae·
2858 3146 2883 3170 a

479 3222 691 3303 cipiat:
739 3222 1013 3301 omnis,
1060 3221 1279 3303 inquit,
1310 3222 1436 3309 ira·
1466 3227 1541 3285 et
1584 3222 2009 3304 indignatio
2056 3226 2125 3285 et
2166 3221 2444 3284 clamor
2478 3224 2549 3283 et
2576 3220 2773 3283 blas-

478 3326 774 3407 phemia
835 3326 1151 3390 tollatur
1213 3344 1248 3389 a
1307 3325 1520 3390 uobis
1584 3344 1745 3390 cum
1793 3326 1991 3389 omni
2038 3324 2330 3388 malitia
2376 3322 2548 3407 (cum
2596 3324 2771 3387 dicit:

687 3515 776 3583 26]
817 3514 951 3583 Eph.
979 3518 1028 3577 4,
1057 3518 1137 3569 31.

571 3692 594 3743 1
645 3688 709 3741 de
757 3688 853 3741 deo
907 3689 982 3742 G²
1097 3688 1244 3741 omni
1290 3688 1465 3755 (omne
1515 3689 1623 3756 11¹)
1668 3686 2068 3756 perturbatione
2115 3686 2245 3756 (-em
2296 3688 2390 3755 θ’)
2441 3688 2663 3741 GHTr:
2706 3686 2772 3741 ab

479 3775 625 3828 omni
645 3775 880 3843 perturb.
903 3776 986 3830 Lc
1043 3774 1396 3844 passibilitate
1415 3774 1963 3843 etperturbationcA
2044 3776 2077 3829 2
2102 3774 2345 3827 debimus
2367 3776 2451 3829 Πι
2558 3775 2773 3843 quodA

481 3866 513 3917 3
551 3863 734 3929 iniqua
769 3863 852 3917 Lc
956 3877 1236 3930 possumus
1274 3864 1327 3915 A
1439 3864 1474 3915 4
1511 3861 1616 3913 hiis
1642 3862 1709 3915 Η
1816 3865 1846 3915 7
1886 3868 2006 3929 post
2042 3860 2307 3914 offendere
2343 3862 2501 3915 addit
2526 3865 2603 3915 A:
2641 3877 2774 3929 quos

479 3950 581 4001 scit
617 3950 696 4001 ira
733 3948 963 4003 moueri.-
998 3967 1098 4004 om.
1144 3949 1396 4003 GHLTv
1501 3952 1534 4004 8
1573 3949 1637 4001 iis
1662 3949 1730 4002 H
1732 3951 1745 3982 ¹
1857 3951 1922 4002 10
1958 3946 2291 4016 perturbatio
2330 3948 2530 4003 HL2v:
2564 3952 2773 4016 pertur-

480 4036 692 4090 batione
729 4036 973 4089 AGL¹T
1108 4040 1168 4091 11
1211 4035 1350 4103 quod
1388 4053 1489 4090 om.
1529 4036 1580 4089 L
1714 4034 2076 4088 metuentibus
2113 4054 2214 4090 om.
2256 4038 2307 4089 A
2439 4034 2656 4089 effectus
2698 4036 2775 4089 (3²

483 4126 547 4178 12
595 4124 927 4176 (excusatione
973 4123 1025 4177 L
1167 4126 1221 4175 et
1261 4130 1390 4191 post
1433 4122 1616 4190 legum
1662 4140 1764 4178 om.
1804 4124 1938 4177 ATr
2082 4124 2145 4177 14
2187 4122 2291 4175 hiis
2330 4124 2413 4177 ΙΙι
2556 4138 2658 4193 que
2695 4123 2772 4177 L¹

484 4214 544 4267 17
585 4210 865 4263 scribturis
904 4210 1036 4263 AG¹
1143 4213 1212 4264 20
1249 4210 1605 4263 occassionem
1645 4211 1712 4264 Η
1815 4208 2013 4262 morbis
2051 4210 2104 4264 L
2209 4212 2278 4265 24
2315 4210 2555 4276 legitime
2591 4228 2693 4264 om.
2718 4210 2773 4263 L

481 4298 560 4350 ira
594 4298 647 4351 L
754 4301 820 4352 25
860 4296 1051 4349 exist-at
1091 4297 1282 4350 G²HL
1397 4296 1612 4365 Fcepiat
1652 4297 1724 4350 (p
1841 4299 1911 4351 26
1950 4296 2136 4363 inquid
2176 4298 2300 4351 All
2399 4297 2681 4349 blasfemia
2718 4300 2774 4351 A

479 4388 546 4439 27
586 4386 860 4437 auferatur
897 4385 966 4437 H

2832 1573 2885 1608 10

2830 2616 2886 2653 ²0
