3167 4975
523 393 648 454 174
1337 391 1657 446 Iohannis
1702 392 2003 448 Cassiani

519 566 1050 631 commorantibus
1083 566 1365 631 infestior
1395 567 1593 632 hostis
1627 585 1698 631 ac
1727 567 2041 650 frequens,
2090 569 2358 632 maxime
2399 568 2563 630 circa
2592 567 2815 631 horam

519 674 761 735 sextam
794 672 1168 736 monachum
1203 670 1575 752 inquietanS,
1623 677 1695 734 ut
1726 671 2029 753 quaedam
2072 671 2263 735 febris
2310 672 2609 754 ingruens
2654 676 2815 735 tem-

517 794 666 858 pore
710 777 1083 857 praestituto
1129 776 1603 840 ardentissimos
1651 780 1859 840 aestus
1922 777 2349 840 accessionum
2406 795 2660 840 suarum
2716 793 2816 840 so-

517 880 644 944 litis
691 899 763 944 ac
809 881 1059 945 statutis
1106 881 1273 944 horis
1321 882 1568 945 animae
1614 881 1890 944 inferens
1940 880 2307 963 aegrotanti.
2355 881 2619 962 denique
2661 899 2817 944 non-

520 985 674 1049 nulli
722 1004 946 1049 senum
991 985 1158 1049 hunc
1205 1004 1341 1048 esse
1371 985 1782 1066 pronuntiant
1820 985 2232 1048 meridianum
2274 984 2663 1064 daemonem,
2713 985 2816 1065 qui

517 1091 582 1153 in
628 1090 872 1171 psalmo
918 1090 1372 1173 nonagensimo
1419 1093 1837 1171 nuncupatur.

603 1194 690 1258 H.
739 1192 859 1273 Qui
909 1212 1052 1258 cum
1101 1193 1529 1258 miserabilem
1573 1192 1889 1258 obsederit
1934 1197 2235 1274 mentem,
2298 1193 2615 1258 horrorem
2676 1192 2815 1271 loci,

520 1299 714 1363 cellae
747 1298 1096 1378 fastidium,
1144 1299 1414 1363 fratrum
1447 1316 1713 1380 quoque,
1761 1297 1868 1380 qui
1910 1317 2053 1361 cum
2103 1317 2173 1362 eo
2220 1298 2321 1362 uel
2368 1298 2614 1361 eminus
2646 1315 2817 1361 com-

519 1406 864 1483 morantur,
901 1405 1226 1484 tamquam
1256 1403 1727 1486 neglegentium
1762 1420 1834 1466 ac
1863 1403 2077 1466 minus
2110 1401 2489 1484 spiritalium
2520 1419 2817 1484 asperna-

520 1508 752 1572 tionem
799 1506 1006 1590 gignit
1053 1510 1239 1588 atque
1287 1510 1737 1590 contemptum.
1810 1507 1887 1570 ad
1934 1524 2119 1570 omne
2151 1524 2396 1588 quoque
2428 1523 2605 1588 opuS‚
2651 1505 2815 1587 quod

519 1613 685 1676 intra
732 1615 950 1695 saepta
997 1612 1096 1675 sui
1141 1609 1367 1675 cubilis
1415 1614 1532 1692 est,
1579 1611 1735 1676 facit
1763 1611 2045 1675 desidem
2078 1614 2141 1674 et
2172 1611 2466 1675 inertem:
2515 1628 2640 1674 non
2672 1629 2815 1673 eum

520 1717 584 1781 in
618 1717 844 1781 cellula
873 1716 1163 1797 residere,
1210 1734 1334 1782 non
1367 1733 1624 1798 operam
1657 1717 1809 1780 sinit
1842 1716 2180 1799 inpendere
2212 1716 2483 1780 lectioni.
2536 1715 2815 1796 nihilque

521 1841 588 1885 se
648 1819 945 1904 proficere
1011 1824 1189 1885 tanto
1251 1826 1532 1903 tempore
1594 1821 1661 1884 in
1722 1821 1941 1884 eadem
1996 1825 2491 1885 commorantem
2538 1818 2817 1884 crebrius

521 1926 894 2008 ingemescit
955 1943 1069 1988 nec
1130 1925 1362 1988 habere
1417 1944 1486 1988 se
1535 1926 1811 1989 fructum
1859 1925 2133 2006 aliquem
2194 1925 2563 2008 spiritalem,
2624 1924 2819 1988 donec

520 2031 711 2094 fuerit
765 2030 856 2094 illi
909 2031 1218 2094 consortio
1279 2029 1627 2110 copulatuS,
1688 2029 1969 2110 queritur
2028 2034 2217 2112 atque
2278 2030 2553 2112 suspirat
2614 2033 2679 2093 et
2736 2029 2815 2092 ab

522 2134 694 2198 omni
754 2153 821 2198 se
883 2133 1053 2198 dolet
1115 2133 1381 2216 spiritali
1443 2137 1711 2214 quaestu
1770 2132 2023 2198 inanem
2085 2134 2151 2197 in
2218 2135 2355 2198 loco
2423 2151 2817 2215 uacuumque

523 2239 885 2318 consistere,
933 2241 1150 2320 utpote
1203 2237 1330 2320 qui,
1377 2256 1523 2301 cum
1568 2241 1783 2320 posset
1830 2238 2020 2302 etiam
2068 2238 2223 2302 alios
2270 2257 2484 2322 regere
2533 2255 2605 2302 ac
2634 2238 2819 2321 prod-

523 2364 660 2408 esse
705 2344 1014 2427 plurimiS‚
1080 2344 1326 2408 nullum
1372 2343 1798 2408 aedificauerit
1838 2361 1951 2406 nec
1998 2361 2377 2426 quemquam
2422 2343 2817 2407 institutione

526 2443 660 2514 sua'
687 2449 1092 2531 doctrinaque
1137 2448 1416 2512 lucratus
1465 2447 1568 2512 sit.
1641 2446 1929 2512 absentia
1974 2447 2281 2531 longeque
2320 2448 2527 2531 posita
2574 2447 2816 2531 magni-

523 2554 672 2619 ficat
718 2555 1120 2635 monasteria,
1182 2554 1320 2618 loca
1366 2554 1558 2618 etiam
1604 2554 1715 2618 illa
1758 2554 1963 2637 magis
2010 2554 2089 2617 ad
2134 2553 2483 2637 profectum
2530 2553 2712 2617 utilia
2756 2558 2821 2617 et

525 2659 716 2723 saluti
763 2659 1244 2743 congruentiora
1290 2657 1609 2738 describit,
1658 2657 1971 2722 consortia
2008 2676 2251 2740 quoque
2284 2657 2520 2722 ibidem
2550 2657 2819 2721 fratrum

527 2764 750 2828 suauia
791 2769 856 2828 et
898 2764 1088 2846 plena
1131 2763 1398 2846 spiritali
1445 2763 1919 2827 conuersatione
1967 2762 2278 2846 depingit:
2343 2782 2376 2825 e
2432 2766 2651 2826 contra
2678 2763 2821 2825 uni-

525 2886 708 2932 uersa
766 2886 927 2950 quae
988 2866 1302 2931 habentur
1357 2868 1423 2932 in
1469 2866 1766 2931 manibus
1815 2885 2055 2950 aspera,
2120 2871 2184 2930 et
2227 2885 2353 2930 non
2401 2867 2605 2931 solum
2654 2866 2822 2931 aedi-

526 2970 880 3036 ficationem
931 2972 1170 3035 nullam
1219 2990 1354 3035 esse
1401 2972 1466 3035 in
1514 2972 1837 3053 fratribuS,
1885 2971 1991 3053 qui
2038 2974 2363 3036 morantur
2408 2972 2473 3035 in
2504 2971 2660 3051 loco,
2708 2972 2819 3035 sed

527 3096 604 3140 ne
651 3078 860 3160 ipsum
907 3076 1156 3158 quidem
1203 3078 1442 3140 uictum
1492 3076 1766 3159 corporis
1814 3075 2050 3158 absque
2096 3076 2337 3159 ingenti
2401 3075 2611 3139 labore
2671 3094 2821 3139 con-

525 3182 704 3264 quiri.
782 3185 1097 3265 postremo
1159 3199 1283 3245 non
1343 3199 1526 3263 posse
1590 3200 1656 3243 se
1718 3182 1951 3245 saluar-i
2012 3180 2077 3244 in
2140 3198 2211 3243 eo
2271 3182 2406 3244 loco
2462 3181 2819 3260 durantem,

525 3286 648 3351 nisi
679 3286 901 3349 relicta
933 3286 1110 3365 cella,
1157 3304 1302 3348 cum
1333 3303 1457 3366 qua
1488 3285 1631 3365 sibi,
1680 3286 1733 3349 si
1766 3285 1967 3349 adhuc
1999 3286 2065 3349 in
2098 3303 2173 3349 ea
2212 3285 2403 3349 fuerit
2446 3288 2819 3364 remoratus,

736 3424 793 3492 6]
833 3422 919 3476 Ps.
947 3426 1030 3487 90,
1058 3426 1106 3477 6.

615 3565 648 3619 3
686 3560 1056 3616 acerbissimos
1080 3564 1135 3616 A
1242 3562 1613 3615 accensionum
1649 3561 1880 3617 AG¹Hc
1982 3564 2015 3617 4
2054 3561 2219 3615 infert
2253 3562 2399 3616 AH²
2502 3560 2699 3615 inferre
2734 3562 2823 3617 Ηι

527 3654 559 3707 5
584 3650 797 3718 senum]
824 3650 968 3716 enirn
993 3650 1062 3703 H
1150 3649 1504 3719 prenuntiant
1527 3650 1580 3704 L
1677 3649 1991 3702 doemonem
2016 3652 2089 3703 G¹
2186 3651 2217 3703 6
2244 3649 2625 3717 nonagensimo
2649 3648 2825 3704 6¹8¹.-

528 3736 870 3805 nonagesimo
905 3738 1020 3791 rell.
1137 3739 1165 3791 7
1203 3754 1316 3791 ‘non
1353 3737 1699 3805 dist-inquient
1735 3737 1861 3790 ΛΗ
1862 3738 1910 3789 Τ
1972 3754 2257 3791 numerum
2292 3754 2395 3791 om.
2428 3738 2478 3791 G
2600 3734 2821 3789 obsede-

525 3827 610 3878 ret
645 3826 712 3878 H
715 3826 728 3859 ¹
853 3826 886 3879 8
923 3822 1201 3877 fastidium
1239 3826 1460 3890 generat
1483 3825 1552 3877 H
1648 3822 1785 3875 uelle
1812 3823 1988 3875 minus
2014 3824 2067 3877 L
2174 3826 2207 3878 9
2234 3822 2429 3890 neglig.
2461 3823 2533 3875 G¹
2642 3838 2823 3891 asper-

528 3911 800 3965 nationem
837 3928 937 3965 om.
965 3912 1018 3965 L
1131 3913 1194 3965 10
1222 3913 1551 3964 contemtum
1578 3911 1631 3963 A
1734 3914 1792 3965 ll
1824 3913 1974 3979 septa
1998 3910 2151 3965 codd.
2250 3908 2507 3963 cubiculis
2535 3911 2607 3963 L¹
2670 3907 2823 3962 cubi-

529 3997 634 4052 culi
672 3997 867 4052 HL²T
998 3998 1062 4053 12
1099 3996 1232 4049 cella
1265 3999 1408 4052 HTv
1537 3996 1730 4049 cellula
1768 3998 1818 4050 L
1950 4014 2044 4049 nec
2087 4012 2301 4066 operam
2338 3998 2433 4050 Hv
2562 3996 2701 4049 sinet
2734 3997 2821 4050 Ηι

532 4086 596 4139 13
621 4084 872 4153 proficere
897 4083 1124 4136 lectione
1149 4084 1202 4138 L
1311 4085 1378 4139 14
1412 4083 1719 4151 ingemiscit
1747 4084 1910 4137 G2H2
2019 4086 2080 4139 17
2108 4086 2295 4152 utpute
2320 4084 2387 4138 H
2390 4086 2403 4117 ¹
2510 4082 2679 4151 possit
2702 4084 2823 4137 HL

529 4170 692 4224 ctiam
729 4189 829 4227 om.
871 4172 924 4225 A
1065 4173 1134 4226 20
1169 4170 1464 4239 perfectum
1505 4172 1570 4225 ΙΙ
1704 4172 1768 4225 21
1811 4186 2045 4238 quaeque-
2082 4174 2135 4223 A
2266 4174 2333 4225 22
2371 4187 2399 4221 o
2436 4188 2537 4225 om.
2576 4171 2643 4224 H
2768 4172 2825 4224 et

531 4264 715 4312 contra
750 4259 803 4312 L
929 4260 996 4313 24
1034 4262 1433 4311 commorantur
1469 4260 1535 4312 H
1655 4262 1723 4313 26
1762 4275 1815 4311 se
1852 4276 1955 4313 om.
1990 4260 2045 4311 L
2172 4257 2397 4311 durante
2434 4259 2487 4311 A
2611 4260 2678 4311 27
2716 4256 2825 4310 sibi

530 4345 600 4414 si]
626 4344 728 4413 sibi
754 4346 806 4399 L

2876 1530 2927 1566 10

2879 2052 2933 2090 15

2877 2584 2935 2621 20
