3167 4975
525 422 649 486 182
1325 425 1647 479 Iohannis
1695 423 1998 480 Cassiani

519 601 825 684 gentium.
901 602 1291 684 praedicator
1337 602 1645 684 euangelii
1692 601 1842 665 dicit
1887 621 1953 664 se
2001 619 2124 665 non
2177 602 2374 684 gratis
2438 619 2667 684 panem
2730 598 2807 664 ab

521 705 727 787 aliquo
791 705 1224 785 manducasse,
1286 706 1392 788 qui
1453 706 1630 770 nouit
1690 705 2013 770 dominum
2068 707 2486 789 praecepisse,
2548 709 2629 768 ut
2686 705 2811 786 qui

521 811 997 893 euangelium
1029 811 1480 876 denuntiant
1515 813 1602 874 de
1650 810 2043 894 euangelio
2088 811 2381 890 uiuant,
2430 813 2495 874 et
2522 827 2804 874 rursum:

434 922 468 974 2
517 913 786 997 dignus
834 919 950 978 est
992 916 1379 997 operarius
1426 915 1594 980 cibo
1642 933 1792 979 suo.
1857 934 2002 979 cum
2032 917 2251 996 utique
2283 933 2407 979 non
2438 915 2660 998 gratiS,
2706 915 2815 996 qui

522 1020 920 1104 euangelium
965 1019 1388 1103 praedicabat,
1437 1023 1570 1084 tam
1612 1019 1881 1084 sublime
1916 1039 1987 1084 ac
2020 1020 2301 1102 spiritale
2333 1039 2489 1103 opus
2522 1038 2813 1083 exercens

520 1123 730 1188 cibum
763 1123 884 1188 sibi
924 1125 1270 1189 dominicae
1309 1125 1605 1188 iussionis
1640 1125 2007 1189 auctoritate
2038 1128 2488 1207 praesumeret,
2521 1123 2671 1206 quid
2700 1140 2813 1188 nos

521 1229 845 1309 faciemuS,
907 1229 1136 1310 quibus
1191 1247 1316 1293 non
1362 1229 1567 1293 solum
1615 1229 1789 1294 nulla
1832 1229 2212 1312 praedicatio
2260 1229 2435 1293 uerbi
2481 1228 2816 1293 commissa

521 1337 638 1413 est,
686 1334 792 1397 sed
840 1353 920 1397 ne
965 1335 1096 1398 ulla
1140 1333 1395 1417 quidem
1441 1333 1562 1398 nisi
1610 1334 1855 1398 animae
1902 1337 2153 1397 nostrae
2200 1333 2393 1397 solius
2440 1351 2592 1398 cura
2636 1351 2814 1396 man-

521 1439 745 1502 datur?
837 1456 962 1520 qua
1019 1439 1247 1502 fiducia
1307 1438 1524 1503 otiosis
1588 1438 1879 1503 manibus
1940 1438 2137 1522 gratis
2197 1456 2427 1522 panem
2491 1437 2815 1502 comedere

521 1543 920 1623 audebimuS,
989 1561 1176 1625 quem
1247 1561 1359 1607 uas
1429 1543 1778 1623 electioniS‚
1848 1542 2215 1626 euangelica
2274 1542 2689 1606 sollicitudine
2752 1545 2817 1606 et

519 1647 979 1732 praedicatione
1040 1648 1434 1727 constrictus,
1497 1648 1635 1712 sine
1696 1667 1881 1731 opere
1942 1665 2250 1711 manuum
2311 1646 2637 1712 comedere
2690 1665 2815 1711 non

519 1752 884 1835 praesumit,
947 1753 1074 1816 sed
1135 1753 1207 1816 in
1251 1751 1540 1832 labore,
1589 1751 1813 1834 inquit,
1862 1755 1933 1816 et
1976 1752 2436 1836 fatigatione
2481 1754 2698 1816 nocte
2746 1756 2818 1815 et

434 1867 468 1920 3
518 1858 634 1922 die
690 1861 1116 1940 operante3‚
1180 1875 1266 1920 ne
1326 1875 1544 1938 quem
1605 1861 1939 1920 uestrum
1999 1859 2541 1940 grauaremus‘?
2617 1856 2817 1920 adhuc

523 1961 948 2025 additamenta
992 1979 1140 2024 suae
1187 1961 1620 2046 castigationis
1662 1965 2015 2045 exaggerat.
2088 1979 2215 2026 non
2247 1962 2413 2024 enim
2446 1961 2817 2043 simpliciter

521 2067 675 2130 dixit
723 2069 866 2130 ‘non
914 2065 1300 2130 comedimus
1346 2068 1543 2150 gratis
1590 2085 1822 2149 panem
1870 2067 1946 2130 ab
1996 2067 2205 2148 aliquo
2246 2067 2552 2130 uestrum'
2602 2068 2665 2129 et
2694 2065 2817 2128 huc

522 2190 720 2253 usque
767 2171 944 2235 stetit
989 2171 1264 2254 (poterat
1311 2171 1480 2236 enim
1526 2171 1727 2235 uideri
1771 2171 2020 2254 proprio
2066 2171 2387 2253 otiosoque
2434 2173 2689 2253 sumptu
2744 2187 2818 2232 ac

521 2277 842 2341 recondita
899 2277 1167 2360 pecunia
1225 2277 1328 2340 uel
1374 2277 1663 2356 aliorum,
1725 2275 1875 2340 licet
1935 2294 2057 2340 non
2116 2277 2405 2356 istorum,
2466 2273 2817 2338 conlatione

524 2401 633 2445 sen
681 2380 1046 2446 muneribus
1095 2383 1486 2444 sustentatus
1533 2379 1779 2464 fuisse),
1828 2380 1955 2444 sed
2016 2380 2089 2444 in
2134 2380 2419 2460 labore,
2476 2379 2701 2461 inquit,
2749 2382 2820 2443 et

523 2486 978 2571 fatigatione
1033 2491 1248 2551 nocte
1310 2490 1383 2551 et
1442 2485 1560 2550 die
1623 2489 2057 2569 operanteS,
2119 2485 2181 2549 id
2230 2490 2327 2549 est
2372 2488 2586 2549 nostro
2634 2502 2818 2567 opere

525 2592 876 2674 specialiter
923 2592 1278 2656 sustentati.
1354 2598 1416 2655 et
1461 2592 1599 2670 hoc,
1644 2591 1865 2672 inquit,
1914 2609 2040 2655 non
2085 2608 2197 2673 pro
2230 2593 2445 2654 nostra
2488 2590 2819 2654 uoluntate

521 2696 1039 2778 perpetrabamus
1089 2715 1217 2760 nec
1270 2714 1382 2779 pro
1437 2694 1871 2775 delectatione,
1934 2697 2006 2759 ut
2048 2696 2293 2776 requies
2340 2698 2405 2757 et
2452 2693 2819 2757 exercitium

525 2800 798 2882 corporis
842 2798 1172 2880 inuitabat,
1231 2800 1340 2865 sed
1386 2804 1457 2864 ut
1501 2800 1849 2864 necessitas
1896 2804 1959 2863 et
2002 2799 2215 2883 inopia
2256 2799 2466 2863 uictus
2514 2816 2638 2862 non
2684 2799 2819 2862 sine

524 2904 765 2989 ingenti
836 2904 1203 2988 fatigatione
1273 2906 1544 2989 corporis
1616 2906 1818 2969 facere
1893 2902 2303 2987 conpellebat.
2413 2921 2537 2967 non
2614 2903 2821 2967 solum

527 3027 798 3090 namque
843 3028 954 3091 per
997 3013 1202 3073 totum
1249 3010 1372 3073 diei
1420 3011 1715 3093 spatium,
1764 3009 1874 3073 sed
1920 3009 2111 3073 etiam
2158 3009 2379 3089 noctis,
2426 3009 2592 3091 quod
2624 3008 2820 3091 quieti

526 3114 800 3196 corporis
847 3114 1097 3177 uidetur
1141 3114 1476 3195 indultum,
1523 3114 1641 3178 hoc
1686 3132 1842 3198 opus
1890 3132 2195 3179 manuum
2233 3131 2345 3197 pro
2378 3131 2557 3177 escae
2589 3112 2822 3176 sollici-

531 3218 742 3283 tudine
786 3218 1216 3283 indesinenter
1263 3218 1630 3303 arguebam.

734 3409 792 3477 2]
832 3409 857 3462 1
895 3408 1011 3465 Cor.
1039 3412 1088 3473 9,
1118 3412 1198 3466 14.
1293 3410 1350 3478 4]
1389 3410 1581 3463 Matth.
1612 3412 1691 3473 10,
1724 3414 1801 3465 10.
1914 3409 1997 3479 12]
2039 3408 2094 3464 11
2132 3409 2313 3464 Thess,
2342 3358 2391 3473 bt,
2417 3412 2465 3466 8.
2579 3408 2665 3477 18]
2702 3408 2737 3461 l.
2774 3424 2819 3461 c.

614 3607 648 3660 2
686 3602 845 3656 deum
883 3603 936 3656 L
1041 3602 1356 3672 praecipisse
1395 3603 1462 3656 H
1563 3605 1597 3657 3
1634 3600 1961 3655 adnuntiant
1983 3602 2038 3655 A
2062 3608 2111 3656 et
2146 3603 2301 3671 Παῖς.
2408 3602 2735 3657 uocabulum
2758 3602 2824 3654 in

535 3692 582 3747 0
601 3693 830 3771 manarat
935 3706 1121 3744 rursus
1157 3692 1267 3745 AL
1372 3692 1405 3745 4
1449 3706 1570 3743 cum
1609 3690 1791 3757 utique
1824 3732 1835 3743 .
1872 3732 1883 3743 .
1925 3732 1935 3742 .
1971 3692 2003 3743 9
2042 3704 2145 3757 qua
2179 3688 2379 3742 fiducia
2413 3688 2521 3741 otio
2560 3689 2674 3741 iam
2710 3706 2825 3743 mm

530 3780 634 3849 leyi
667 3784 902 3849 possunt
936 3780 1000 3831 in
1039 3777 1086 3832 G
1215 3782 1246 3831 5
1285 3778 1367 3845 ac]
1407 3780 1462 3829 et
1499 3778 1568 3851 H
1686 3792 1920 3829 exercere
1962 3776 2035 3829 θ’
2159 3779 2192 3832 8
2228 3792 2326 3828 nec
2366 3776 2450 3831 Gv
2560 3777 2593 3829 9
2629 3774 2827 3827 fidutia

528 3867 646 3921 HL
757 3867 817 3920 11
847 3880 1006 3933 opera
1032 3866 1086 3919 L
1183 3866 1248 3919 12
1273 3863 1460 3931 inquid
1494 3862 1663 3917 CAH
1752 3866 1803 3915 et
1829 3870 1954 3917 ante
1979 3862 2063 3916 die
2088 3881 2189 3918 om.
2222 3862 2269 3917 C
2364 3866 2429 3918 13
2462 3876 2749 3930 grauemus
2780 3860 2829 3916 0

535 3955 597 4008 14
624 3950 955 4005 aditamenta
982 3952 1029 4006 G
1100 3950 1254 4004 addit
1277 3954 1331 4003 et
1357 3953 1647 4018 augmenta
1670 3951 1786 4003 HL
1885 3952 1947 4005 15
1974 3949 2141 4017 gratis
2164 3968 2267 4005 om.
2296 3951 2363 4004 H
2452 3954 2506 4002 et
2526 3949 2635 4003 huc
2656 3963 2827 4015 usque

531 4037 707 4107 stetit]
747 4056 851 4093 ras.
880 4038 1004 4094 circ.
1032 4042 1103 4093 10
1139 4038 1240 4092 litt.
1281 4038 1342 4091 in
1382 4038 1432 4091 G
1539 4036 1644 4089 huc
1681 4054 1782 4091 om.
1814 4036 1861 4091 S
1965 4039 2029 4091 16
2066 4036 2280 4105 proprio
2316 4052 2411 4090 suo
2436 4038 2489 4091 L
2598 4036 2661 4090 17
2700 4049 2827 4087 con-

533 4125 789 4179 solatione
825 4126 879 4179 L
989 4128 1053 4181 18
1091 4126 1420 4178 sustentatos
1461 4125 1534 4177 L1
1642 4122 1829 4191 inquid
1859 4124 2063 4177 AG¹H
2162 4126 2231 4179 20
2268 4122 2555 4177 sustentari
2583 4122 2636 4176 L
2742 4120 2827 4173 in—

533 4211 662 4281 quid
693 4212 943 4267 CAG¹H
1041 4215 1106 4267 21
1139 4213 1235 4265 aut
1259 4211 1466 4279 requie*
1498 4210 1575 4279 (m
1602 4212 1759 4279 era-5.)
1785 4210 1875 4263 sed
1903 4212 1955 4265 L
2062 4214 2129 4265 22
2155 4210 2229 4278 et]
2260 4210 2351 4263 sed
2386 4212 2447 4263 ut
2472 4210 2524 4263 L
2596 4210 2664 4264 24
2688 4214 2830 4261 tem-

531 4316 660 4369 pore
699 4299 870 4353 noctis
908 4300 977 4354 H
1027 4299 1212 4357 ,noctis
1248 4302 1486 4367 tempore
1526 4316 1554 4353 υ
1660 4300 1727 4352 26
1764 4297 2059 4368 urguebam
2099 4296 2226 4353 GL.-
2270 4296 2527 4366 urgebam
2556 4297 2609 4353 G
2643 4313 2711 4352 ex
2742 4295 2829 4348 ui-

534 4386 728 4459 gebam
835 4385 1100 4457 urguebat
1131 4388 1186 4441 A
1259 4383 1485 4454 urgebat
1520 4386 1641 4440 HT

2874 1569 2927 1608 1⁰

2880 2091 2933 2130 15
