3167 4975
277 1617 328 1655 10

274 2140 324 2178 15

263 3182 314 3220 25

1173 473 1334 528 Inst.
1372 474 1481 528 lib.
1519 473 1644 539 VII,
1688 477 1904 531 19—23.
2558 473 2682 539 145

477 650 681 714 XXII.
729 651 1034 715 Possibile
1095 669 1367 733 namque
1429 655 1526 715 est
1585 653 1774 716 etiam
1836 671 1960 716 non
2020 651 2361 716 habentem
2417 669 2522 715 eas
2569 671 2679 715 ne-

389 773 704 838 quaquam
751 756 1100 840 filargyriae
1147 756 1366 820 morbo
1412 775 1622 820 carere
1677 757 1954 839 nihilque
2016 757 2072 820 ei
2131 757 2427 840 prodesse
2488 756 2680 821 bene-

385 859 596 924 ficium
645 861 968 940 nuditatiS,
1027 862 1172 943 quia
1229 861 1584 944 cupiditatis
1646 861 1869 926 uitium
1930 880 2213 926 resecare
2272 879 2397 926 non
2458 861 2678 941 ualuit,

386 965 771 1048 paupertatis
825 965 985 1030 bono
1041 983 1164 1030 non
1217 965 1464 1030 uirtutis
1512 967 1737 1030 merito
1782 966 2127 1030 delectatus
2176 969 2241 1030 et
2285 966 2677 1030 necessitatis

387 1088 574 1133 onere
605 1087 730 1133 non
762 1071 896 1133 sine
929 1071 1128 1134 cordis
1159 1071 1460 1153 languore
1506 1073 1857 1134 contentus
1922 1069 2451 1152 quemadmodum
2486 1070 2673 1134 etiam

385 1191 638 1257 corpore
685 1194 808 1239 non
855 1175 1124 1258 pollutos
1173 1175 1570 1257 euangelicus
1617 1193 1824 1238 sermo
1868 1175 2232 1257 pronuntiat
2277 1175 2459 1239 corde
2504 1193 2676 1240 moe-

385 1279 622 1359 chatoS,
667 1279 756 1343 ita
799 1279 1098 1362 pecuniae
1145 1297 1389 1362 quoque
1432 1279 1706 1362 pondere
1754 1279 2009 1342 minime
2056 1278 2401 1343 sarcinatos
2446 1279 2673 1344 affectu

385 1401 457 1446 ac
502 1387 713 1448 mente
761 1403 904 1447 cum
951 1383 1257 1467 filargyris
1289 1383 1693 1448 condemnari
1722 1384 2019 1468 possibile
2053 1387 2178 1448 est:
2226 1384 2470 1448 occasio
2502 1384 2673 1448 enim

385 1488 473 1550 eis
533 1487 806 1552 habendi
867 1488 1088 1569 defuit,
1151 1507 1278 1552 non
1341 1489 1667 1569 uoluntas,
1727 1507 1887 1571 quae
1949 1508 2198 1572 semper
2258 1489 2423 1573 apud
2485 1490 2671 1553 deum

384 1594 544 1657 solet
589 1593 790 1676 magis
829 1611 1018 1675 quam
1051 1593 1394 1658 necessitas
1426 1594 1728 1658 coronari.
1790 1593 1998 1676 itaque
2029 1592 2458 1658 festinandum
2492 1592 2671 1658 nobis

382 1701 505 1777 est,
569 1717 647 1760 ne
707 1697 770 1760 in
816 1715 1053 1761 uanum
1098 1697 1388 1762 laborum
1434 1701 1792 1763 nostrorum
1838 1699 2265 1763 emolumenta
2311 1699 2667 1781 depereant.

381 1801 733 1866 miserabile
779 1820 1051 1883 namque
1099 1807 1196 1866 est
1239 1803 1626 1886 paupertatis
1674 1822 1746 1867 ac
1777 1803 2078 1868 nuditatis
2112 1803 2312 1867 exitus
2346 1803 2669 1882 tolerasse,

381 1905 618 1969 fructus
665 1925 813 1970 uero
860 1925 1076 1971 earum
1123 1926 1338 1972 cassae
1385 1908 1728 1972 uoluntatis
1778 1908 1930 1972 uitio
1974 1907 2339 1991 perdidisse.

463 2009 702 2073 XXIII.
769 2010 876 2074 Uis
931 2029 1114 2074 nosse
1161 2030 1354 2093 quam
1398 2013 1765 2095 perniciose,
1811 2030 2002 2095 quam
2048 2012 2233 2077 noxie·
2272 2013 2473 2076 fomes
2526 2012 2668 2092 iste,

377 2115 495 2178 nisi
544 2115 732 2178 fuerit
776 2114 1111 2198 diligenter
1158 2116 1423 2197 excisuS,
1485 2117 1562 2180 ad
1626 2117 1759 2180 eius
1804 2116 2129 2181 interitum
2176 2117 2283 2199 qui
2330 2135 2475 2180 eum
2521 2135 2667 2180 con-

375 2220 607 2300 ceperit
677 2220 928 2283 fruticet
999 2225 1062 2284 et
1128 2220 1482 2304 omnigenis
1549 2221 1817 2304 pullulet
1874 2220 2256 2285 ramunculis
2325 2221 2665 2285 uitiorum?

373 2323 610 2406 respice
669 2323 894 2388 Iudam
961 2325 1388 2406 apostolorum
1456 2343 1721 2389 numero
1788 2325 2183 2408 deputatum,
2253 2325 2403 2407 quia
2468 2326 2667 2390 noluit

373 2429 680 2511 serpentis
713 2427 894 2492 huius
927 2431 1116 2512 caput
1145 2429 1334 2494 letale
1367 2432 1711 2511 conterere,
1758 2430 2026 2513 qualiter
2069 2449 2217 2495 eum
2262 2449 2375 2495 suo
2420 2449 2664 2496 ueneno

372 2532 708 2614 peremerit
755 2536 818 2596 et
877 2534 1417 2616 concupiscentiae
1477 2535 1715 2617 laqueis
1776 2534 2100 2599 inretitum
2163 2536 2241 2599 ad
2300 2553 2493 2618 quam
2552 2535 2663 2599 ab·

371 2636 538 2717 rupti
584 2637 927 2719 praecipitii
987 2639 1222 2702 crimen
1283 2639 1609 2721 inpegerit,
1671 2642 1742 2703 ut
1797 2639 2257 2722 redemptorem
2320 2640 2538 2704 mundi
2601 2644 2663 2705 et

371 2740 684 2804 humanae
731 2741 954 2805 salutis
1002 2745 1322 2806 auctorem
1375 2744 1637 2826 triginta
1697 2744 2008 2827 argenteis
2068 2744 2450 2827 persuaserit
2506 2764 2662 2809 uen-

371 2845 534 2908 dere.
611 2846 716 2927 qui
763 2866 1157 2930 nequaquam
1207 2852 1374 2911 esset
1421 2848 1498 2912 ad
1555 2852 1685 2913 tam
1747 2850 2083 2913 scelestum
2142 2848 2507 2933 proditionis
2568 2849 2662 2913 fa-

369 2949 544 3013 cinus
592 2950 946 3031 deuolutus,
993 2952 1046 3014 si
1092 2970 1217 3015 non
1263 2952 1616 3036 filargyriae
1662 2953 1879 3017 morbo
1926 2954 2149 3018 fuisset
2192 2954 2483 3035 infectuS,
2544 2973 2660 3017 nec

369 3052 710 3117 dominicae
742 3054 1092 3138 negationis
1125 3076 1268 3120 reus
1301 3057 1644 3141 sacrilegus
1692 3058 2017 3139 extitisset,
2066 3058 2187 3123 nisi
2231 3058 2404 3141 prius
2436 3058 2658 3123 solitus

324 3152 327 3156 ⁴
365 3157 592 3221 fuisset
635 3159 902 3223 creditos
951 3159 1068 3223 sibi
1112 3160 1348 3225 loculos
1395 3161 1727 3244 conpilare.

574 3330 630 3399 6]
670 3330 736 3384 cf.
763 3330 956 3385 Matth.
986 3334 1034 3394 5,
1059 3334 1142 3388 28.
1256 3332 1343 3401 18]
1382 3332 1450 3386 cf.
1491 3332 1620 3387 Gen.
1649 3336 1697 3397 3,
1728 3336 1807 3389 15.
1916 3334 2007 3403 25]
2048 3334 2115 3387 cf.
2142 3332 2257 3387 Ioh.
2290 3336 2369 3397 12,
2396 3338 2443 3389 6.

452 3471 485 3523 3
509 3468 600 3536 qui
625 3470 704 3523 L²
796 3470 1053 3523 refrenari
1077 3471 1131 3524 L
1227 3469 1420 3524 maluit
1443 3472 1512 3525 H
1600 3475 1632 3527 4
1660 3472 1736 3541 et]
1768 3472 1859 3526 sed
1886 3474 1939 3527 A
2035 3476 2067 3528 5
2105 3471 2263 3527 corde
2288 3474 2365 3527 L¹
2471 3488 2655 3541 quem·

365 3555 676 3609 ammodum
700 3557 753 3610 L
849 3559 882 3611 6
907 3555 1146 3625 pollutus
1168 3558 1238 3611 H
1238 3558 1331 3611 ¹L¹
1429 3557 1703 3611 mechatos
1726 3560 1799 3615 θ’
1874 3559 2181 3613 moechatus
2201 3560 2269 3615 H
2272 3562 2287 3595 ¹
2382 3564 2416 3616 8
2440 3558 2655 3628 phylar-

365 3642 514 3708 giriis
538 3644 591 3697 L
687 3642 959 3711 possibile]
989 3646 1270 3697 necesseL
1365 3646 1597 3699 occassio
1617 3647 1701 3700 H¹
1762 3646 1935 3699 ccasio
1954 3648 2033 3701 L²
2126 3650 2159 3703 9
2185 3648 2387 3715 aputA
2485 3649 2549 3702 10
2574 3652 2655 3699 est

366 3727 516 3782 nobis
561 3730 630 3784 H
769 3732 829 3786 11
879 3730 1235 3785 emolamenta
1278 3732 1362 3786 H¹
1444 3730 1841 3787 aemulumenta
1877 3734 1953 3787 L¹
2098 3737 2163 3789 12
2208 3732 2507 3787 miserabile
2544 3776 2553 3787 .
2593 3777 2602 3786 .
2642 3776 2651 3786 .

358 3834 487 3885 pay.
524 3822 644 3885 146,
682 3822 752 3872 17
807 3820 976 3871 morte
1015 3817 1271 3871 multauit
1306 3819 1499 3874 desum
1533 3820 1597 3873 in
1632 3820 1685 3873 A
1760 3819 2085 3874 misserabile
2128 3821 2198 3874 Η
2332 3824 2414 3874 est
2460 3838 2559 3876 om.
2600 3821 2653 3874 L

369 3905 431 3957 13
466 3919 650 3956 eorum
676 3905 752 3958 L¹
860 3920 1047 3957 causae
1077 3905 1221 3959 6¹11
1221 3906 1272 3959 T
1288 3912 1338 3959 et
1361 3907 1414 3960 L
1440 3923 1506 3961 ex
1529 3924 1665 3962 corr.
1776 3908 1839 3961 14
1875 3907 2160 3975 pernitiose
2188 3908 2285 3963 SL
2392 3906 2551 3961 fomis
2576 3908 2654 3961 L¹

369 3992 428 4044 15
467 3990 698 4059 coeperit
732 3992 802 4045 H
911 3994 974 4046 16
1011 3990 1232 4045 fruticet
1272 3992 1380 4047 Gr:
1415 3992 1706 4047 fructificet
1732 3995 1927 4050 HLTc
2034 4010 2189 4047 omne
2214 4011 2383 4063 genus
2407 3997 2462 4048 L
2568 4012 2651 4048 ra-

363 4076 648 4130 mumculis
673 4080 755 4133 Η1
817 4078 1134 4131 ramusculis
1158 4081 1227 4133 H
1229 4080 1330 4135 ²Tv
1422 4082 1484 4135 17
1511 4080 1565 4133 in
1594 4080 1777 4133 iudam
1802 4082 1872 4135 H
1955 4098 2061 4134 non
2098 4080 2269 4135 uoluit
2295 4083 2363 4136 H
2454 4084 2518 4137 18
2542 4080 2652 4135 loe-

363 4162 468 4216 tale
504 4165 557 4218 L
632 4167 698 4220 19
733 4164 1008 4235 perimerit
1049 4166 1198 4220 G¹L¹
1271 4170 1566 4235 peremerat
1602 4169 1686 4223 11¹
1794 4183 1953 4236 quam
1982 4168 2115 4223 GL:
2152 4172 2264 4222 tam
2298 4170 2366 4223 H
2464 4172 2531 4223 20
2569 4169 2650 4222 in-

361 4250 554 4318 pigerit
597 4252 670 4306 6¹
795 4251 981 4305 mundi
1011 4294 1022 4305 .
1053 4295 1063 4305 .
1094 4295 1103 4306 .
1131 4254 1193 4309 21
1225 4256 1494 4308 auctorem
1532 4272 1633 4310 om.
1671 4256 1721 4309 G
1864 4256 1927 4311 21
1969 4254 2117 4307 XXX
2146 4258 2198 4311 G
2320 4255 2387 4309 ob
2426 4256 2650 4323 triginta

361 4342 638 4405 argenteos
674 4340 742 4393 H
843 4341 910 4394 22
948 4336 1015 4393 ad
1053 4344 1164 4393 tam
1201 4344 1339 4394 esset
1374 4342 1442 4395 H
1541 4344 1608 4397 24
1654 4342 1951 4410 negationis
1992 4343 2164 4397 GHT
2200 4350 2250 4397 ct
2293 4362 2326 4398 v
2370 4344 2431 4396 in
2475 4349 2651 4397 tantu.-

361 4424 652 4478 necationis
690 4426 744 4479 L
780 4432 828 4480 et
865 4444 896 4480 υ
931 4427 995 4480 in
1033 4428 1303 4496 nmryinc:
1338 4430 1406 4497 cf.
1442 4431 1529 4495 25,
1567 4432 1599 4482 1
1709 4445 1830 4482 reus
1866 4446 1927 4482 ac
1962 4430 2031 4483 H
2131 4430 2401 4483 extetisset
2435 4431 2504 4484 H
2504 4432 2519 4465 ¹
