3167 4975
574 445 702 511 320
1382 446 1697 501 Iohannis
1745 445 2046 503 Cassiani

574 640 791 687 omnes
839 641 876 686 a
921 625 1153 687 carnali
1212 624 1527 689 audientia
1586 626 1666 689 ad
1728 626 2072 709 spiritalem
2116 624 2611 709 intellegentiam
2657 624 2861 687 traxit.

573 746 718 791 cum
764 730 930 792 enim
978 728 1189 793 omnia
1234 730 1355 793 ista
1399 728 1674 811 dixisset,
1723 730 2000 795 subdidit
2044 748 2119 793 ea
2164 729 2388 811 quibus
2435 730 2500 792 in
2542 729 2866 812 euangelio

573 833 861 897 dominus
930 851 1080 897 usus
1148 833 1349 897 fuerat
1416 835 1803 915 testimonia,
1873 836 2115 899 dicens:
2193 837 2498 917 propter
2564 834 2698 897 1106
2765 852 2868 897 re-

572 938 867 1019 linquet
910 937 1123 1002 homo
1168 942 1459 1021 patrem
1507 957 1717 1003 suum
1766 943 1838 1004 et
1885 942 2227 1020 matrem,
2292 942 2364 1003 et
2417 938 2870 1021 adiungetur

576 1042 661 1105 ad
708 1061 1007 1106 uxorem
1069 1060 1305 1123 suam,
1369 1049 1441 1108 et
1500 1048 1720 1107 erunt
1765 1044 1900 1108 duo
1961 1044 2035 1108 in
2095 1062 2313 1107 carne
2375 1061 2534 1107 11110.
2616 1041 2870 1123 etquid
2939 1067 2961 1103 5

572 1150 717 1229 post
760 1147 915 1210 haec
970 1148 1149 1229 quasi
1203 1166 1349 1211 cum
1408 1166 1644 1231 magna
1703 1148 1993 1213 clamoris
2055 1148 2504 1230 protestatione
2566 1146 2870 1210 subiecit?

576 1254 1160 1333 sacramentum,
1223 1253 1447 1335 inquit,
1508 1253 1645 1317 hoc
1705 1271 2055 1337 magnum
2117 1256 2246 1319 est.
2333 1252 2603 1317 remouit
2661 1250 2870 1333 utique

578 1355 653 1419 de
700 1355 817 1420 hoc
863 1358 1115 1420 omnino
1164 1360 1226 1421 et
1272 1360 1624 1439 amputauit
1667 1359 1987 1422 carnalem
2031 1358 2441 1438 intellectum,
2503 1356 2610 1420 ubi
2665 1372 2872 1420 sacra-

578 1463 864 1524 mentum
908 1462 1160 1543 penitus
1208 1462 1361 1526 dixit
1421 1480 1557 1525 esse
1605 1462 1907 1526 diuinum.
1987 1465 2051 1527 et
2095 1462 2244 1544 quid
2291 1466 2506 1526 tamen
2551 1464 2696 1543 post
2753 1461 2874 1524 ista

576 1563 896 1629 subdidit?
958 1584 1089 1649 ego
1151 1569 1398 1631 autem
1464 1566 1654 1648 dico,
1719 1568 1947 1651 inquit,
2008 1569 2081 1632 in
2144 1566 2438 1632 Christo
2501 1570 2574 1630 et
2632 1566 2704 1630 in
2765 1584 2871 1629 06-
2921 1590 2966 1628 m

578 1670 829 1733 clesia.
910 1688 1052 1734 cum
1092 1670 1348 1735 dixisset
1395 1675 1946 1736 sacramentum
1990 1672 2126 1736 hoc
2170 1690 2514 1754 magnum
2563 1674 2701 1752 est,
2748 1688 2872 1733 non

577 1773 728 1837 dixit
773 1774 947 1838 ‘haec
1009 1778 1107 1839 est
1168 1776 1465 1856 expositio
1527 1778 1948 1857 sacramenti',
2009 1776 2120 1846 sed
2179 1776 2370 1859 quid?
2433 1793 2566 1859 ego
2627 1778 2870 1839 autem

576 1878 767 1959 dico,
830 1879 903 1942 in
950 1878 1249 1943 Christo
1296 1882 1367 1943 et
1410 1882 1485 1944 in
1532 1881 1877 1945 ecclesia.
1955 1880 2074 1945 hoc
2120 1884 2216 1944 est
2260 1880 2492 1944 dicere:
2539 1879 2695 1943 illud
2741 1880 2874 1961 qui-

577 1982 718 2045 dem
768 2000 1069 2065 magnum
1119 1987 1215 2047 est
1260 1988 1746 2066 sacramentum,
1795 1986 1905 2049 sed
1953 2003 2067 2069 ego
2114 1986 2247 2049 dico
2293 1986 2356 2048 in
2404 1983 2653 2049 Christo
2701 1987 2765 2047 et
2809 1985 2874 2046 in

578 2088 859 2167 ecclesia,
921 2087 1039 2151 hoc
1101 2092 1215 2169 est,
1278 2094 1365 2168 ut,
1426 2090 1571 2171 quia
1631 2108 1854 2172 capere
1911 2090 2066 2154 illud
2127 2091 2206 2155 ad
2263 2108 2564 2172 praesens
2609 2088 2872 2151 forsitan
2925 2112 2966 2150 15

578 2208 795 2255 omnes
842 2209 967 2255 non
1014 2197 1269 2274 queunt,
1330 2194 1433 2258 uel
1478 2194 1596 2258 hoc
1657 2195 1924 2277 capiant,
1987 2196 2150 2276 quod
2195 2198 2408 2259 tamen
2469 2192 2549 2258 ab
2595 2194 2704 2257 illo
2750 2209 2873 2256 non

578 2294 889 2378 discrepat
948 2314 1063 2360 nec
1128 2297 1445 2361 diuersum
1507 2301 1632 2378 est,
1701 2301 1845 2380 quia
1911 2302 2246 2381 utrumque
2308 2299 2382 2362 de
2447 2298 2694 2364 Christo
2759 2301 2871 2361 est.

578 2401 689 2463 sed
749 2402 896 2482 quia
955 2402 1357 2484 profundiora
1414 2403 1525 2467 illa
1583 2422 1710 2467 non
1771 2403 2044 2488 capiunt,
2106 2404 2262 2468 haec
2323 2404 2537 2467 saltim
2595 2402 2872 2467 faciliora

576 2510 975 2589 cognoscant,
1023 2509 1111 2588 ut,
1160 2525 1304 2571 cum
1349 2509 1804 2591 promptiorem
1849 2509 2237 2573 intellectum
2278 2507 2598 2591 coeperint
2627 2527 2870 2590 capere,

578 2610 656 2673 ad
688 2611 973 2674 altiorem
1018 2611 1271 2676 ualeant
1312 2613 1662 2695 peruenire,
1711 2615 1774 2676 et
1817 2613 2116 2695 planioris
2148 2630 2314 2676 nunc
2344 2613 2436 2676 rei
2466 2612 2873 2694 adipiscentia
2919 2635 2964 2674 20

578 2715 661 2777 sit
702 2717 925 2796 postea
966 2715 1387 2798 profundioris
1434 2719 1555 2782 uia.

664 2818 809 2882 XII.
860 2818 1036 2899 Quod
1084 2838 1230 2904 ergo
1292 2839 1596 2905 magnum
1641 2822 1798 2886 illud
1860 2825 1955 2886 est
2015 2824 2482 2886 sacramentum
2528 2821 2695 2903 quod
2755 2819 2870 2884 sub

578 2923 695 2986 uiri
751 2927 937 3005 atque
990 2926 1196 2989 uxoris
1258 2926 1511 2989 nomine
1557 2926 1966 3010 designatur?
2029 2925 2382 3009 apostolum
2429 2925 2636 3007 ipsum
2681 2925 2873 2988 inter-

578 3045 893 3111 rogemus,
942 3029 1046 3110 qui
1094 3029 1173 3093 ad
1221 3029 1565 3094 docendam
1614 3031 1879 3094 eandem
1924 3050 2058 3094 rem
2104 3030 2252 3095 alibi
2297 3029 2508 3094 uerbis
2554 3029 2648 3094 rei
2677 3029 2872 3110 ipsius

579 3151 729 3195 usus
755 3136 851 3195 est
876 3132 1114 3198 dicens:
1158 3137 1231 3198 et
1274 3135 1675 3199 manifeste
1723 3153 2071 3218 magnum
2117 3139 2230 3199 est
2272 3135 2585 3218 pietatis
2633 3151 2872 3198 sacra·
2919 3155 2964 3195 ιε

580 3239 935 3317 mentum,
980 3237 1166 3319 quod
1202 3239 1770 3303 manifestatum
1811 3242 1928 3303 est
1967 3239 2040 3304 in
2073 3257 2322 3320 carne,
2369 3239 2871 3304 iustificatum

580 3344 693 3404 est
740 3340 811 3403 111
858 3343 1159 3423 spiritu,
1223 3344 1571 3426 apparuit
1617 3344 1940 3427 angeliS,
1986 3344 2500 3426 praedicatum
2547 3347 2660 3408 est
2703 3362 2874 3427 gen-

578 3443 809 3525 tibus,
895 3445 1263 3510 creditum
1345 3450 1459 3511 est
1530 3448 1605 3511 in
1681 3448 1978 3529 mundo,
2063 3448 2541 3530 adsumptum
2615 3450 2729 3512 est
2799 3447 2872 3511 in

578 3549 837 3632 gloria.
938 3550 1099 3631 quod
1168 3568 1315 3634 ergo
1392 3570 1696 3635 magnum
1770 3552 1926 3617 illud
2001 3556 2097 3617 est
2171 3556 2636 3617 sacramentum
2707 3552 2875 3634 quod

789 3721 845 3790 3]
883 3721 917 3776 1.
944 3737 987 3775 ο.
1015 3724 1097 3777 31.
1209 3691 1521 3792 7]1.'c.32.
1632 3723 1864 3794 10]1.c.
1972 3723 2130 3794 2511
2167 3724 2382 3790 Time,
2411 3727 2491 3781 16.

671 3879 697 3932 1
746 3879 907 3930 omne
952 3877 1220 3932 carnalem
1268 3878 1545 3933 audientia
1591 3881 1666 3934 M
1823 3880 2063 3950 spiialem
2113 3883 2189 3936 M
2343 3879 2758 3949 intelligenciam
2807 3879 2880 3935 M

581 3966 614 4018 2
652 3963 836 4018 subdit
870 3965 938 4019 N
1058 3968 1089 4020 5
1126 3965 1196 4019 ad
1232 3984 1333 4022 om.
1372 3967 1440 4022 N
1557 3983 1688 4021 uxor
1723 3983 1821 4020 sua
1856 3969 1924 4024 N
1945 3985 2051 4038 per
2084 3985 2342 4024 rasuram
2469 3967 2686 4036 quidem
2720 3967 2872 4022 N‘av

583 4053 614 4104 7
651 4051 842 4119 inquid
878 4053 955 4106 M
1098 4056 1161 4109 10
1196 4053 1385 4123 inquid
1424 4053 1541 4108 dico
1578 4056 1656 4109 M
1799 4057 1864 4110 12
1901 4055 2031 4110 haec
2067 4055 2172 4124 est]
2210 4055 2311 4109 hoc
2347 4055 2426 4110 M
2590 4057 2654 4110 14
2689 4053 2784 4108 sed
2817 4057 2870 4106 et

582 4153 679 4206 ego
716 4139 793 4193 M
927 4141 991 4194 15
1034 4141 1126 4209 qui
1162 4143 1238 4196 M
1372 4144 1435 4197 16
1482 4141 1706 4210 capiunt
1739 4143 1821 4198 N¹
1968 4145 2034 4198 18
2078 4141 2267 4196 saltem
2295 4160 2341 4213 p
2481 4144 2546 4198 19
2591 4141 2676 4210 ut]
2722 4143 2777 4195 et
2809 4141 2874 4196 N

584 4225 729 4295 cum]
780 4243 903 4280 eum
950 4229 1023 4282 M
1158 4229 1427 4297 caeperint
1468 4229 1535 4284 N
1671 4231 1740 4285 20
1783 4229 2044 4283 altioraem
2090 4231 2156 4286 N
2291 4231 2353 4286 21
2401 4229 2468 4283 ad
2509 4227 2868 4299 profundioris

583 4312 727 4366 uiam
766 4315 842 4368 M
973 4317 1041 4370 24
1078 4314 1377 4369 docendum
1412 4317 1489 4369 M
1611 4315 1798 4370 eadem
1827 4335 1871 4386 p
2000 4319 2070 4372 29
2107 4319 2189 4370 est
2225 4335 2326 4372 om.
2364 4317 2432 4372 N
2553 4320 2636 4370 est
2667 4315 2805 4370 illud
2838 4333 2870 4370 v

584 4403 665 4453 est
702 4417 826 4468 ergo
864 4417 1121 4469 magnum
1158 4401 1293 4455 illud
1321 4420 1395 4472 p.-
1430 4405 1499 4472 cf.
1537 4419 1709 4473 supra
1743 4421 1796 4458 u.
1833 4409 1906 4460 22
1940 4411 1990 4459 et
2023 4406 2179 4474 infra
2205 4421 2339 4474 pay.
2363 4408 2484 4473 322,
2519 4409 2551 4458 1
