3167 4975
472 440 630 498 VIII

471 608 548 671 de
595 588 783 671 bellis
831 607 1193 693 desperatis
1247 616 1440 693 atque
1485 604 1776 669 hostibus
1822 602 2221 690 reportabat.
2312 610 2575 687 utroque
2620 606 2755 669 loco

469 733 602 778 rem
651 718 908 798 tangere
953 714 1202 778 uidetur
1248 714 1324 777 de
1358 732 1484 795 qua
1529 713 1595 777 in
1642 712 1782 795 ipsa
1808 710 2097 795 Aegypto
2144 710 2369 775 certior
2402 711 2605 774 factus
2638 714 2753 773 est.

467 818 568 882 bis
631 822 844 882 autem
904 818 1326 882 Theodosium
1389 818 1466 881 ad
1528 816 1875 881 Iohannem
1946 815 2197 879 misisse
2254 816 2611 879 consultum
2680 815 2755 877 de

473 926 702 987 euentu
762 922 912 987 belli
977 923 1368 987 imminentis
1427 926 1676 1005 praeter
1722 920 1876 985 alios
1924 919 2321 1003 Augustinus
2368 920 2445 983 de
2504 920 2619 984 civ.
2654 920 2755 983 dei

471 1028 548 1109 V,
581 1026 664 1090 26
725 1028 935 1107 refert,
998 1028 1238 1092 scilicet
1293 1032 1631 1109 antequam
1688 1026 1964 1090 Maximo
2024 1024 2107 1109 (a.
2142 1022 2297 1107 388)
2359 1030 2422 1089 et
2476 1024 2754 1108 Eugenio

471 1134 554 1215 (a.
590 1130 746 1214 394)
778 1132 1016 1196 bellum
1048 1132 1322 1196 inferret.
1371 1131 1681 1196 habemus
1715 1131 1906 1214 igit-ur
1938 1131 2064 1194 iam
2096 1130 2397 1194 terminos
2430 1129 2754 1212 quosdam,

471 1238 638 1301 intra
683 1255 838 1319 quos
872 1236 1243 1301 Cassianum
1291 1236 1354 1301 in
1388 1235 1677 1320 Aegypto
1708 1238 2165 1299 commoratum
2210 1254 2347 1297 esse
2381 1238 2754 1314 statuamuS,

473 1360 668 1405 annos
717 1341 954 1405 seilicet
1002 1338 1364 1404 385—394.
1425 1344 1489 1405 et
1533 1340 1637 1404 hic
1686 1340 1901 1405 statim
1950 1340 2275 1403 adicienda
2320 1358 2391 1403 ac
2422 1339 2757 1423 diligenter

473 1446 922 1509 consideranda
968 1450 1119 1509 sunt
1165 1464 1258 1526 ea,
1305 1464 1468 1527 quae
1513 1448 1734 1509 contra
1774 1444 2023 1509 Nestor.
2072 1444 2111 1507 1.
2162 1444 2303 1524 VII,
2352 1462 2485 1526 cap.
2535 1441 2615 1506 31
2680 1443 2757 1506 de

471 1570 538 1613 se
596 1553 842 1614 narrat:
905 1547 1262 1633 adoptatus
1323 1548 1511 1625 enim,
1576 1549 1801 1631 inquit,
1862 1569 1907 1609 a
1962 1545 2365 1611 beatissimae
2416 1546 2757 1609 memoriae

469 1654 757 1717 Iohanne
801 1653 1098 1739 episcopo
1145 1652 1217 1715 in
1261 1651 1702 1716 ministerium
1760 1674 2018 1715 sacrum
2062 1662 2254 1737 atque
2314 1650 2571 1715 oblatus
2620 1650 2755 1728 deo,

471 1757 594 1821 etsi
637 1778 906 1843 corpore
938 1756 1185 1835 absum,
1233 1755 1470 1843 affectu
1515 1756 1664 1819 illic
1692 1778 1856 1820 sum.
1917 1759 2068 1840 quid
2100 1758 2183 1822 sit
2214 1758 2369 1821 illud
2400 1756 2755 1842 adoptatus

471 1873 662 1949 atque
707 1861 966 1927 oblatus
1015 1862 1130 1926 deo
1178 1884 1210 1927 e
1257 1862 1582 1928 Gennadio
1630 1863 1943 1943 nouimuS‚
2000 1863 2106 1945 qui
2154 1862 2528 1928 Cassianum
2574 1884 2619 1925 a
2662 1860 2756 1926 Io-

472 1970 683 2031 hanne
721 1967 963 2054 Maqno
1010 1967 1306 2053 episcopo
1355 1966 1705 2030 diaconum
1750 1966 2137 2030 ordinatum
2164 1968 2373 2032 refert.
2422 1968 2587 2050 quod
2634 1968 2755 2033 nisi

471 2075 638 2139 intra
699 2092 751 2137 a.
795 2070 1142 2137 398-403
1201 2072 1334 2137 fieri
1397 2091 1521 2137 non
1581 2073 1862 2155 potuisse
1920 2076 2114 2155 patet.
2194 2072 2405 2155 itaque
2450 2076 2523 2137 ut
2568 2092 2757 2155 quae·-

474 2179 743 2242 stionem
787 2178 1150 2241 institutam
1197 2177 1624 2258 absoluamus,
1670 2196 1781 2260 pro
1828 2180 1997 2241 certo
2052 2176 2310 2241 definire
2354 2177 2503 2241 licet
2548 2178 2757 2242 Cassi-

475 2301 666 2347 anum
698 2301 822 2347 non
856 2282 1057 2346 multo
1090 2285 1233 2345 ante
1269 2300 1320 2346 a.
1349 2280 1478 2344 385
1509 2282 1574 2346 in
1606 2281 1968 2366 Aegyptum
1999 2282 2249 2345 uenisse
2282 2301 2565 2364 eamque,
2612 2302 2755 2345 cum

477 2387 730 2451 interim
787 2387 1240 2451 monasterium
1297 2405 1482 2449 suum
1545 2386 2098 2450 Bethleemiticum
2158 2386 2491 2469 repetisset
2547 2386 2757 2469 ibique

472 2493 722 2556 ueniam
745 2492 1076 2557 diuturnae
1095 2491 1618 2576 peregrinationis
1644 2495 1831 2574 atque
1856 2493 2153 2556 redeundi
2175 2496 2558 2574 potestatem
2584 2511 2759 2557 acce-

475 2598 694 2680 pisset,
715 2595 762 2680 ¹)
789 2600 933 2661 ante
951 2615 1003 2660 a.
1020 2594 1170 2676 403,
1188 2615 1310 2678 quo
1329 2597 1643 2661 Iohannes
1663 2596 2148 2679 Chrysostomus
2170 2597 2235 2661 in
2254 2597 2509 2661 exilium
2526 2597 2758 2660 missus

476 2705 592 2780 est,
627 2702 689 2764 in
715 2705 1090 2785 perpetuum
1115 2701 1462 2783 reliquisse.
1497 2719 1643 2764 cum
1668 2704 1879 2765 autem
1907 2701 2273 2765 adulescens
2306 2703 2371 2766 in
2394 2701 2757 2786 Aegyptum

478 2807 740 2886 uenerit,
788 2805 892 2869 uix
939 2810 1085 2871 ante
1131 2825 1184 2870 a.
1235 2805 1364 2869 360
1411 2825 1555 2869 eum
1602 2809 1823 2870 natum
1871 2825 2008 2870 esse
2054 2807 2186 2869 ueri
2234 2809 2331 2870 est
2376 2807 2600 2870 simile.

560 2910 663 2975 Ab
708 2910 1000 2994 Aegypto
1047 2909 1386 2975 Cassianus
1435 2909 2045 2993 Constantinopolim
2104 2911 2425 2994 profectus
2472 2915 2535 2975 et
2595 2912 2759 2976 sicut

473 3035 664 3098 supra
715 3015 1348 3080 commemorauimus
1405 3034 1442 3078 a
1487 3015 1767 3080 Iohanne
1814 3015 2260 3098 chrysostomo
2314 3017 2611 3080 diaconus
2658 3035 2755 3081 or-

473 3120 724 3184 dinatus
772 3123 886 3184 est.
901 3120 956 3202 ²)
1031 3119 1254 3183 deinde
1301 3119 1613 3183 incertum
1674 3138 1794 3201 quo
1842 3137 2005 3184 anno
2066 3121 2130 3184 in
2177 3121 2449 3202 patriam
2496 3121 2757 3184 reuertit

471 3225 916 3306 Massiliaeque
963 3223 1288 3308 presbyter
1335 3224 1538 3289 factus
1579 3243 1779 3306 usque
1826 3225 1904 3288 ad
1950 3225 2119 3289 uitae
2152 3225 2343 3288 finem
2387 3225 2453 3288 in
2500 3245 2573 3290 ea
2602 3225 2756 3290 urbe

473 3329 644 3413 degit
674 3333 738 3393 et
783 3347 970 3411 opera
1014 3347 1130 3392 sua
1160 3329 1429 3411 scripsit,
1477 3328 1706 3411 quibus
1753 3329 2193 3393 coenobiorum
2240 3329 2551 3410 instituta,
2598 3345 2791 3412 quae·

473 3434 537 3498 in
569 3433 824 3498 Oriente
871 3436 934 3497 et
963 3432 1252 3517 Aegypto
1299 3437 1699 3516 cognouerat,
1746 3433 2032 3516 exposuit
2076 3438 2140 3497 et
2184 3434 2259 3497 de
2306 3434 2757 3498 monachorum

472 3538 646 3601 uitiis
709 3541 772 3601 et
827 3536 1169 3601 uirtutibus
1214 3537 1530 3618 disseruit,
1594 3537 1685 3601 ita
1730 3538 2003 3620 quidem,
2064 3542 2136 3602 ut
2179 3538 2620 3602 Institutiones
2667 3537 2760 3600 ad

471 3640 820 3704 exterioris
853 3639 1130 3704 hominis
1177 3639 1667 3704 observantiam
1696 3649 1757 3704 et
1802 3639 2281 3704 institutionem
2311 3639 2757 3705 coenobiorum

472 3744 914 3830 conpetentius
961 3749 1345 3829 aptarentur,
1409 3745 1811 3811 conlationes
1857 3765 2005 3811 uero
2052 3743 2143 3808 ad
2187 3745 2617 3831 disciplinam
2662 3746 2755 3808 in-

473 3849 736 3913 terioris
777 3872 854 3912 ac
888 3847 1354 3935 perfectionem
1384 3849 1602 3913 cordis
1648 3859 1707 3913 et
1746 3851 2293 3914 anachoretarum
2322 3849 2537 3914 uitam
2565 3860 2757 3936 atque

474 3953 838 4016 doctrinam
875 3954 1104 4038 potins
1121 3954 1170 4036 3)
1216 3955 1620 4039 pertinerent.
1699 3955 1975 4038 primum
2008 3959 2219 4020 autem
2253 3957 2385 4020 eius
2418 3975 2573 4040 opus
2608 3963 2757 4021 sunt

563 4127 600 4194 ¹)
639 4126 786 4181 Coul.
814 4127 987 4190 XVII,
1013 4131 1096 4190 30,
1125 4129 1172 4182 2.

559 4215 599 4282 ¹²)
647 4231 706 4266 eo
755 4217 990 4282 spectare
1037 4214 1251 4268 uidetur
1297 4214 1436 4283 quod
1483 4215 1616 4268 Inst.
1652 4215 1746 4279 XI,
1788 4219 1848 4272 18
1902 4215 1967 4269 de
2020 4233 2075 4269 se
2130 4217 2317 4270 refert:
2370 4235 2466 4274 nec
2518 4219 2759 4288 episcopi

469 4303 696 4356 condere
733 4319 924 4356 manus
953 4303 1128 4370 potui.

557 4389 599 4457 ³)
635 4387 769 4442 Inst.
795 4389 869 4453 ΙΙ,
894 4391 944 4453 9,
969 4392 1016 4444 3.
