3167 4975
945 437 1179 487 contra
1212 432 1593 487 Nestorium
1629 432 1739 486 lib.
1778 432 1880 495 ΙΙΙ,
1923 436 2140 488 15-16,
2553 430 2680 496 283

392 610 633 691 aperti
691 613 863 674 sunt
919 611 983 673 ei
1043 611 1259 691 caeli,
1324 614 1397 674 et
1454 610 1649 674 uidit
1708 609 2056 692 spiritum
2105 609 2680 673 descendentem

390 712 587 777 sicut
631 714 1051 779 columbam
1099 719 1170 779 et
1227 715 1666 779 uenientem
1727 733 1950 796 super
2011 733 2105 778 se.
2186 717 2257 777 et
2317 731 2485 777 ecce
2545 732 2682 777 uox

390 818 475 882 de
520 820 754 883 caelis
801 820 1084 885 dicens:
1146 820 1281 883 hic.
1322 822 1435 883 est
1480 819 1694 883 filius
1751 837 1956 882 meus
2004 818 2358 898 dilectuS,
2422 818 2496 882 in
2543 836 2682 899 quo

390 923 573 987 mihi
619 924 1035 1006 conplacui.
1115 924 1267 1005 quid
1314 923 1392 987 ad
1438 923 1592 987 haec
1638 942 1827 1003 nunc,
1874 922 2207 1002 haeretice,
2257 922 2392 986 ais?
2450 922 2688 985 dictum
2737 930 2772 982 3

308 1053 336 1091 ε,
392 1027 681 1111 displicet
726 1046 805 1092 an
852 1046 1119 1112 persona
1165 1028 1468 1092 dicentis?
1517 1046 1634 1092 nec
1677 1027 2188 1109 interpretatione
2235 1030 2400 1091 certe
2447 1026 2687 1109 indiget

391 1131 819 1214 intellegentia
866 1134 1257 1198 allocutionis
1304 1151 1418 1196 nec
1450 1132 1997 1197 commendatione
2027 1130 2366 1195 uerborum
2412 1130 2684 1214 dignitas

393 1236 795 1317 alloquentis:
842 1238 996 1301 deus
1042 1242 1221 1320 pater
1268 1240 1365 1301 est
1412 1238 1519 1319 qui
1566 1237 1738 1317 dixit,
1789 1237 2044 1300 euidens
2093 1238 2190 1299 est
2236 1235 2400 1318 quod
2445 1235 2684 1299 dictum

393 1343 506 1405 est.
585 1342 893 1424 numquid
936 1346 1047 1406 aut
1090 1346 1221 1406 tam
1268 1342 1680 1425 inpudentem
1727 1345 1837 1405 aut
1881 1344 2016 1405 tam
2062 1341 2436 1423 sacrilegam
2467 1358 2684 1403 uocem

392 1445 667 1528 proferre
712 1446 966 1529 poteriS,
1030 1450 1102 1511 ut
1146 1448 1315 1511 dicas
1362 1447 1438 1510 de
1502 1445 1823 1530 unigenito
1871 1445 1968 1509 dei
2014 1445 2143 1509 filio
2204 1463 2318 1508 nec
2363 1445 2476 1509 deo
2523 1444 2686 1527 patri

287 1576 339 1614 ιο
395 1570 531 1615 esse
578 1551 1001 1616 credendum?
1056 1552 1175 1615 hic
1223 1555 1337 1615 est
1382 1568 1529 1634 ergo
1575 1550 1784 1632 inquit
1827 1550 2041 1614 filius
2089 1568 2294 1613 meus
2342 1548 2685 1629 dilectuS,

388 1659 460 1721 in
521 1674 661 1737 quo
722 1656 904 1721 mihi
963 1657 1372 1740 conplacui.
1462 1656 1573 1719 sed
1619 1654 1962 1738 temptabis
2023 1654 2285 1718 forsitan
2333 1654 2554 1732 dicere,
2619 1658 2688 1717 ut

390 1765 487 1825 est
550 1762 885 1841 dementia,
948 1762 1023 1825 de
1085 1760 1278 1825 uerbo
1338 1763 1483 1840 hoc,
1545 1778 1671 1824 non
1733 1760 1810 1823 de
1857 1758 2102 1823 Christo
2168 1758 2408 1823 dictum
2467 1758 2681 1821 fuisse.

394 1866 491 1928 dic
524 1866 676 1929 mihi
708 1884 875 1948 ergo,
923 1867 1058 1946 quis
1093 1868 1227 1929 erat
1274 1865 1377 1946 qui
1420 1864 1899 1946 baptizabatur?
1945 1862 2210 1927 uerbum
2243 1881 2322 1926 an
2357 1862 2685 1927 Christus?

396 1988 539 2034 caro
598 1988 679 2033 an
742 1969 1039 2051 spiritus?
1101 1988 1331 2052 negare
1390 1970 1604 2051 utique
1665 1986 1790 2033 non
1848 1971 2026 2049 potes
2090 1966 2411 2032 Christum
2470 1967 2684 2030 fuisse.

290 2097 345 2137 15
398 2075 585 2139 homo
634 2091 781 2157 ergo
825 2074 929 2138 ille
979 2094 1051 2137 ex
1096 2074 1347 2138 homine
1396 2092 1466 2137 ac
1513 2073 1628 2137 deo
1675 2078 1882 2153 natus,
1931 2073 2150 2154 spititu
2197 2071 2522 2143 sanctoin
2567 2071 2693 2133 uir-
2740 2080 2776 2131 4

395 2179 541 2261 gine
589 2179 1009 2242 descendente
1058 2182 1120 2242 et
1164 2179 1393 2243 uirtute
1442 2178 1733 2241 altissimi
1765 2176 2180 2241 obumbrante
2214 2180 2570 2257 conceptuS,
2617 2193 2687 2238 ac

397 2284 487 2346 sic
517 2282 789 2348 hominis
824 2286 886 2347 et
918 2284 1015 2346 dei
1055 2283 1239 2363 filius,
1288 2284 1393 2346 ille
1425 2284 1660 2363 utique,
1709 2286 1778 2346 ut
1807 2301 2038 2365 negare
2071 2298 2195 2344 non
2241 2284 2439 2363 potes,
2486 2280 2689 2362 bapti-

396 2391 571 2451 zatus
621 2391 733 2450 est.
815 2388 868 2449 si
916 2406 1063 2471 ergo
1110 2388 1213 2451 ille
1261 2387 1612 2469 baptizatus
1661 2390 1776 2467 est,
1838 2388 1942 2449 ille
2000 2390 2061 2449 et
2105 2385 2485 2463 nominatus,
2547 2385 2690 2465 quia

398 2493 503 2556 ille
548 2494 759 2574 utique
808 2494 1164 2556 nominatus
1211 2494 1315 2574 qui
1378 2497 1441 2556 et
1485 2491 1836 2574 baptizatus
1900 2495 2010 2555 est.
2090 2491 2207 2554 hic
2269 2493 2409 2570 est,
2471 2490 2688 2570 inquit,

282 2623 346 2662 20
400 2597 613 2660 filius
668 2616 873 2660 meus
922 2599 1276 2678 dilectuS,
1336 2598 1407 2660 in
1465 2615 1602 2678 quo
1649 2597 1828 2661 mihi
1891 2595 2303 2679 conplacui.
2383 2594 2688 2675 numquid

398 2701 517 2765 dici
584 2701 1036 2785 significantius
1106 2705 1215 2766 aut
1281 2702 1630 2784 expressius
1693 2701 2020 2782 quicquam
2081 2703 2332 2782 potest?
2402 2698 2688 2763 Christus

395 2805 748 2889 baptizatus
812 2811 934 2886 est,
998 2805 1281 2871 Christus
1338 2807 1415 2869 de
1480 2824 1642 2887 aqua
1701 2805 2009 2884 ascendit,
2074 2804 2318 2869 Christo
2377 2804 2690 2886 baptizato

397 2911 554 2975 caeli
615 2911 813 2995 aperti
874 2915 1043 2992 sunt,
1104 2914 1356 2994 propter
1403 2910 1722 2975 Christum
1769 2909 2060 2974 columba
2105 2909 2444 2989 descendit,
2507 2927 2691 2991 super

400 3015 719 3080 Christum
764 3017 827 3080 in
860 3017 1160 3098 corporali
1208 3017 1413 3098 specie
1462 3015 1718 3098 spiritus
1767 3019 2019 3080 sanctus
2067 3014 2326 3094 adstitit,
2374 3014 2690 3078 Christum

277 3143 344 3184 25
397 3123 577 3202 pater
622 3121 978 3204 appellauit.
1054 3122 1171 3185 hoc
1232 3121 1287 3184 si
1340 3120 1416 3183 de
1464 3119 1711 3184 Christo
1758 3120 1993 3183 dictum
2055 3136 2284 3201 negare
2345 3136 2535 3181 ausus
2598 3137 2686 3197 eS,
2737 3127 2770 3180 5

402 3229 691 3307 superest
743 3229 815 3289 ut
858 3243 975 3288 nec
1018 3224 1408 3306 baptizatum
1452 3223 1773 3289 Christum
1818 3224 2013 3288 fuisse
2067 3241 2183 3287 nec
2247 3222 2538 3305 spiritum
2586 3222 2691 3285 de-

400 3329 717 3394 scendisse
785 3348 901 3394 nec
966 3331 1213 3413 patrem
1282 3330 1564 3393 locutum
1633 3347 1769 3392 esse
1838 3328 2196 3392 contendas
2290 3327 2400 3390 sed
2465 3329 2694 3409 urguet

397 3437 615 3497 tamen
677 3437 740 3498 et
797 3433 1030 3516 premit
1088 3437 1151 3498 te
1209 3434 1347 3515 ipsa
1412 3434 1676 3513 ueritaS,
1746 3435 1843 3513 ut,
1907 3433 2153 3496 etiamsi
2213 3430 2493 3495 confiteri
2554 3449 2694 3494 eam

398 3539 592 3619 noIiS,
654 3542 867 3603 tamen
928 3557 1159 3622 negare
1206 3556 1333 3603 non
1376 3539 1598 3621 possis.
1679 3538 1823 3620 quid
1885 3537 2051 3600 enim
2111 3537 2203 3601 ait
2262 3536 2693 3619 euangelista?

264 3669 339 3708 ao
400 3642 832 3726 baptizatus
908 3648 1155 3707 autem
1229 3643 1630 3706 confestim
1700 3642 2042 3706 ascendit
2109 3642 2194 3705 de
2261 3659 2465 3723 aqua.
2557 3641 2694 3721 quis

397 3747 757 3830 baptizatus
791 3750 927 3811 est?
977 3747 1262 3812 Christus
1294 3747 1526 3828 utique.
1609 3750 1680 3811 et
1725 3765 1922 3827 ecce,
1969 3747 2187 3828 inquit,
2235 3746 2476 3827 aperti
2522 3747 2696 3808 sunt

484 3957 519 4010 2
554 3953 802 4008 columba
824 3954 891 4009 N
895 3956 911 3990 ¹
1018 3955 1073 4008 et
1100 3959 1231 4024 post
1254 3951 1556 4008 columbam
1581 3971 1684 4009 om.
1713 3954 1818 4023 ΜΡ
1925 3955 1959 4008 3
1985 3951 2094 4006 celo
2113 3955 2179 4022 10¹
2285 3955 2320 4008 4
2344 3951 2610 4005 hereticae
2632 3951 2699 4005 N

394 4046 431 4097 5
468 4041 914 4109 interpretatione
934 4042 1009 4096 M
1108 4043 1139 4095 6
1166 4040 1632 4094 commendatione
1651 4042 1726 4095 M
1828 4043 1892 4096 15
1930 4039 2014 4110 ac]
2042 4057 2074 4092 a
2089 4057 2172 4109 pa
2276 4038 2542 4107 uirginem
2569 4040 2692 4093 Mv:

391 4129 491 4184 sed
526 4131 595 4197 cf.
645 4129 775 4194 VII,
810 4133 897 4198 22,
935 4133 969 4182 4
1015 4126 1374 4182 descendisset
1416 4127 1475 4181 in
1510 4128 1668 4181 terris
1811 4131 1874 4182 17
1913 4127 1984 4180 sit
2019 4129 2086 4181 N
2225 4129 2288 4181 19
2331 4129 2386 4179 et
2421 4144 2522 4180 om.
2560 4127 2696 4195 va

393 4219 465 4272 20
492 4215 1002 4284 con(com-)placuit
1024 4216 1163 4284 Npa
1268 4218 1331 4271 21
1362 4215 1656 4283 quidquam
1683 4215 1758 4268 M
1851 4217 1918 4269 22
1945 4212 2255 4267 conscendit
2277 4215 2376 4283 ΝΡ
2473 4217 2541 4267 24
2566 4213 2694 4266 asti-

392 4303 469 4356 tit
512 4303 618 4372 ΜΡ
758 4305 825 4358 27
872 4305 1030 4370 urget
1073 4302 1173 4371 ΝΡ
1315 4305 1383 4357 28
1428 4303 1627 4371 premit
1670 4302 1748 4370 te]
1793 4300 2016 4369 &mittet
2052 4302 2129 4356 M
2257 4303 2326 4356 29
2363 4316 2471 4353 nou
2508 4301 2590 4352 uis
2631 4301 2704 4354 M

392 4393 467 4446 30
502 4389 755 4458 baptatus
785 4407 828 4458 p
936 4389 1028 4456 qui
1062 4390 1131 4444 N
1230 4391 1294 4445 31
1336 4392 1390 4442 et
1426 4407 1525 4444 om.
1566 4391 1642 4444 M
2455 4409 2472 4424 ·
