3167 4975
316 1623 366 1662 10

312 3192 365 3233 25

1007 479 1239 530 contra
1276 475 1650 530 Nestorium
1689 475 1798 530 lib.
1826 476 1946 540 vn,
1989 480 2136 532 1—2.
2585 479 2712 544 353

418 654 740 717 lectetur
786 653 1035 716 infans
1082 651 1169 716 ab
1218 652 1441 716 ubere
1488 671 1712 735 super
1760 653 2092 718 foramen
2142 655 2459 738 aspidis,
2519 659 2594 719 et
2638 656 2710 719 in

421 775 741 822 canerna
803 757 1049 840 reguli
1117 757 1242 840 qui
1316 755 1745 821 ablactatus
1821 757 2055 822 fuerit
2130 777 2424 823 manum
2503 778 2708 824 suam

420 862 691 925 mittat.
770 862 849 925 da
910 879 1057 944 ergo
1119 865 1182 926 et
1240 861 1419 926 nobis
1476 861 1540 926 in
1588 879 1890 926 cauernas
1937 863 2124 926 huius
2173 863 2590 928 inmanissimi
2637 883 2710 928 ac
2758 873 2793 926 4

420 966 848 1030 scelestissimi
907 966 1111 1050 reguli
1167 967 1468 1030 innocuas
1530 984 1756 1030 manus
1817 967 2096 1046 mittere,
2165 970 2230 1030 et
2297 968 2352 1031 si
2419 969 2482 1031 in
2552 969 2713 1033 fora-

420 1071 695 1136 minibus
728 1073 855 1136 iam
887 1063 1281 1154 quibusdam,
1328 1071 1389 1135 id
1432 1075 1529 1136 est
1558 1072 1624 1135 in
1667 1091 1968 1136 sensuum
2000 1073 2422 1138 humanorum
2452 1073 2712 1138 latebris

420 1180 529 1240 aut
559 1176 765 1240 cubile
809 1175 1033 1241 habuit
1065 1180 1177 1241 aut
1221 1195 1341 1240 oua
1385 1177 1597 1259 posuit
1629 1179 1736 1241 aut
1775 1178 2094 1258 squamosi
2139 1181 2378 1242 tractus
2426 1180 2714 1242 semitam

418 1281 769 1365 dereliquit,
816 1281 993 1346 aufer
1040 1281 1116 1345 ab
1164 1281 1475 1346 uniuersis
1520 1281 2036 1364 perniciosissimi
2082 1283 2307 1366 anguis
2354 1283 2541 1346 huius
2583 1301 2713 1348 sor-

420 1387 630 1451 didum
680 1389 741 1451 et
786 1386 974 1450 ferale
1022 1385 1402 1469 contagium,
1450 1385 1704 1449 extrahe
1742 1385 1947 1450 illatas
1977 1385 2274 1469 perfidiae
2305 1386 2712 1452 inmunditias

420 1496 483 1557 et
526 1491 814 1557 obsessas
852 1491 1157 1556 redolenti
1189 1509 1377 1556 caeno
1411 1491 1653 1556 animas
1687 1489 2035 1556 uentilabro
2069 1510 2280 1556 sacrae
2326 1495 2712 1577 purgationis

422 1596 710 1676 emunda,
771 1598 844 1660 ut
905 1595 1236 1679 speluncae
1281 1595 1598 1660 latronum
1646 1596 1868 1659 domus
1916 1596 2270 1662 orationum
2325 1597 2471 1678 sint,
2534 1601 2597 1662 et
2649 1599 2714 1662 in

420 1700 643 1783 quibus
706 1719 873 1764 nunc
932 1705 1002 1764 ut
1050 1701 1349 1782 scriptum
1396 1703 1491 1764 est
1536 1699 1890 1763 dinei-soriis
1937 1700 2154 1764 hericii
2202 1705 2264 1765 et
2310 1703 2712 1766 onocentauri

420 1807 483 1870 et
526 1805 707 1888 pilosi
754 1809 817 1870 et
861 1804 1253 1870 diuersorum
1296 1805 1720 1888 prodigiorum
1771 1808 2050 1869 monstra
2095 1809 2445 1886 uersantur,
2501 1808 2566 1871 in
2613 1807 2709 1870 his

420 1910 618 1974 sancti
680 1910 931 1993 spiritus
994 1911 1083 1974 tui
1144 1911 1326 1990 dona,
1387 1910 1448 1973 id
1511 1913 1610 1973 est
1653 1909 1796 1972 fidei
1853 1927 1924 1974 ac
1980 1911 2296 1992 religionis
2345 1911 2568 1975 decora
2612 1931 2711 1976 re-

420 2015 805 2099 splendeant.
900 2033 972 2078 ac
1041 2015 1203 2078 sicut
1262 2015 1471 2079 eiectis
1534 2015 1849 2096 quondam
1911 2015 2216 2079 idolorum
2277 2017 2546 2080 cultibus
2609 2037 2711 2081 ex·
2760 2025 2794 2078 5

420 2121 893 2202 terminatisque
970 2119 1318 2184 simulacris
1387 2120 1586 2183 fecisti
1656 2139 1728 2182 ex
1795 2119 1958 2182 fanis
2029 2119 2408 2184 daemonum
2479 2125 2714 2205 templa

418 2227 744 2305 uirtutum,
808 2225 1087 2289 inserens
1143 2225 1209 2288 in
1254 2243 1553 2288 cauernas
1602 2225 1988 2306 serpentium
2036 2228 2098 2288 et
2145 2226 2542 2309 scorpionum
2589 2227 2712 2292 ful-

417 2335 635 2414 gentes
680 2329 936 2393 luminis
984 2329 1075 2393 tui
1120 2329 1346 2409 radios,
1410 2333 1469 2393 et
1532 2349 1604 2392 ex
1665 2327 1976 2392 cubilibus
2040 2348 2320 2394 errorum
2381 2349 2452 2394 ac
2519 2333 2712 2415 turpi-

419 2435 707 2500 tudinum
770 2436 986 2499 domos
1056 2437 1565 2499 ornamentorum
1633 2451 1707 2498 ac
1768 2433 2306 2517 pulchritudinum
2367 2435 2709 2518 reddidisti,

416 2541 505 2605 ita
550 2540 614 2604 in
660 2538 977 2620 omnibuS,
1039 2557 1303 2621 quorum
1364 2540 1573 2604 oculos
1637 2539 1838 2623 caligo
1884 2540 2232 2604 haereticae
2277 2542 2708 2623 perum-sitatis

418 2644 683 2726 obsedit,
746 2645 954 2708 lucem
1016 2646 1474 2709 misericordiae
1520 2648 1664 2709 tuae
1711 2662 1784 2708 ac
1829 2632 2109 2708 ueritatis
2156 2644 2432 2725 infunde,
2498 2650 2568 2710 ut
2615 2648 2710 2711 in-

418 2750 789 2814 carnationis
840 2754 981 2813 tuae
1028 2767 1332 2832 magnum
1378 2768 1451 2812 ac
1496 2749 1889 2813 salutiferum
1937 2752 2396 2813 sacramentum
2435 2755 2709 2815 reserato

418 2855 673 2919 tandem
734 2872 807 2917 ac
850 2872 1006 2937 puro
1050 2854 1289 2918 lumine
1350 2858 1717 2918 contuentes
1780 2854 1867 2916 ita
1913 2858 1972 2916 te
2035 2872 2106 2917 ex
2163 2859 2556 2917 sacrosancto
2602 2856 2710 2919 illo

418 2960 837 3023 inmaculatae
896 2958 1158 3043 uirginis
1214 2962 1391 3023 utero
1448 2957 1686 3022 editum
1734 2958 1794 3021 in
1843 2958 2075 3021 mundo
2122 2977 2344 3021 uerum
2389 2958 2710 3023 hominem

420 3084 555 3127 esse
618 3064 1015 3147 intellegant,
1086 3068 1157 3127 ut
1224 3082 1447 3126 uerum
1511 3065 1723 3126 tamen
1787 3063 1971 3126 deum
2041 3082 2288 3145 semper
2349 3064 2540 3127 fuisse
2608 3082 2710 3128 co-

418 3172 742 3252 gnoscant.

504 3274 587 3337 II.
635 3272 733 3337 Ac
778 3274 1145 3355 priusquam
1193 3274 1267 3336 de
1314 3272 1413 3336 his
1459 3270 1648 3336 rebus
1710 3272 1881 3353 loqui
1939 3272 2163 3354 incipio
2223 3290 2380 3353 quas
2442 3274 2708 3337 necdum

419 3378 591 3441 libris
640 3377 1059 3461 superioribus
1106 3376 1473 3461 praelibaui,
1528 3394 1804 3457 aequum
1851 3375 2116 3440 arbitror
2160 3380 2232 3441 ut
2278 3396 2352 3441 ea
2398 3380 2560 3441 nitar
2607 3398 2709 3441 ex-

627 3567 683 3636 9]
724 3566 789 3621 cf.
817 3566 942 3621 Luc.
968 3570 1016 3632 3,
1047 3570 1125 3624 17.
1238 3568 1326 3637 11]
1367 3566 1432 3621 cf.
1460 3566 1600 3621 Esai.
1630 3568 1713 3631 34,
1743 3569 1806 3622 13
1833 3583 1944 3635 sqq.

508 3744 533 3799 1
574 3741 839 3796 foramina
864 3744 939 3797 M
1000 3741 1261 3797 foramine
1297 3760 1329 3797 v
1434 3744 1467 3797 2
1494 3757 1777 3795 cauernam
1805 3744 1905 3796 Μυ
2009 3745 2042 3796 3
2069 3741 2241 3795 mittit
2265 3744 2342 3796 M
2437 3746 2492 3795 et
2515 3760 2617 3797 om.
2643 3744 2718 3797 M

417 3830 655 3884 cauernis
692 3848 737 3899 Ρ
880 3829 963 3899 ac]
1012 3832 1067 3883 et
1102 3848 1146 3899 Ρ
1287 3830 1321 3883 4
1366 3827 1762 3882 sceleratissimi
1809 3830 1886 3883 M
2018 3831 2049 3883 5
2097 3828 2416 3897 quibusdam
2459 3829 2566 3881 iam
2609 3832 2710 3885 Μυ

414 3916 662 3972 latrebris
700 3918 767 3973 N
768 3920 783 3955 ¹
925 3920 957 3972 6
1003 3921 1097 3971 aut
1132 3920 1187 3970 et
1223 3916 1491 3985 squamosi
1528 3917 1604 3970 M
1735 3918 1766 3970 7
1813 3915 1972 3968 huius
2010 3934 2110 3971 om.
2150 3917 2225 3969 M
2357 3920 2388 3970 9
2437 3932 2564 3970 ceno
2602 3919 2706 3986 ΜΡ

418 4008 484 4061 10
521 4004 775 4059 orationis
812 4006 889 4059 Μ
1000 4006 1059 4059 11
1100 4004 1247 4057 ericii
1283 4005 1382 4059 Mv
1501 4006 1565 4059 12
1604 4002 1938 4056 diuersarum
1975 4004 2052 4057 M
2162 4005 2226 4058 13
2264 4003 2618 4072 respondeant
2653 4007 2707 4057 et

417 4092 556 4146 sicut
580 4093 655 4146 M
755 4094 821 4147 14
846 4090 1073 4145 condam
1099 4092 1175 4147 M
1269 4089 1553 4160 ydolorum
1571 4108 1616 4160 Ρ
1727 4093 1792 4145 15
1819 4088 2020 4143 fecistis
2037 4092 2104 4159 1³¹
2216 4094 2280 4145 16
2306 4092 2614 4159 serpentum
2638 4109 2708 4147 av

416 4178 673 4247 fulgentis
722 4180 821 4234 Mv
964 4182 1025 4234 17
1074 4177 1305 4231 ouilibus
1351 4180 1425 4233 M
1561 4180 1627 4233 18
1672 4175 2100 4247 pulcritudinum
2142 4196 2184 4247 Ρ
2327 4179 2395 4231 20
2439 4176 2623 4229 lumen
2661 4196 2705 4246 Ρ

415 4266 497 4337 ut]
536 4269 593 4320 et
626 4268 725 4337 ΝΡ
850 4269 913 4323 21
956 4270 1223 4321 reseruato
1262 4267 1327 4321 N
1447 4267 1515 4321 22
1550 4264 1708 4335 puro]
1745 4267 1927 4334 aperto
1965 4265 2040 4318 M
2155 4265 2220 4319 24
2259 4263 2566 4332 intelligant
2600 4264 2704 4334 ΜΡ

414 4354 578 4409 fuisse
625 4370 833 4423 semper
878 4355 954 4410 M
1072 4356 1140 4410 26
1184 4353 1441 4422 incipiam
1484 4355 1588 4423 ΜΡ
1718 4354 1784 4409 27
1829 4355 1893 4405 ut
1937 4369 2038 4407 om.
2078 4352 2154 4407 Μ
2249 4368 2310 4405 ea
2347 4350 2512 4419 nitar]
2552 4350 2704 4405 anni-

413 4444 501 4496 tar
534 4442 611 4498 Μ
672 4441 845 4496 enitar
878 4459 948 4498 av
1052 4439 1291 4495 exciuere
1328 4459 1396 4495 av
