3167 4975
593 1398 1186 1484 GENNADIUS
1256 1399 1364 1484 IN
1438 1400 1935 1486 OATALOGO
2011 1403 2205 1489 GAP.
2269 1403 2474 1488 LXII.

530 1613 599 1666 H
780 1637 840 1657 =
880 1611 1165 1681 Herdingii
1204 1613 1382 1668 editio.

531 1700 724 1754 Bamb.
776 1723 837 1743 τε
878 1699 993 1753 cod.
1032 1699 1444 1769 Bambergensis
1481 1703 1580 1756 677
1620 1717 1752 1755 saec.
1781 1700 1874 1756 XI.
1920 1707 1950 1786 l
1991 1745 2134 1816 apud
2169 1747 2530 1815 Herdingium

530 1789 695 1842 Bem.
779 1811 839 1832 =
880 1785 995 1840 cod.
1034 1787 1319 1842 Bernensis
1358 1803 1491 1842 saec.
1520 1788 1614 1843 XI.
1924 1786 1942 1851 Ι

524 1891 565 1942 Ρ
779 1897 840 1918 =
880 1873 993 1928 cod.
1031 1874 1308 1929 Parisinus
1350 1878 1519 1931 14860
1556 1891 1686 1930 saec.
1715 1875 1867 1930 XIII.

480 2083 819 2149 Cassianus
866 2085 1121 2150 natione
1169 2085 1403 2168 Scytha
1448 2084 1995 2171 Constantinopoli
2042 2106 2080 2152 a
2123 2089 2400 2154 Iohanne
2447 2089 2683 2174 Magno

392 2189 681 2272 episcopo
729 2190 1023 2254 diaconus
1072 2191 1395 2255 ordinatus
1443 2191 1606 2274 apud
1639 2191 1994 2256 Massiliam
2041 2193 2366 2276 presbyter
2406 2196 2684 2259 condidit

391 2294 511 2357 duo
558 2295 959 2375 monasteria,
1007 2295 1069 2358 id
1118 2299 1214 2358 est
1244 2295 1523 2358 uirorum
1556 2313 1629 2358 ac
1661 2296 2020 2378 mulierum,
2069 2316 2226 2379 quae
2259 2317 2456 2382 usque
2498 2299 2682 2364 hodie

392 2401 656 2462 exstant.
706 2398 958 2482 scripsit
1004 2399 1384 2482 experientia
1430 2399 1844 2483 magistrante
1892 2400 2120 2466 librato
2168 2421 2454 2466 sermone
2502 2406 2566 2467 et
2611 2409 2682 2469 ut

309 2534 337 2571 5
393 2504 667 2585 apertius
700 2504 903 2567 dicam
938 2522 1124 2568 sensu
1158 2504 1351 2568 uerba
1383 2505 1711 2569 inueniens
1747 2510 1811 2570 et
1842 2507 2084 2572 actione
2108 2507 2392 2591 linguam
2417 2527 2678 2574 mouens

286 3056 338 3093 10

286 3580 337 3621 15

389 2627 490 2672 res
551 2608 834 2672 omnium
895 2608 1343 2673 monachorum
1404 2610 1778 2692 professioni
1823 2612 2228 2691 necessariaS,
2285 2613 2347 2676 id
2396 2617 2518 2677 est:
2583 2614 2678 2677 ‘de

390 2710 613 2777 habitu
673 2712 987 2777 monachi'
1035 2718 1099 2777 et
1144 2713 1238 2776 ‘de
1285 2714 1582 2778 canonico
1645 2716 1997 2779 orationum
2045 2717 2229 2780 modo
2277 2720 2464 2799 atque
2509 2718 2677 2801 psal-

391 2816 678 2898 momm‘,
724 2818 833 2899 qui
863 2818 927 2882 in
960 2818 1357 2882 monasteriis
1390 2816 1664 2903 Aegypti
1698 2819 1796 2882 die
1827 2824 2138 2902 noctuque
2173 2825 2441 2903 tenetur,
2483 2821 2678 2887 libros

392 2925 539 3001 tres,
604 2922 1113 2987 ‘institutionum'
1160 2921 1393 2986 librum
1442 2942 1661 3004 unum,
1719 2924 1813 2987 ‘de
1861 2925 2098 3008 origine
2145 2930 2208 2989 et
2252 2926 2556 3008 qualitate
2605 2945 2679 2991 ac

390 3027 683 3090 remediis
730 3031 868 3091 octo
913 3028 1357 3110 principalium
1402 3028 1720 3092 uitiorum’
1766 3028 1960 3093 libros
2002 3030 2178 3110 VIII,
2227 3031 2509 3115 singulos
2559 3032 2678 3096 sci-

390 3131 539 3196 licet
584 3132 661 3195 de
707 3132 971 3216 singulis
1018 3132 1192 3196 uitiis
1239 3131 1432 3198 libros
1482 3133 1845 3216 expediens;
1910 3134 2173 3218 digessit
2229 3135 2421 3199 etiam
2468 3136 2678 3200 ‘colla-

391 3236 593 3300 tiones
640 3254 783 3301 cum
829 3236 1115 3319 patribus
1146 3235 1477 3320 Aegyptiis
1509 3235 1803 3318 habitas’,
1850 3239 1967 3302 hoc
2000 3243 2098 3303 est
2130 3239 2225 3302 ‘de
2257 3240 2676 3305 destinatione

390 3339 686 3405 monachi
731 3358 802 3404 ac
847 3340 1012 3420 fine',
1061 3342 1157 3405 ‘de
1190 3341 1606 3422 discretione’,
1654 3342 1749 3407 ‘de
1781 3340 1984 3406 tribus
2019 3344 2096 3407 ad
2129 3344 2529 3408 seruiendum
2562 3346 2675 3410 deo

392 3445 866 3527 uocationibus‘,
925 3446 1021 3509 ‘de
1074 3465 1290 3531 pugna
1351 3447 1557 3511 carnis
1607 3448 1908 3512 aduersus
1959 3449 2248 3532 spiritum
2299 3454 2362 3514 et
2417 3451 2674 3533 spiritus

391 3550 689 3615 aduersus
739 3552 1031 3631 carnem’,
1080 3552 1174 3615 ‘de
1220 3555 1448 3616 natura
1478 3552 1762 3616 omnium
1795 3552 2134 3634 uitiorum',
2183 3554 2278 3617 ‘de
2310 3572 2462 3619 nece
2495 3573 2675 3619 sanc-

391 3658 641 3735 torum‘‚
689 3655 785 3719 ‘de
832 3655 1183 3719 mobilitate
1232 3656 1519 3737 animae',
1568 3657 1664 3719 ‘de
1694 3656 2192 3740 principatibus’‚
2242 3660 2337 3722 ‘de
2369 3660 2672 3741 qualitate

478 3880 503 3934 1
546 3882 703 3933 natus
740 3882 883 3933 serta
905 3880 1098 3935 Bamb.
1125 3880 1289 3936 Rern.
1312 3898 1353 3950 Ρ
1461 3884 1493 3935 3
1532 3882 1616 3949 ac]
1655 3883 1710 3933 et
1736 3899 1780 3951 Ρ
1888 3884 1920 3935 6
1954 3882 2274 3935 necessarias
2297 3882 2614 3951 professioni
2629 3902 2674 3954 Ρ

390 3968 421 4021 ‘7
460 3965 525 4019 de
559 3967 811 4021 canonico
844 3966 1145 4021 orationum
1180 3966 1338 4021 modo
1374 3970 1531 4036 atque
1566 3967 1894 4036 psalmorum
1927 3970 2120 4023 Bamb.
2147 3970 2311 4025 Bern.
2331 3988 2405 4039 Ρ.·
2439 3972 2508 4039 cf.
2537 3973 2672 4025 Inst.

392 4056 447 4109 ll.
484 4056 559 4109 ΙΙ
587 4061 636 4109 et
670 4056 778 4109 111
809 4055 959 4110 tituli
1098 4052 1181 4108 ‘de
1228 4054 1480 4109 canonica
1524 4054 1778 4109 oratione'
1815 4057 1973 4123 atque
2011 4054 2356 4123 ‘psalmorum
2400 4056 2574 4111 modo'
2612 4057 2681 4112 H

390 4144 422 4195 9
458 4141 590 4210 tres]
627 4144 881 4210 quattuor
914 4142 983 4196 H
987 4162 1004 4196 .·
1046 4158 1207 4197 uenas
1250 4159 1506 4197 nwnerus
1551 4149 1698 4197 eattat
1742 4144 1804 4197 in
1831 4160 1876 4211 Ρ
2021 4144 2085 4197 10
2121 4142 2345 4212 scilicet]
2384 4144 2597 4212 quidem
2629 4163 2672 4215 Ρ

393 4230 452 4284 11
493 4228 789 4297 expendens
816 4246 861 4298 Ρ
990 4230 1053 4284 12
1089 4228 1388 4297 Aegyptiis]
1430 4229 1595 4298 egipti
1632 4247 1669 4299 Ρ
1803 4231 1867 4284 13
1903 4228 2006 4282 fine
2037 4248 2109 4298 Ρ.·
2141 4228 2248 4283 fide
2285 4231 2354 4284 H
2478 4233 2542 4287 14
2581 4230 2674 4284 ad-

389 4332 573 4369 uersus
612 4315 860 4385 spiritum
876 4332 949 4385 p.-
973 4314 1256 4369 aduersum
1283 4316 1532 4384 spiritum
1558 4316 1628 4371 H
1653 4318 1721 4385 cf.
1752 4316 1907 4371 Gonl.
1935 4316 2080 4370 1111
2086 4318 2301 4386 passi-m
2425 4320 2491 4373 16
2527 4319 2673 4387 prin-

390 4401 653 4473 cipatibus
689 4420 811 4473 ⁰90³
848 4402 1231 4473 principalibus
1269 4405 1338 4459 H
1438 4404 1503 4458 dc
1538 4407 1658 4459 octo
1695 4401 2080 4473 principalibus
2116 4404 2264 4459 uitiis
2293 4422 2338 4475 Ρ

2298 4490 2362 4543 8*
