3167 4975
472 382 588 440 XL

803 547 1045 602 Cassiani
1082 548 1248 603 uerba
2196 548 2245 602 X

473 676 616 719 mus
641 653 714 717 id
739 653 1044 740 temporis
1069 654 1354 742 euayati,
1380 654 1565 740 quip-
1676 654 1996 718 tendentes
2022 664 2079 717 et
2106 652 2269 739 quid
2281 653 2767 741 principaliter

469 782 553 844 pe
607 780 754 821 cum
811 758 1007 822 etiam
1063 758 1350 822 omnium
1403 758 1565 822 uisi-
1674 768 1884 821 tenere
1948 780 2061 821 nos
2104 768 2455 845 ⁴oporteret
2522 758 2767 845 quidue

475 862 712 926 bilium
758 862 832 925 in
877 864 993 926 hoc
1021 862 1280 927 saeculo
1313 863 1568 927 artium
1672 884 1907 925 cauere
1966 862 2278 926 similiter
2342 885 2371 927 e
2432 864 2766 927 contrario

475 966 840 1053 disciplina
900 967 1136 1053 absque
1185 967 1566 1031 destinatio·
1674 967 2043 1031 deberemus
2125 966 2508 1030 omnimodis
2592 966 2767 1054 ’ἐφισ-

473 1072 578 1134 nis
622 1070 880 1134 ratione
921 1070 1272 1135 subsistere
1311 1095 1389 1135 ac
1425 1073 1567 1136 sine
1674 1081 1913 1150 rantes,
1975 1071 2288 1157 illamque
2340 1094 2513 1157 prae
2571 1071 2769 1135 omni-

472 1175 1015 1263 contemplatione
1061 1176 1223 1240 certi
1245 1176 1411 1259 finis
1453 1176 1566 1239 ad-
1675 1175 1793 1240 bus
1850 1175 2289 1260 definitionem
2332 1175 2503 1237 senis
2562 1175 2769 1239 ueris-

475 1280 644 1366 tinqi
689 1282 949 1343 omnino
995 1302 1124 1343 non
1161 1281 1394 1366 possit.
1672 1280 1906 1343 simam
1981 1279 2551 1366 conprobauimus,
2619 1278 2769 1341 nul-

1679 1384 1810 1447 lius
1836 1384 2005 1448 artis
2036 1406 2151 1447 seu
2176 1383 2572 1469 disciplinae
2592 1383 2769 1469 peri-

1676 1488 1841 1551 tiam
1876 1510 2071 1574 posse
2108 1488 2251 1551 sine
2306 1486 2767 1551 destinationis

1676 1593 1935 1656 ratione
1957 1592 2316 1657 subsistere
2331 1614 2443 1656 nec
2466 1592 2605 1655 sine
2630 1612 2770 1654 con-

1675 1696 2089 1783 templatione
2171 1697 2335 1761 certi
2404 1695 2571 1780 finis
2656 1694 2769 1758 ad-

1678 1802 1865 1889 tinqi.

566 2011 742 2076 Libri
788 2029 982 2075 manu
1030 2012 1247 2095 scripti
1311 2030 1468 2093 quos
1524 2012 2033 2077 enumerauimus
2082 2016 2145 2077 et
2207 2012 2435 2094 quibus
2496 2012 2645 2076 solis
2705 2012 2771 2075 in

477 2120 652 2181 textu
714 2107 1151 2180 constituendo
1206 2116 1305 2179 usi
1351 2135 1570 2179 sumus
1630 2117 1832 2199 pretio
1878 2118 1969 2181 ita
2014 2117 2178 2181 inter
2224 2137 2289 2181 se
2336 2116 2653 2196 differunt,
2700 2120 2773 2179 ut

480 2221 756 2305 optimus
804 2220 888 2284 sit
929 2218 1000 2296 V,
1049 2221 1326 2303 proxime
1373 2222 1677 2284 accedant
1704 2218 1880 2298 DW,
1928 2222 2249 2303 aliquanto
2296 2221 2552 2285 inferior
2591 2220 2773 2284 boni-

477 2330 609 2390 tate
666 2325 748 2388 sit
802 2322 876 2405 O,
921 2325 1249 2408 perpaucis
1311 2328 1562 2389 tantum
1609 2326 1764 2389 locis
1822 2345 2045 2389 uerum
2106 2325 2441 2389 exhibeant
2486 2322 2619 2385 PX.
2700 2342 2773 2387 ac

479 2430 756 2515 primum
818 2430 1069 2512 quidem
1128 2427 1188 2492 V
1226 2448 1296 2494 eo
1351 2430 1607 2494 nomine
1666 2430 1935 2515 insignis
1998 2433 2114 2512 est,
2177 2430 2341 2513 quod
2405 2430 2573 2494 haud
2632 2447 2772 2494 raro

482 2536 650 2600 solus
698 2535 982 2599 omnium
1029 2553 1246 2598 ueram
1291 2535 1627 2599 lectionem
1675 2535 1972 2599 seruauit.
2042 2536 2118 2600 cf.
2156 2536 2306 2615 IIII,
2343 2533 2444 2614 13,
2480 2533 2535 2598 1.
2574 2531 2676 2614 19,
2712 2532 2767 2596 1.

479 2640 590 2719 VI,
622 2637 684 2718 6,
714 2637 774 2702 4.
813 2637 914 2719 11,
952 2639 1006 2702 1.
1041 2639 1184 2720 VH,
1210 2637 1272 2720 5,
1307 2638 1363 2703 7.
1400 2637 1458 2702 9.
1499 2637 1601 2718 19,
1632 2639 1691 2704 2.
1727 2638 1832 2719 21,
1864 2637 1923 2702 4.
1960 2638 2148 2718 30,1.
2184 2637 2289 2718 31,
2321 2637 2379 2702 2.
2414 2638 2591 2716 VIII,
2616 2637 2677 2717 3,
2710 2637 2769 2702 3.

479 2741 543 2824 4,
575 2741 633 2807 2.
672 2741 753 2804 12
785 2743 920 2808 init.
954 2742 1060 2824 21,
1103 2741 1162 2806 6.
1198 2742 1301 2807 22.
1347 2744 1555 2824 VIIII,
1589 2742 1673 2807 35
1704 2745 1803 2808 tit.
1844 2742 1907 2822 5,
1941 2743 1999 2807 3.
2048 2742 2149 2824 18,
2191 2742 2248 2807 3.
2295 2741 2399 2821 30,
2440 2741 2500 2805 2.
2546 2739 2647 2806 32.
2692 2742 2772 2822 X,

484 2846 544 2927 7,
590 2845 649 2911 2.
703 2846 804 2927 11,
851 2845 893 2909 2
940 2851 1002 2912 et
1048 2847 1106 2911 6.
1160 2847 1260 2929 13,
1308 2847 1369 2912 2.
1440 2849 1659 2912 multis
1708 2848 1848 2912 aliis
1894 2847 2047 2912 locis
2094 2848 2280 2912 lectio
2327 2847 2393 2911 in
2451 2844 2511 2908 V
2543 2846 2775 2910 tradita

483 2955 700 3016 contra.
742 2949 904 3012 DW
944 2955 1054 3016 aut
1107 2951 1401 3016 omnibus
1457 2952 1869 3016 deterioribus
1925 2951 2103 3016 libris
2160 2949 2337 3014 OPX
2376 2955 2486 3016 aut
2531 2969 2654 3016 uno
2702 2969 2773 3013 ex

484 3056 572 3118 eis
619 3055 1041 3120 confirmatur.
1095 3057 1173 3120 cf.
1223 3057 1374 3136 ΠΗ,
1419 3054 1518 3136 19,
1561 3055 1602 3118 6
1645 3060 1708 3121 et
1750 3056 1805 3120 7.
1852 3055 1927 3137 V,
1970 3055 2028 3119 9.
2078 3055 2177 3136 15,
2219 3057 2277 3120 3.
2322 3055 2428 3137 27,
2464 3055 2521 3120 1.
2566 3055 2676 3136 VI,
2711 3054 2772 3134 3,

487 3158 520 3220 1
557 3163 620 3224 et
650 3159 710 3224 3.
747 3158 976 3240 10,10.
1015 3159 1116 3240 11,
1153 3159 1210 3224 7.
1243 3160 1387 3240 VII,
1423 3159 1504 3224 15
1538 3161 1637 3224 tit.
1671 3157 1731 3240 8,
1765 3160 1824 3223 3.
1864 3159 1964 3239 12,
1990 3159 2049 3223 2.
2087 3159 2188 3240 13,
2214 3160 2273 3224 3.
2312 3159 2410 3223 14.
2443 3158 2549 3238 21,
2574 3158 2634 3222 4.
2668 3156 2772 3222 24.

483 3262 588 3344 25,
624 3263 678 3327 1.
715 3261 816 3327 28.
853 3263 953 3328 29.
1001 3265 1174 3344 VIII,
1209 3263 1269 3344 8,
1303 3263 1361 3327 3.
1413 3264 1512 3345 10,
1545 3263 1605 3328 3.
1645 3263 1745 3343 16,
1779 3264 1837 3328 3.
1873 3263 1977 3344 21,
2012 3265 2071 3328 6.
2116 3263 2219 3344 25,
2252 3263 2312 3327 3.
2356 3265 2566 3344 VIIII,
2608 3261 2669 3344 3,
2710 3260 2770 3326 2.

483 3367 546 3448 6,
577 3367 636 3432 2.
675 3366 734 3448 7,
770 3367 825 3432 1.
865 3367 964 3450 15,
1002 3368 1058 3432 1.
1097 3367 1198 3450 17,
1236 3369 1289 3432 1.
1330 3367 1430 3449 18,
1462 3368 1520 3433 2.
1557 3367 1662 3451 22,
1692 3369 1753 3432 4.
1790 3367 1894 3449 28,
1926 3367 1986 3433 2.
2022 3366 2127 3450 29,
2160 3368 2218 3433 2.
2254 3367 2359 3449 34,
2392 3366 2431 3430 8
2480 3367 2651 3452 (bis).
2694 3367 2774 3448 X,

489 3471 590 3552 11,
628 3472 659 3533 1
696 3476 759 3536 et
789 3471 849 3536 5.
899 3492 1102 3556 neque
1147 3477 1363 3538 tamen
1394 3474 1625 3538 codicis
1658 3475 1997 3538 auctoritas
2040 3473 2201 3538 tanti
2234 3473 2629 3537 aestimanda
2658 3473 2775 3551 est,

485 3580 558 3641 ut
617 3577 673 3641 ei
735 3596 772 3640 a
831 3578 1056 3642 ceteris
1117 3577 1410 3642 omnibus
1474 3579 1872 3643 dissentienti
1936 3579 2153 3642 statim
2216 3578 2415 3641 maior
2476 3576 2630 3641 fides
2693 3576 2777 3640 sit

485 3681 808 3746 habenda:
872 3682 1067 3746 immo
1113 3682 1473 3746 huiusmodi
1532 3683 1687 3747 locis
1748 3683 2063 3765 plerisque
2125 3685 2236 3746 aut
2297 3684 2509 3764 aperte
2568 3683 2779 3764 potest

487 3787 776 3850 conuinci
820 3783 880 3848 V
902 3805 1038 3850 esse
1079 3789 1442 3869 corruptum
1476 3784 1582 3867 (ef.
1618 3786 1761 3866 VH,
1786 3786 1847 3867 3,
1872 3786 1933 3848 4.
1965 3786 2028 3867 4,
2055 3785 2112 3850 2.
2150 3784 2255 3868 26,
2280 3784 2339 3850 6.
2376 3785 2479 3866 30,
2511 3785 2564 3849 1.
2598 3785 2775 3865 VIII,

487 3887 592 3969 25,
620 3888 676 3953 1.
709 3891 789 3970 Χ,
814 3888 875 3970 2,
901 3890 958 3953 3.
995 3887 1057 3970 8,
1081 3889 1122 3953 3
1147 3894 1210 3954 et
1229 3890 1300 3974 4)
1347 3894 1459 3955 aut
1503 3895 1671 3955 certe
1703 3907 2047 3954 consensus
2091 3892 2475 3974 reliquorum
2516 3889 2778 3952 minime

491 3989 878 4077 spernendus
926 3998 1039 4058 est.
1119 3995 1329 4077 itaque
1377 3995 1477 4058 his
1522 3995 1677 4059 locis
1724 3995 2060 4060 lectionem
2121 3995 2177 4056 V
2214 3995 2593 4058 reiciendam
2641 4011 2779 4056 esse

488 4100 741 4182 putaui:
785 4099 936 4178 IIII,
973 4097 1072 4179 12,
1105 4097 1164 4162 5.
1205 4097 1304 4179 19,
1342 4098 1373 4160 1
1412 4099 1562 4183 (ne).
1600 4098 1675 4178 V,
1708 4098 1771 4178 4,
1803 4097 1844 4160 2
1876 4098 2137 4183 (Uulg.).
2174 4099 2232 4162 5.
2271 4099 2373 4178 15,
2410 4096 2467 4162 1.
2500 4097 2611 4176 VI,
2649 4097 2705 4178 1,
2736 4095 2779 4158 2

495 4201 952 4288 (interempti).
1001 4202 1061 4282 6,
1109 4201 1150 4264 2
1202 4201 1542 4288 (patiens).
1598 4201 1677 4266 15
1723 4203 1829 4266 fin.
1882 4200 2381 4287 (recuperatio).
2432 4202 2573 4280 VII,
2622 4199 2683 4282 2,
2716 4200 2776 4265 2.

489 4307 552 4388 3,·
583 4306 624 4368 2
661 4305 1000 4392 (luctum).
1037 4306 1097 4386 5,
1135 4306 1165 4367 1
1208 4305 1420 4390 (alii).
1463 4305 1524 4387 5,
1558 4306 1598 4369 9
1639 4307 1903 4391 (Uulg.).
1940 4307 2081 4388 VII,
2112 4305 2217 4388 21,
2250 4307 2291 4370 3
2329 4304 2566 4391 (illos).
2600 4303 2707 4384 21,
2738 4304 2783 4365 4
