3167 4975
1176 419 1335 476 Inet.
1372 419 1482 475 lib.
1522 419 1595 486 H,
1637 423 1856 478 12—14.
2589 422 2671 488 29

380 602 653 664 conetur.
734 597 1007 662 secunda
1051 615 1221 678 uero,
1269 597 1456 680 quod,
1502 598 1760 662 tametsi
1807 599 1982 662 nulla
2026 599 2172 663 talis
2219 601 2494 664 uerenda
2538 600 2670 665 dia-

378 703 510 768 boli
554 707 833 787 emergat
879 702 1129 783 inlusio,
1191 702 1585 767 intercedens
1649 703 1840 768 etiam
1899 721 2094 786 purus
2141 721 2324 786 sopor
2379 705 2672 769 inertiam

380 809 687 873 monacho
750 825 893 872 mox
954 807 1327 891 euigilaturo
1388 808 1700 890 parturiat
1761 826 2144 891 segnemque
2205 812 2520 893 torporem
2576 811 2674 874 in-

380 913 587 977 ferens
634 913 833 977 menti
878 931 987 995 per
1049 915 1256 976 totum
1318 912 1441 976 diei
1489 913 1766 996 spatium
1813 913 2096 996 uigorem
2161 913 2294 977 eius
2341 913 2672 995 obtundat,

300 1032 327 1070 ⁵
380 1018 679 1100 illamque
741 1016 997 1080 hebetet
1056 1017 1507 1100 perspicaciam
1568 1035 1792 1081 sensus
1855 1021 1916 1081 et
1975 1017 2423 1102 pinguedinem
2469 1019 2672 1082 cordis

274 1555 325 1594 10

272 2078 325 2119 15

380 1122 723 1203 exhauriat,
788 1140 947 1204 quae
1008 1139 1121 1186 uos
1182 1122 1383 1205 possit
1442 1141 1552 1204 per
1613 1125 1820 1186 totum
1881 1121 2048 1186 diem
2104 1123 2406 1186 aduersus
2453 1142 2670 1188 omnes

379 1227 639 1292 insidias
698 1226 939 1291 inimici
985 1226 1294 1291 cautiores
1340 1226 1850 1308 robustioresque
1911 1245 2180 1291 seruare.
2261 1227 2673 1309 quamobrem

380 1331 697 1396 canonicis
759 1331 997 1415 uigiliis
1057 1331 1342 1414 priuatae
1404 1330 1483 1395 ab
1547 1331 1637 1395 eis
1699 1329 2168 1416 subiunguntur
2236 1332 2530 1396 excubiae
2601 1351 2674 1396 ac

379 1436 613 1500 maiore
659 1436 785 1500 illis
832 1435 1271 1500 obseruatione
1319 1435 1684 1516 succedunt,
1732 1439 1803 1500 ut
1850 1439 1914 1499 et
1944 1436 2056 1500 illa
2092 1435 2465 1520 purificatio,
2512 1455 2672 1520 quae

380 1540 641 1625 psalmis
691 1544 789 1604 est
834 1545 897 1605 et
941 1540 1331 1604 orationibus
1378 1539 1714 1622 adquisita,
1777 1558 1904 1605 non
1948 1545 2183 1624 pereat,
2246 1545 2311 1605 et
2369 1541 2673 1606 intentior

380 1645 733 1710 sollicitudo
794 1644 1163 1728 diligentius
1230 1661 1343 1708 nos
1406 1663 1517 1728 per
1584 1644 1752 1708 diem
1815 1645 2206 1710 custoditura
2266 1650 2672 1728 praeparetur

380 1750 785 1815 meditatione
833 1752 1159 1814 nocturna.

466 1854 675 1918 XIIII.
736 1853 819 1919 Et
876 1853 1106 1918 idcirco
1168 1871 1273 1918 eas
1334 1871 1481 1918 cum
1548 1853 1896 1918 adiectione
1959 1854 2163 1938 operis
2224 1859 2670 1936 exsequuntur,

379 1978 458 2023 ne
516 1960 695 2024 uelut
739 1958 955 2023 otiosis
1017 1958 1229 2022 ualeat
1274 1976 1532 2022 somnus
1595 1957 1896 2042 inrepere.
1969 1958 2135 2022 sicut
2195 1959 2365 2022 enim
2423 1959 2670 2024 nullum

380 2064 577 2129 ferme
624 2065 701 2130 ab
751 2065 841 2128 eis
886 2064 999 2129 otii
1044 2068 1295 2146 tempus
1344 2063 1666 2148 excipitur,
1715 2065 1807 2128 ita
1850 2084 1928 2128 ne
1974 2064 2371 2129 meditationi
2417 2065 2670 2147 quidem

378 2169 646 2253 spiritali
691 2168 835 2234 finis
880 2169 1220 2253 inponitur.
1301 2185 1448 2233 nam
1495 2169 1731 2252 pariter
1793 2173 2151 2234 exercentes
2199 2168 2473 2251 corporis
2535 2168 2670 2232 aui-

378 2293 643 2358 maeque
688 2275 957 2340 uirtutes
1004 2274 1325 2338 exterioris
1373 2273 1648 2338 hominis
1684 2274 2001 2357 stipendia
2043 2292 2190 2338 cum
2222 2274 2668 2339 emolumentis

376 2379 691 2445 interioris
726 2383 1093 2462 exaequant,
1140 2377 1398 2443 lubricis
1430 2378 1710 2442 motibus
1744 2379 1945 2443 cordis
1979 2381 2043 2443 et
2073 2378 2469 2444 fluctuationi
2501 2378 2670 2462 cogi-

378 2485 691 2551 tationum
759 2483 1044 2549 instabili
1104 2503 1363 2567 operum
1422 2484 1702 2568 pondera
1761 2484 1940 2549 uelut
2004 2484 2324 2566 quandam
2383 2489 2669 2549 tenacem

380 2594 569 2673 atque
628 2590 999 2655 inmobilem
1063 2589 1403 2655 anchoram
1474 2588 1913 2673 praefigenteS,
1984 2590 2086 2654 cui
2155 2588 2522 2654 uolubilitas
2597 2607 2670 2653 ac

2717 608 2754 662 3

375 2696 739 2780 peruagatio
802 2695 1005 2760 cordis
1051 2695 1279 2759 innexa
1338 2694 1505 2759 intra
1550 2696 1828 2760 claustra
1886 2695 2080 2759 cellae
2129 2695 2306 2758 uelut
2363 2694 2429 2758 in
2485 2698 2668 2776 portu
2753 2748 2758 2753 .
2829 2696 2836 2704 “

374 2799 679 2866 fidissimo
712 2800 923 2865 ualeat
955 2799 1281 2881 contineri,
1328 2802 1517 2881 atque
1547 2799 1642 2864 ita
1672 2800 1941 2884 spiritali
1987 2799 2385 2864 meditationi
2417 2802 2668 2864 tantum

378 2909 441 2970 et
471 2904 791 2970 custodiae
824 2904 1279 2989 cogitationum
1302 2905 1547 2969 intenta
1570 2922 1697 2969 non
1723 2904 1906 2969 modo
1933 2905 2010 2969 ad
2035 2922 2410 2969 consensum
2434 2922 2668 2988 prauae

376 3010 677 3092 cuiusque
724 3010 1145 3097 suggestionis
1192 3009 1565 3094 peruigilem
1621 3013 1900 3074 mentem
1954 3028 2250 3074 conruere
2305 3027 2430 3075 non
2477 3010 2666 3091 sinat,

377 3134 597 3179 uerum
632 3116 823 3180 etiam
864 3114 941 3179 ab
984 3115 1155 3179 omni
1197 3114 1513 3197 superflua
1550 3114 1874 3196 otiosaque
1914 3115 2291 3199 cogitatione
2332 3114 2665 3196 custodiat,

375 3220 465 3284 ita
504 3223 595 3299 ut,
642 3220 791 3303 quid
839 3238 911 3283 ex
957 3238 1079 3302 quo
1118 3219 1408 3303 pendeat,
1456 3218 1626 3283 haud
1657 3218 1841 3283 facile
1871 3219 2074 3303 possit
2114 3238 2152 3283 a
2190 3236 2507 3303 quoquam
2537 3218 2667 3283 dis-

375 3324 564 3404 cerni,
620 3324 684 3387 id
739 3328 837 3389 est
880 3328 1095 3388 utrum
1147 3327 1402 3406 propter
1456 3324 1934 3387 meditationem
1995 3323 2344 3406 spiritalem
2388 3324 2666 3389 incessa-

372 3427 501 3493 bile
540 3446 847 3493 manuum
891 3447 1047 3512 opus
1097 3430 1441 3509 exerceant,
1491 3446 1572 3491 an
1617 3431 1872 3511 propter
1917 3428 2121 3511 operis
2167 3428 2500 3512 iugitatem
2532 3430 2666 3491 tam

373 3534 763 3617 praeclarum
826 3533 1085 3617 spiritus
1144 3534 1495 3618 profectum
1556 3532 1980 3615 scientiaeque
2039 3534 2255 3597 lumen
2311 3534 2660 3615 adquirant.

464 3690 489 3743 1
530 3686 761 3743 secundo
802 3688 876 3743 G¹
986 3686 1190 3742 diabuli
1227 3688 1367 3744 11¹1,
1473 3690 1506 3743 2
1544 3686 1867 3742 intercidens
1905 3689 2044 3742 HL¹
2160 3690 2194 3744 3
2231 3688 2541 3757 signemque
2578 3690 2662 3743 Π1

372 3775 623 3831 imferens
649 3776 703 3830 L
810 3778 841 3831 5
878 3774 1086 3829 hebitet
1112 3775 1186 3830 G¹
1258 3775 1304 3829 ἃ
1329 3776 1481 3830 illam
1505 3774 1712 3829 hebitet
1737 3776 1804 3830 H
1869 3774 2021 3829 illam
2048 3778 2156 3845 quii.
2178 3774 2333 3829 hab&
2356 3776 2410 3831 L
2435 3793 2501 3832 ex
2525 3792 2661 3831 corr.

370 3863 747 3934 perspicatiam
774 3864 845 3917 Π
978 3862 1363 3931 pinguedinem
1393 3864 1519 3920 6²3
1552 3864 1736 3918 Paris.
1762 3866 1897 3917 260.-
1931 3862 2306 3931 pinguidinem
2335 3863 2480 3919 G¹H
2543 3862 2663 3933 pin-

371 3950 658 4019 guitudine
691 3951 743 4005 L
852 3952 883 4005 6
920 3949 1205 4004 aduersum
1244 3951 1297 4004 L
1403 3952 1435 4005 9
1474 3950 1662 4004 maiori
1688 3951 1757 4005 H
1859 3952 1922 4005 10
1959 3950 2256 4019 atquaesita
2279 3951 2362 4005 11¹
2473 3952 2538 4006 13
2560 3968 2660 4005 nu-

370 4056 575 4094 merum
611 4056 712 4093 om.
751 4038 867 4093 HL
992 4040 1324 4106 exequuntur
1364 4038 1470 4093 GL
1598 4039 1662 4094 14
1704 4052 1960 4106 sompnus
1995 4038 2049 4092 L
2173 4037 2400 4106 inripere
2446 4039 2516 4093 H
2579 4038 2661 4091 in-

371 4142 588 4195 reppere
614 4124 688 4181 L¹
798 4128 863 4182 15
899 4125 974 4178 oti
1002 4126 1083 4180 11¹
1196 4128 1257 4180 17
1296 4125 1672 4179 emulamentis
1699 4126 1778 4179 Η1
1855 4123 2234 4178 emulumentis
2259 4126 2333 4180 L¹
2441 4127 2505 4180 19
2529 4141 2660 4193 pon-

372 4213 497 4267 dere
544 4214 617 4268 0¹
732 4214 797 4269 21
846 4213 1027 4266 innixa
1069 4213 1122 4267 L
1226 4215 1443 4281 portum
1489 4212 1561 4267 6¹
1679 4215 1746 4267 22
1786 4212 2056 4266 conteneri
2092 4213 2162 4267 II
2267 4214 2335 4267 23
2372 4212 2582 4265 intenta
2617 4214 2664 4269 S

370 4300 579 4355 intenta
623 4304 685 4353 ut
727 4301 781 4355 L
956 4301 1024 4354 24
1066 4299 1433 4367 suggestiones
1470 4300 1545 4355 L¹
1725 4298 1904 4353 sinant
1943 4298 2088 4354 G¹Il
2256 4300 2324 4353 26
2359 4298 2492 4353 haut
2531 4300 2660 4354 G2L

368 4390 438 4443 29
475 4386 726 4441 scientiae
763 4386 832 4441 Η

476 4490 603 4533 xvn.
634 4490 749 4549 Cass.
772 4492 807 4532 1.
2283 4478 2347 4525 10
