3167 4975
514 434 643 499 250
1332 436 1646 490 Iohannis
1693 435 1994 491 Cassia-ni

514 613 723 674 ortum
768 628 893 675 non
941 614 1091 674 tunc
1137 614 1385 676 tantum
1435 632 1580 677 cum
1629 617 1806 679 actus
1853 616 1952 677 est
2011 612 2396 694 nuntiatum,
2459 612 2569 676 sed
2616 613 2810 676 etiam

514 713 591 778 ab
625 716 760 798 ipso
794 715 1131 779 admodum
1162 718 1382 781 mundi
1415 721 1555 782 ortu
1589 736 1726 781 esse
1773 717 2184 802 praedictum,
2232 737 2298 782 re
2345 736 2498 781 uera
2527 721 2618 797 ut,
2664 717 2814 798 quia

512 818 827 883 ineffabile
859 838 1014 904 opus
1048 822 1362 904 agendum
1396 826 1548 903 erat,
1597 823 1848 887 tolleret
1891 823 2266 905 quandoque
2304 821 2810 885 incredulitatem

512 944 723 988 rerum
774 926 1201 1008 praesentium
1262 927 1614 1010 praemissa
1673 946 1918 1012 semper
1977 927 2370 992 annuntiatio
2431 926 2806 991 futurorum.

514 1029 605 1092 ait
642 1029 853 1111 itaque
882 1030 1103 1093 Esaias
1141 1032 1473 1113 propheta:
1522 1050 1690 1095 ecce
1737 1033 1949 1116 uirgo
1997 1032 2400 1115 concipiet,
2449 1034 2522 1095 et
2565 1031 2812 1115 pariet

512 1134 792 1214 filium,
840 1138 912 1197 et
956 1135 1335 1199 uocabunt
1382 1154 1647 1201 nomen
1693 1137 1852 1200 eius
1891 1135 2411 1217 Emmanuhel,
2459 1136 2649 1218 quod
2696 1138 2812 1199 est

514 1238 1129 1321 interpretatum:
1192 1239 1582 1305 nobiscum
1641 1242 1839 1305 deus.
1928 1242 2068 1323 quis
2131 1245 2228 1305 est
2279 1241 2404 1321 hic,
2469 1239 2808 1319 incredule,

513 1342 916 1426 ambiguitati
960 1343 1177 1409 locus?
1225 1350 1670 1428 concepturam
1710 1346 2018 1429 propheta
2047 1346 2361 1429 uirginem
2408 1345 2582 1425 dixit,
2629 1345 2808 1428 uirgo

512 1448 825 1530 concepit:
870 1447 1074 1512 filium
1120 1450 1529 1531 nasciturum,
1574 1449 1744 1513 filius
1791 1454 1980 1515 natus
2023 1453 2146 1514 est:
2195 1449 2550 1514 uocandum
2597 1448 2808 1529 deum,

512 1556 772 1616 uocatur
817 1552 990 1616 deus
1059 1553 1179 1617 hoc
1212 1554 1380 1618 enim
1412 1555 1763 1637 appellatur
1795 1555 2067 1635 nomine,
2116 1555 2281 1637 quod
2326 1557 2571 1619 natura.
2640 1553 2808 1617 unde

512 1674 658 1719 cum
718 1658 1069 1721 uocandum
1134 1677 1277 1722 eum
1332 1658 1427 1723 dei
1488 1660 1744 1742 spiritus
1807 1661 1994 1724 deum
2055 1660 2295 1740 dixerit,
2355 1658 2584 1742 probat
2642 1676 2708 1722 se
2771 1675 2810 1721 a

514 1760 738 1843 spiritu
784 1762 883 1825 dei
929 1780 1222 1842 uacuum,
1283 1763 1393 1845 qui
1453 1784 1520 1827 se
1582 1782 1620 1828 a
1678 1764 1989 1829 consortio
2034 1764 2305 1828 reddidit
2351 1764 2598 1827 diuinae
2645 1781 2808 1826 nun-

2871 1580 2934 1618 10

513 1864 865 1948 cupationis
922 1867 1216 1932 alienum.
1295 1886 1463 1931 ecce
1524 1886 1672 1951 ergo
1734 1868 1941 1950 inquit
2001 1869 2210 1952 uirgo
2272 1867 2672 1950 concipiet,
2733 1868 2808 1929 et
2921 1914 2930 1919 .

511 1970 755 2052 pariet
816 1970 1093 2051 filium,
1163 1975 1236 2035 et
1300 1971 1683 2036 uocabunt
1744 1990 2008 2036 nomen
2071 1974 2231 2037 eius
2291 1971 2804 2051 Emmanuhel,

513 2076 701 2156 quod
764 2079 877 2139 est
928 2075 1549 2159 interpretatum:
1613 2076 2002 2141 nobiscum
2066 2077 2264 2140 deus,
2343 2076 2453 2139 sed
2498 2078 2654 2141 illud
2707 2080 2806 2139 est

513 2180 778 2243 forsitan
837 2198 959 2262 quo
1030 2199 1097 2243 se
1160 2180 1430 2244 infidelis
1499 2184 1708 2245 uertat
1769 2182 2236 2265 tergiuersatio,
2305 2184 2377 2245 ut
2438 2181 2608 2245 dicat
2665 2180 2804 2259 hoc,

513 2284 677 2366 quod
746 2284 1099 2349 uocandum
1172 2304 1316 2349 eum
1385 2286 1574 2349 deum
1637 2286 1942 2369 propheta
2001 2286 2268 2367 dixerat,
2338 2303 2464 2349 non
2525 2290 2658 2349 tam
2725 2284 2802 2348 ad

511 2390 910 2454 maiestatem
969 2389 1323 2454 diuinitatis
1385 2408 1575 2472 quam
1641 2391 1717 2454 ad
1779 2391 2266 2474 appellationem
2327 2390 2602 2455 nominis
2665 2408 2804 2472 per-

511 2494 729 2558 tinere.
800 2496 908 2559 sed
940 2496 1090 2577 quid
1120 2495 1387 2559 facimus
1429 2497 1596 2578 quod
1638 2496 1990 2580 appellatus
2038 2495 2160 2560 hoc
2203 2496 2456 2561 nomine
2501 2496 2568 2559 in
2615 2513 2804 2558 euan-

508 2599 692 2682 geliis
740 2598 1026 2664 Christus
1083 2599 1338 2664 omnino
1400 2618 1524 2665 non
1586 2603 1702 2681 est,
1767 2603 1830 2664 et
1892 2603 2105 2664 tamen
2153 2601 2457 2665 mentitus
2506 2619 2644 2664 esse
2687 2619 2800 2683 per

510 2704 880 2787 prophetam
927 2703 1026 2768 dei
1072 2704 1329 2788 spiritus
1377 2705 1499 2768 dici
1560 2723 1685 2769 non
1729 2707 1982 2789 potest?
2044 2704 2194 2787 quid
2257 2721 2402 2788 ergo
2447 2703 2606 2768 illud
2665 2706 2803 2769 est?

512 2811 585 2872 ut
649 2808 980 2891 intellegas
1050 2808 1268 2891 utique
1334 2809 1732 2892 prophetiam
1802 2809 1979 2873 illam
2040 2808 2295 2873 deitatis
2364 2827 2594 2873 nomen
2654 2811 2805 2872 tunc

509 2912 921 2994 praedixisse,
983 2931 1108 2976 non
1170 2913 1393 2977 carnis
1472 2931 1622 2977 nam
1684 2932 1828 2977 cum
1891 2914 2058 2978 aliud
2115 2914 2179 2978 in
2243 2912 2570 2997 euangelio
2615 2913 2802 2978 homo

510 3016 725 3080 unitus
772 3017 886 3082 deo
933 3035 1161 3081 nomen
1208 3017 1538 3101 acceperit,
1586 3037 1842 3082 necesse
1883 3022 1978 3082 est
2009 3018 2226 3101 utique
2273 3018 2392 3082 hoc
2423 3016 2800 3083 uocabulum

510 3121 784 3185 hominis
828 3121 1046 3202 fuisse,
1093 3122 1247 3186 illud
1295 3122 1666 3187 diuinitatis,
1738 3123 1846 3186 sed
1892 3141 2229 3207 pergamus
2276 3122 2542 3186 ulterius
2589 3124 2652 3186 et
2681 3122 2803 3186 alia

512 3224 590 3288 ad
635 3225 971 3290 ueritatem
1014 3225 1404 3308 probandam
1450 3227 1738 3291 ueritatis
1784 3228 2150 3292 testimonia
2189 3245 2626 3292 conuocemuS.
2694 3225 2803 3290 ubi

512 3330 679 3394 enim
710 3331 787 3394 de
819 3329 934 3395 deo
980 3330 1207 3414 agitur,
1256 3331 1433 3395 nulla
1476 3350 1542 3395 re
1590 3331 1890 3396 diuinitas
1938 3331 2163 3395 melius
2210 3350 2401 3414 quam
2447 3332 2578 3396 suis
2625 3332 2804 3396 testi-

510 3432 631 3498 bus
678 3433 1075 3518 approbatur.
1155 3435 1245 3499 ait
1297 3453 1442 3518 ergo
1496 3435 1665 3500 idem
1719 3437 2026 3520 propheta
2071 3435 2250 3501 alibi:
2307 3436 2525 3500 filius
2580 3439 2802 3500 natus

718 3669 771 3740 5]
808 3669 1024 3736 Esam,
1055 3672 1119 3726 14
1155 3673 1211 3724 et
1244 3670 1438 3725 Matth.
1468 3673 1514 3736 1,
1540 3674 1624 3728 23.
1735 3672 1822 3741 13]
1861 3670 1916 3726 11.
1944 3688 2018 3726 cc.
2133 3671 2225 3741 28]
2261 3671 2402 3726 Esai.
2429 3674 2481 3737 9,
2505 3674 2554 3727 6.

600 3874 628 3928 1
668 3873 851 3924 actum
878 3872 954 3926 M
1016 3871 1191 3926 factus
1215 3890 1248 3926 υ
1352 3875 1386 3927 2
1422 3871 1734 3926 ammodum
1765 3873 1832 3927 N
1931 3871 2300 3942 praedicatum
2326 3874 2402 3928 M
2499 3876 2531 3928 5
2567 3871 2738 3942 ysaias
2757 3889 2803 3944 p

510 3959 543 4013 6
589 3957 971 4012 hemmanuhel
1013 3960 1088 4014 M
1185 3958 1429 4013 emanuel
1464 3977 1510 4030 p
1695 3963 1726 4015 7
1775 3959 2053 4014 nobiscum
2112 3957 2262 4030 deus]
2322 3959 2492 4014 esaiae
2545 3960 2806 4030 prophete

508 4063 697 4116 mae-90
733 4046 801 4100 N
901 4045 991 4114 qui
1016 4047 1144 4117 Np:
1180 4050 1249 4116 cf.
1276 4046 1331 4116 §-
1360 4052 1395 4103 7
1501 4045 1804 4101 incredulae
1841 4065 1874 4104 v
1979 4049 2012 4104 8
2048 4048 2364 4117 prophetam
2388 4048 2456 4102 N
2560 4049 2624 4103 10
2660 4047 2806 4116 apel-

506 4131 652 4187 latur
686 4133 755 4188 N
864 4149 968 4202 quo
1005 4136 1080 4189 M
1190 4137 1251 4191 11
1292 4150 1411 4188 euin
1449 4152 1549 4190 om.
1580 4153 1626 4205 p
1742 4134 1808 4188 ab
1852 4134 2044 4205 spiritu
2081 4137 2182 4190 DIv
2301 4137 2364 4190 12
2405 4133 2642 4188 reddidit
2675 4135 2810 4203 Np:

508 4219 690 4274 reddit
724 4222 825 4276 Mv
930 4223 995 4276 14
1028 4221 1410 4275 hemmanuhel
1444 4222 1520 4276 M
1582 4220 1830 4276 emanuel
1857 4239 1902 4291 p
2012 4225 2076 4278 19
2113 4221 2442 4291 euuangeliis
2469 4239 2514 4292 p
2551 4223 2808 4291 (passim)

508 4310 577 4363 22
613 4307 885 4376 intelligas
916 4325 959 4377 p
1030 4305 1396 4376 intelligamus
1433 4310 1533 4364 Mv
1673 4309 1992 4379 prophetam
2027 4309 2185 4363 illum
2223 4311 2298 4364 M
2433 4308 2735 4362 diuinitatis
2772 4327 2810 4364 v

508 4397 575 4451 25
602 4395 649 4457 s;
677 4413 723 4465 p
760 4396 962 4465 (saepe)
1067 4398 1136 4451 26
1169 4394 1448 4464 probanda
1484 4397 1557 4450 M
1656 4399 1724 4453 28
1760 4395 1910 4466 alibi]
1950 4395 2116 4451 esaias
2151 4395 2414 4466 propheta
2448 4414 2636 4468 mar-90
2673 4398 2741 4454 N

2872 2102 2928 2141 15

2859 2625 2922 2664 20
