<?xml version="1.0" encoding="UTF-8"?>
<!DOCTYPE html PUBLIC "-//W3C//DTD XHTML 1.0 Transitional//EN"
    "http://www.w3.org/TR/xhtml1/DTD/xhtml1-transitional.dtd">
<html xmlns="http://www.w3.org/1999/xhtml" xml:lang="en" lang="en">
 <head>
  <title>
</title>
<meta http-equiv="Content-Type" content="text/html;charset=utf-8" />
  <meta name='ocr-system' content='tesseract 3.04.00' />
  <meta name='ocr-capabilities' content='ocr_page ocr_carea ocr_par ocr_line ocrx_word'/>
</head>
<body>
  <div class='ocr_page' id='page_1' title='image "./corpusscriptoru28wissgoog_0297.png"; bbox 0 0 3167 4975; ppageno 0'>
   <div class='ocr_carea' id='block_1_1' title="bbox 251 1559 308 1598">
    <p class='ocr_par' dir='ltr' id='par_1_1' title="bbox 251 1559 308 1598">
     <span class='ocr_line' id='line_1_1' title="bbox 251 1559 308 1598; baseline 0 0"><span class='ocrx_word' id='word_1_1' title='bbox 251 1559 308 1598; x_wconf 81' lang='lat'>10</span> 
     </span>
    </p>
   </div>
   <div class='ocr_carea' id='block_1_2' title="bbox 245 2081 304 2121">
    <p class='ocr_par' dir='ltr' id='par_1_2' title="bbox 245 2081 304 2121">
     <span class='ocr_line' id='line_1_2' title="bbox 245 2081 304 2121; baseline -0.017 0"><span class='ocrx_word' id='word_1_2' title='bbox 245 2081 304 2121; x_wconf 86' lang='lat'>15</span> 
     </span>
    </p>
   </div>
   <div class='ocr_carea' id='block_1_3' title="bbox 241 2604 302 2643">
    <p class='ocr_par' dir='ltr' id='par_1_3' title="bbox 241 2604 302 2643">
     <span class='ocr_line' id='line_1_3' title="bbox 241 2604 302 2643; baseline 0 0"><span class='ocrx_word' id='word_1_3' title='bbox 241 2604 302 2643; x_wconf 75' lang='lat'>20</span> 
     </span>
    </p>
   </div>
   <div class='ocr_carea' id='block_1_4' title="bbox 1133 421 2657 489">
    <p class='ocr_par' dir='ltr' id='par_1_4' title="bbox 1133 421 2657 489">
     <span class='ocr_line' id='line_1_4' title="bbox 1133 421 2657 489; baseline 0.009 -13"><span class='ocrx_word' id='word_1_4' title='bbox 1133 422 1293 476; x_wconf 86' lang='lat' dir='ltr'>Inst.</span> <span class='ocrx_word' id='word_1_5' title='bbox 1331 421 1440 476; x_wconf 87' lang='lat' dir='ltr'>lib.</span> <span class='ocrx_word' id='word_1_6' title='bbox 1470 421 1622 488; x_wconf 89' lang='lat' dir='ltr'>VIII,</span> <span class='ocrx_word' id='word_1_7' title='bbox 1660 425 1883 479; x_wconf 84' lang='lat'>20—22.</span> <span class='ocrx_word' id='word_1_8' title='bbox 2532 425 2657 489; x_wconf 83' lang='lat'>165</span> 
     </span>
    </p>
   </div>
   <div class='ocr_carea' id='block_1_5' title="bbox 355 597 2659 2987">
    <p class='ocr_par' dir='ltr' id='par_1_5' title="bbox 362 597 2659 1207">
     <span class='ocr_line' id='line_1_5' title="bbox 364 597 2654 683; baseline 0.002 -21"><span class='ocrx_word' id='word_1_9' title='bbox 364 598 626 662; x_wconf 79' lang='lat' dir='ltr'>occasio,</span> <span class='ocrx_word' id='word_1_10' title='bbox 717 597 860 662; x_wconf 84' lang='lat' dir='ltr'>finis</span> <span class='ocrx_word' id='word_1_11' title='bbox 908 599 1076 662; x_wconf 89' lang='lat' dir='ltr'>enim</span> <span class='ocrx_word' id='word_1_12' title='bbox 1135 599 1477 683; x_wconf 89' lang='lat' dir='ltr'>patientiae</span> <span class='ocrx_word' id='word_1_13' title='bbox 1524 617 1651 664; x_wconf 92' lang='lat' dir='ltr'>non</span> <span class='ocrx_word' id='word_1_14' title='bbox 1712 599 1778 663; x_wconf 89' lang='lat' dir='ltr'>in</span> <span class='ocrx_word' id='word_1_15' title='bbox 1824 599 2147 665; x_wconf 80' lang='lat' dir='ltr'>irascendo</span> <span class='ocrx_word' id='word_1_16' title='bbox 2194 601 2379 683; x_wconf 86' lang='lat' dir='ltr'>iuste,</span> <span class='ocrx_word' id='word_1_17' title='bbox 2430 602 2539 664; x_wconf 88' lang='lat' dir='ltr'>sed</span> <span class='ocrx_word' id='word_1_18' title='bbox 2588 602 2654 666; x_wconf 89' lang='lat' dir='ltr'>in</span> 
     </span>
     <span class='ocr_line' id='line_1_6' title="bbox 363 701 2657 789; baseline 0.002 -24"><span class='ocrx_word' id='word_1_19' title='bbox 363 701 614 786; x_wconf 86' lang='lat' dir='ltr'>penitus</span> <span class='ocrx_word' id='word_1_20' title='bbox 662 719 786 768; x_wconf 89' lang='lat' dir='ltr'>non</span> <span class='ocrx_word' id='word_1_21' title='bbox 832 703 1154 768; x_wconf 81' lang='lat' dir='ltr'>irascendo</span> <span class='ocrx_word' id='word_1_22' title='bbox 1202 703 1507 768; x_wconf 78' lang='lat' dir='ltr'>consistit.</span> <span class='ocrx_word' id='word_1_23' title='bbox 1577 704 1731 769; x_wconf 91' lang='lat' dir='ltr'>licet</span> <span class='ocrx_word' id='word_1_24' title='bbox 1775 722 1813 768; x_wconf 88' lang='lat' dir='ltr'>a</span> <span class='ocrx_word' id='word_1_25' title='bbox 1857 704 2234 787; x_wconf 88' lang='lat' dir='ltr'>quibusdam</span> <span class='ocrx_word' id='word_1_26' title='bbox 2281 705 2401 769; x_wconf 89' lang='lat' dir='ltr'>hoc</span> <span class='ocrx_word' id='word_1_27' title='bbox 2445 706 2657 789; x_wconf 89' lang='lat' dir='ltr'>ipsum</span> 
     </span>
     <span class='ocr_line' id='line_1_7' title="bbox 363 807 2659 893; baseline 0.002 -23"><span class='ocrx_word' id='word_1_28' title='bbox 363 807 528 890; x_wconf 89' lang='lat' dir='ltr'>quod</span> <span class='ocrx_word' id='word_1_29' title='bbox 574 807 804 872; x_wconf 87' lang='lat' dir='ltr'>dicitur</span> <span class='ocrx_word' id='word_1_30' title='bbox 850 808 1012 872; x_wconf 88' lang='lat' dir='ltr'>sine</span> <span class='ocrx_word' id='word_1_31' title='bbox 1073 826 1299 873; x_wconf 91' lang='lat' dir='ltr'>causa</span> <span class='ocrx_word' id='word_1_32' title='bbox 1341 809 1434 873; x_wconf 86' lang='lat' dir='ltr'>ita</span> <span class='ocrx_word' id='word_1_33' title='bbox 1477 809 1880 893; x_wconf 89' lang='lat' dir='ltr'>interpretari</span> <span class='ocrx_word' id='word_1_34' title='bbox 1926 810 2143 890; x_wconf 86' lang='lat' dir='ltr'>sciam,</span> <span class='ocrx_word' id='word_1_35' title='bbox 2206 811 2371 892; x_wconf 90' lang='lat' dir='ltr'>quod</span> <span class='ocrx_word' id='word_1_36' title='bbox 2419 811 2659 876; x_wconf 88' lang='lat' dir='ltr'>scilicet</span> 
     </span>
     <span class='ocr_line' id='line_1_8' title="bbox 363 911 2655 998; baseline 0.002 -23"><span class='ocrx_word' id='word_1_37' title='bbox 363 911 498 976; x_wconf 90' lang='lat' dir='ltr'>sine</span> <span class='ocrx_word' id='word_1_38' title='bbox 545 930 736 976; x_wconf 89' lang='lat' dir='ltr'>causa</span> <span class='ocrx_word' id='word_1_39' title='bbox 778 911 1086 977; x_wconf 76' lang='lat' dir='ltr'>irascatur</span> <span class='ocrx_word' id='word_1_40' title='bbox 1132 913 1206 994; x_wconf 87' lang='lat' dir='ltr'>is,</span> <span class='ocrx_word' id='word_1_41' title='bbox 1255 912 1354 977; x_wconf 90' lang='lat' dir='ltr'>cui</span> <span class='ocrx_word' id='word_1_42' title='bbox 1402 918 1689 998; x_wconf 84' lang='lat' dir='ltr'>expetere</span> <span class='ocrx_word' id='word_1_43' title='bbox 1720 914 2025 978; x_wconf 90' lang='lat' dir='ltr'>ultionem</span> <span class='ocrx_word' id='word_1_44' title='bbox 2072 915 2231 978; x_wconf 90' lang='lat' dir='ltr'>irato</span> <span class='ocrx_word' id='word_1_45' title='bbox 2277 933 2401 980; x_wconf 91' lang='lat' dir='ltr'>non</span> <span class='ocrx_word' id='word_1_46' title='bbox 2449 916 2655 980; x_wconf 91' lang='lat' dir='ltr'>liceat.</span> 
     </span>
     <span class='ocr_line' id='line_1_9' title="bbox 363 1017 2659 1103; baseline 0.002 -23"><span class='ocrx_word' id='word_1_47' title='bbox 363 1017 588 1102; x_wconf 90' lang='lat' dir='ltr'>melius</span> <span class='ocrx_word' id='word_1_48' title='bbox 635 1021 848 1082; x_wconf 86' lang='lat' dir='ltr'>tamen</span> <span class='ocrx_word' id='word_1_49' title='bbox 911 1021 1008 1082; x_wconf 89' lang='lat' dir='ltr'>est</span> <span class='ocrx_word' id='word_1_50' title='bbox 1053 1017 1144 1082; x_wconf 90' lang='lat' dir='ltr'>ita</span> <span class='ocrx_word' id='word_1_51' title='bbox 1189 1020 1419 1100; x_wconf 89' lang='lat' dir='ltr'>tenere,</span> <span class='ocrx_word' id='word_1_52' title='bbox 1485 1021 1557 1082; x_wconf 90' lang='lat' dir='ltr'>ut</span> <span class='ocrx_word' id='word_1_53' title='bbox 1606 1021 1668 1082; x_wconf 90' lang='lat' dir='ltr'>et</span> <span class='ocrx_word' id='word_1_54' title='bbox 1713 1019 1964 1083; x_wconf 85' lang='lat' dir='ltr'>nouella</span> <span class='ocrx_word' id='word_1_55' title='bbox 2024 1019 2401 1103; x_wconf 84' lang='lat' dir='ltr'>exemplaria</span> <span class='ocrx_word' id='word_1_56' title='bbox 2456 1021 2659 1085; x_wconf 90' lang='lat' dir='ltr'>multa</span> 
     </span>
     <span class='ocr_line' id='line_1_10' title="bbox 362 1121 2035 1207; baseline 0.002 -22"><span class='ocrx_word' id='word_1_57' title='bbox 362 1125 427 1186; x_wconf 88' lang='lat' dir='ltr'>et</span> <span class='ocrx_word' id='word_1_58' title='bbox 472 1121 732 1204; x_wconf 88' lang='lat' dir='ltr'>antiqua</span> <span class='ocrx_word' id='word_1_59' title='bbox 777 1122 990 1187; x_wconf 89' lang='lat' dir='ltr'>omnia</span> <span class='ocrx_word' id='word_1_60' title='bbox 1033 1122 1440 1188; x_wconf 89' lang='lat' dir='ltr'>inueniuntur</span> <span class='ocrx_word' id='word_1_61' title='bbox 1488 1142 1625 1186; x_wconf 89' lang='lat' dir='ltr'>esse</span> <span class='ocrx_word' id='word_1_62' title='bbox 1671 1124 2035 1207; x_wconf 86' lang='lat' dir='ltr'>perscripta.</span> 
     </span>
    </p>

    <p class='ocr_par' dir='ltr' id='par_1_6' title="bbox 355 1226 2657 2987">
     <span class='ocr_line' id='line_1_11' title="bbox 447 1226 2654 1312; baseline 0.002 -22"><span class='ocrx_word' id='word_1_63' title='bbox 447 1226 652 1290; x_wconf 87' lang='lat' dir='ltr'>XXII.</span> <span class='ocrx_word' id='word_1_64' title='bbox 716 1226 1107 1310; x_wconf 83' lang='lat' dir='ltr'>Quapropter</span> <span class='ocrx_word' id='word_1_65' title='bbox 1181 1227 1490 1293; x_wconf 84' lang='lat' dir='ltr'>athletam</span> <span class='ocrx_word' id='word_1_66' title='bbox 1561 1226 1799 1293; x_wconf 84' lang='lat' dir='ltr'>Christi</span> <span class='ocrx_word' id='word_1_67' title='bbox 1865 1229 2149 1312; x_wconf 84' lang='lat' dir='ltr'>legitime</span> <span class='ocrx_word' id='word_1_68' title='bbox 2227 1230 2654 1295; x_wconf 87' lang='lat' dir='ltr'>decertantem</span> 
     </span>
     <span class='ocr_line' id='line_1_12' title="bbox 359 1331 2657 1416; baseline 0.002 -22"><span class='ocrx_word' id='word_1_69' title='bbox 359 1331 719 1396; x_wconf 83' lang='lat' dir='ltr'>iracundiae</span> <span class='ocrx_word' id='word_1_70' title='bbox 765 1335 976 1396; x_wconf 87' lang='lat' dir='ltr'>motus</span> <span class='ocrx_word' id='word_1_71' title='bbox 1019 1332 1320 1396; x_wconf 82' lang='lat' dir='ltr'>radicitus</span> <span class='ocrx_word' id='word_1_72' title='bbox 1367 1335 1613 1416; x_wconf 89' lang='lat' dir='ltr'>oportet</span> <span class='ocrx_word' id='word_1_73' title='bbox 1660 1333 1944 1398; x_wconf 88' lang='lat' dir='ltr'>euellere.</span> <span class='ocrx_word' id='word_1_74' title='bbox 2026 1334 2202 1398; x_wconf 88' lang='lat' dir='ltr'>cuius</span> <span class='ocrx_word' id='word_1_75' title='bbox 2250 1334 2453 1400; x_wconf 89' lang='lat' dir='ltr'>morbi</span> <span class='ocrx_word' id='word_1_76' title='bbox 2500 1336 2657 1400; x_wconf 86' lang='lat' dir='ltr'>haec</span> 
     </span>
     <span class='ocr_line' id='line_1_13' title="bbox 362 1435 2656 1520; baseline 0.002 -21"><span class='ocrx_word' id='word_1_77' title='bbox 362 1435 484 1500; x_wconf 87' lang='lat' dir='ltr'>erit</span> <span class='ocrx_word' id='word_1_78' title='bbox 527 1435 842 1500; x_wconf 88' lang='lat' dir='ltr'>medicina</span> <span class='ocrx_word' id='word_1_79' title='bbox 884 1436 1182 1520; x_wconf 86' lang='lat' dir='ltr'>perfecta,</span> <span class='ocrx_word' id='word_1_80' title='bbox 1239 1440 1311 1500; x_wconf 86' lang='lat' dir='ltr'>ut</span> <span class='ocrx_word' id='word_1_81' title='bbox 1354 1437 1649 1520; x_wconf 86' lang='lat' dir='ltr'>primitus</span> <span class='ocrx_word' id='word_1_82' title='bbox 1696 1437 2025 1502; x_wconf 88' lang='lat' dir='ltr'>credamus</span> <span class='ocrx_word' id='word_1_83' title='bbox 2072 1438 2243 1503; x_wconf 90' lang='lat' dir='ltr'>nullo</span> <span class='ocrx_word' id='word_1_84' title='bbox 2290 1440 2474 1504; x_wconf 88' lang='lat' dir='ltr'>modo</span> <span class='ocrx_word' id='word_1_85' title='bbox 2522 1441 2656 1504; x_wconf 89' lang='lat' dir='ltr'>siue</span> 
     </span>
     <span class='ocr_line' id='line_1_14' title="bbox 361 1539 2655 1624; baseline 0.003 -21"><span class='ocrx_word' id='word_1_86' title='bbox 361 1539 616 1604; x_wconf 87' lang='lat' dir='ltr'>iniustis</span> <span class='ocrx_word' id='word_1_87' title='bbox 679 1559 789 1604; x_wconf 89' lang='lat' dir='ltr'>seu</span> <span class='ocrx_word' id='word_1_88' title='bbox 834 1541 1018 1605; x_wconf 88' lang='lat' dir='ltr'>iustis</span> <span class='ocrx_word' id='word_1_89' title='bbox 1080 1559 1153 1604; x_wconf 87' lang='lat' dir='ltr'>ex</span> <span class='ocrx_word' id='word_1_90' title='bbox 1199 1541 1405 1605; x_wconf 88' lang='lat' dir='ltr'>causis</span> <span class='ocrx_word' id='word_1_91' title='bbox 1451 1542 1638 1605; x_wconf 91' lang='lat' dir='ltr'>licere</span> <span class='ocrx_word' id='word_1_92' title='bbox 1701 1541 1883 1606; x_wconf 91' lang='lat' dir='ltr'>nobis</span> <span class='ocrx_word' id='word_1_93' title='bbox 1931 1543 2137 1624; x_wconf 86' lang='lat' dir='ltr'>irasci,</span> <span class='ocrx_word' id='word_1_94' title='bbox 2207 1544 2477 1608; x_wconf 89' lang='lat' dir='ltr'>scientes</span> <span class='ocrx_word' id='word_1_95' title='bbox 2542 1564 2655 1610; x_wconf 92' lang='lat' dir='ltr'>nos</span> 
     </span>
     <span class='ocr_line' id='line_1_15' title="bbox 362 1631 2656 1732; baseline 0.003 -25"><span class='ocrx_word' id='word_1_96' title='bbox 362 1644 754 1708; x_wconf 89' lang='lat' dir='ltr'>discretionis</span> <span class='ocrx_word' id='word_1_97' title='bbox 800 1646 1013 1709; x_wconf 90' lang='lat' dir='ltr'>lumen</span> <span class='ocrx_word' id='word_1_98' title='bbox 1079 1631 1358 1728; x_wconf 84' lang='lat' dir='ltr'>rectique</span> <span class='ocrx_word' id='word_1_99' title='bbox 1414 1645 1659 1710; x_wconf 88' lang='lat' dir='ltr'>consilii</span> <span class='ocrx_word' id='word_1_100' title='bbox 1707 1646 2095 1728; x_wconf 85' lang='lat' dir='ltr'>firmitatem,</span> <span class='ocrx_word' id='word_1_101' title='bbox 2158 1647 2361 1730; x_wconf 87' lang='lat' dir='ltr'>ipsam</span> <span class='ocrx_word' id='word_1_102' title='bbox 2409 1667 2656 1732; x_wconf 89' lang='lat' dir='ltr'>quoque</span> 
     </span>
     <span class='ocr_line' id='line_1_16' title="bbox 361 1749 2656 1836; baseline 0.003 -23"><span class='ocrx_word' id='word_1_103' title='bbox 361 1749 760 1814; x_wconf 82' lang='lat' dir='ltr'>honestatem</span> <span class='ocrx_word' id='word_1_104' title='bbox 830 1753 894 1814; x_wconf 87' lang='lat' dir='ltr'>et</span> <span class='ocrx_word' id='word_1_105' title='bbox 959 1750 1236 1814; x_wconf 85' lang='lat' dir='ltr'>iustitiae</span> <span class='ocrx_word' id='word_1_106' title='bbox 1308 1751 1741 1816; x_wconf 87' lang='lat' dir='ltr'>moderamina</span> <span class='ocrx_word' id='word_1_107' title='bbox 1805 1751 2090 1835; x_wconf 89' lang='lat' dir='ltr'>protinus</span> <span class='ocrx_word' id='word_1_108' title='bbox 2161 1753 2533 1836; x_wconf 87' lang='lat' dir='ltr'>amissuros,</span> <span class='ocrx_word' id='word_1_109' title='bbox 2603 1756 2656 1819; x_wconf 91' lang='lat' dir='ltr'>si</span> 
     </span>
     <span class='ocr_line' id='line_1_17' title="bbox 359 1854 2655 1938; baseline 0.002 -20"><span class='ocrx_word' id='word_1_110' title='bbox 359 1854 704 1938; x_wconf 88' lang='lat' dir='ltr'>principale</span> <span class='ocrx_word' id='word_1_111' title='bbox 759 1854 960 1918; x_wconf 90' lang='lat' dir='ltr'>cordis</span> <span class='ocrx_word' id='word_1_112' title='bbox 1009 1855 1206 1919; x_wconf 88' lang='lat' dir='ltr'>nostri</span> <span class='ocrx_word' id='word_1_113' title='bbox 1269 1855 1402 1919; x_wconf 90' lang='lat' dir='ltr'>eius</span> <span class='ocrx_word' id='word_1_114' title='bbox 1449 1855 1641 1920; x_wconf 88' lang='lat' dir='ltr'>fuerit</span> <span class='ocrx_word' id='word_1_115' title='bbox 1686 1855 1964 1920; x_wconf 88' lang='lat' dir='ltr'>tenebris</span> <span class='ocrx_word' id='word_1_116' title='bbox 2026 1854 2453 1937; x_wconf 86' lang='lat' dir='ltr'>obscuratum,</span> <span class='ocrx_word' id='word_1_117' title='bbox 2520 1862 2655 1923; x_wconf 85' lang='lat' dir='ltr'>tum</span> 
     </span>
     <span class='ocr_line' id='line_1_18' title="bbox 359 1959 2657 2046; baseline 0.002 -24"><span class='ocrx_word' id='word_1_118' title='bbox 359 1959 582 2023; x_wconf 89' lang='lat' dir='ltr'>deinde</span> <span class='ocrx_word' id='word_1_119' title='bbox 605 1959 945 2042; x_wconf 86' lang='lat' dir='ltr'>puritatem</span> <span class='ocrx_word' id='word_1_120' title='bbox 970 1959 1200 2023; x_wconf 90' lang='lat' dir='ltr'>mentis</span> <span class='ocrx_word' id='word_1_121' title='bbox 1226 1962 1476 2024; x_wconf 86' lang='lat' dir='ltr'>nostrae</span> <span class='ocrx_word' id='word_1_122' title='bbox 1503 1978 1647 2025; x_wconf 88' lang='lat' dir='ltr'>mox</span> <span class='ocrx_word' id='word_1_123' title='bbox 1671 1961 2187 2044; x_wconf 86' lang='lat' dir='ltr'>proturbandam,</span> <span class='ocrx_word' id='word_1_124' title='bbox 2222 1962 2657 2046; x_wconf 87' lang='lat' dir='ltr'>templumque</span> 
     </span>
     <span class='ocr_line' id='line_1_19' title="bbox 361 2062 2654 2149; baseline 0.003 -23"><span class='ocrx_word' id='word_1_125' title='bbox 361 2082 500 2127; x_wconf 89' lang='lat' dir='ltr'>eam</span> <span class='ocrx_word' id='word_1_126' title='bbox 543 2063 744 2128; x_wconf 90' lang='lat' dir='ltr'>sancti</span> <span class='ocrx_word' id='word_1_127' title='bbox 778 2063 1034 2146; x_wconf 87' lang='lat' dir='ltr'>spiritus</span> <span class='ocrx_word' id='word_1_128' title='bbox 1083 2062 1246 2128; x_wconf 85' lang='lat' dir='ltr'>effici</span> <span class='ocrx_word' id='word_1_129' title='bbox 1278 2065 1533 2129; x_wconf 91' lang='lat' dir='ltr'>omnino</span> <span class='ocrx_word' id='word_1_130' title='bbox 1580 2083 1707 2130; x_wconf 89' lang='lat' dir='ltr'>non</span> <span class='ocrx_word' id='word_1_131' title='bbox 1737 2084 1921 2149; x_wconf 87' lang='lat' dir='ltr'>posse</span> <span class='ocrx_word' id='word_1_132' title='bbox 1969 2067 2329 2132; x_wconf 88' lang='lat' dir='ltr'>iracundiae</span> <span class='ocrx_word' id='word_1_133' title='bbox 2376 2067 2442 2132; x_wconf 89' lang='lat' dir='ltr'>in</span> <span class='ocrx_word' id='word_1_134' title='bbox 2473 2068 2654 2134; x_wconf 89' lang='lat' dir='ltr'>nobis</span> 
     </span>
     <span class='ocr_line' id='line_1_20' title="bbox 358 2167 2654 2254; baseline 0.003 -24"><span class='ocrx_word' id='word_1_135' title='bbox 358 2167 584 2251; x_wconf 84' lang='lat' dir='ltr'>spiritu</span> <span class='ocrx_word' id='word_1_136' title='bbox 632 2171 1087 2233; x_wconf 89' lang='lat' dir='ltr'>commorante:</span> <span class='ocrx_word' id='word_1_137' title='bbox 1143 2173 1459 2252; x_wconf 89' lang='lat' dir='ltr'>postremo</span> <span class='ocrx_word' id='word_1_138' title='bbox 1507 2173 1579 2234; x_wconf 91' lang='lat' dir='ltr'>ut</span> <span class='ocrx_word' id='word_1_139' title='bbox 1625 2170 1972 2254; x_wconf 87' lang='lat' dir='ltr'>cogitemus</span> <span class='ocrx_word' id='word_1_140' title='bbox 2021 2190 2421 2254; x_wconf 87' lang='lat' dir='ltr'>nequaquam</span> <span class='ocrx_word' id='word_1_141' title='bbox 2465 2173 2654 2238; x_wconf 89' lang='lat' dir='ltr'>licere</span> 
     </span>
     <span class='ocr_line' id='line_1_21' title="bbox 357 2271 2653 2360; baseline 0.003 -23"><span class='ocrx_word' id='word_1_142' title='bbox 357 2271 540 2337; x_wconf 87' lang='lat' dir='ltr'>nobis</span> <span class='ocrx_word' id='word_1_143' title='bbox 571 2289 748 2336; x_wconf 90' lang='lat' dir='ltr'>orare</span> <span class='ocrx_word' id='word_1_144' title='bbox 794 2291 910 2336; x_wconf 90' lang='lat' dir='ltr'>nec</span> <span class='ocrx_word' id='word_1_145' title='bbox 955 2273 1144 2337; x_wconf 88' lang='lat' dir='ltr'>iratos</span> <span class='ocrx_word' id='word_1_146' title='bbox 1177 2273 1436 2338; x_wconf 88' lang='lat' dir='ltr'>fundere</span> <span class='ocrx_word' id='word_1_147' title='bbox 1467 2293 1683 2357; x_wconf 89' lang='lat' dir='ltr'>preces</span> <span class='ocrx_word' id='word_1_148' title='bbox 1718 2275 1797 2339; x_wconf 90' lang='lat' dir='ltr'>ad</span> <span class='ocrx_word' id='word_1_149' title='bbox 1829 2276 2037 2356; x_wconf 89' lang='lat' dir='ltr'>deum,</span> <span class='ocrx_word' id='word_1_150' title='bbox 2086 2280 2149 2340; x_wconf 93' lang='lat' dir='ltr'>et</span> <span class='ocrx_word' id='word_1_151' title='bbox 2178 2295 2329 2360; x_wconf 88' lang='lat' dir='ltr'>prae</span> <span class='ocrx_word' id='word_1_152' title='bbox 2360 2279 2653 2344; x_wconf 88' lang='lat' dir='ltr'>omnibus</span> 
     </span>
     <span class='ocr_line' id='line_1_22' title="bbox 356 2376 2654 2462; baseline 0.003 -22"><span class='ocrx_word' id='word_1_153' title='bbox 356 2377 670 2442; x_wconf 87' lang='lat' dir='ltr'>incertum</span> <span class='ocrx_word' id='word_1_154' title='bbox 694 2381 930 2442; x_wconf 89' lang='lat' dir='ltr'>statum</span> <span class='ocrx_word' id='word_1_155' title='bbox 956 2376 1336 2442; x_wconf 88' lang='lat' dir='ltr'>condicionis</span> <span class='ocrx_word' id='word_1_156' title='bbox 1363 2377 1679 2442; x_wconf 87' lang='lat' dir='ltr'>humanae</span> <span class='ocrx_word' id='word_1_157' title='bbox 1702 2397 1851 2462; x_wconf 89' lang='lat' dir='ltr'>prae</span> <span class='ocrx_word' id='word_1_158' title='bbox 1877 2381 2073 2445; x_wconf 89' lang='lat' dir='ltr'>oculis</span> <span class='ocrx_word' id='word_1_159' title='bbox 2098 2380 2405 2446; x_wconf 85' lang='lat' dir='ltr'>habentes</span> <span class='ocrx_word' id='word_1_160' title='bbox 2427 2384 2654 2448; x_wconf 87' lang='lat' dir='ltr'>cotidie</span> 
     </span>
     <span class='ocr_line' id='line_1_23' title="bbox 358 2482 2655 2568; baseline 0.003 -21"><span class='ocrx_word' id='word_1_161' title='bbox 358 2501 472 2547; x_wconf 93' lang='lat' dir='ltr'>nos</span> <span class='ocrx_word' id='word_1_162' title='bbox 521 2482 848 2547; x_wconf 87' lang='lat' dir='ltr'>credamus</span> <span class='ocrx_word' id='word_1_163' title='bbox 896 2502 928 2547; x_wconf 90' lang='lat' dir='ltr'>e</span> <span class='ocrx_word' id='word_1_164' title='bbox 975 2501 1228 2566; x_wconf 89' lang='lat' dir='ltr'>corpore</span> <span class='ocrx_word' id='word_1_165' title='bbox 1259 2483 1660 2567; x_wconf 79' lang='lat' dir='ltr'>migraturOS,</span> <span class='ocrx_word' id='word_1_166' title='bbox 1709 2483 1991 2568; x_wconf 88' lang='lat' dir='ltr'>nihilque</span> <span class='ocrx_word' id='word_1_167' title='bbox 2038 2485 2219 2551; x_wconf 88' lang='lat' dir='ltr'>nobis</span> <span class='ocrx_word' id='word_1_168' title='bbox 2266 2489 2655 2555; x_wconf 89' lang='lat' dir='ltr'>continentia</span> 
     </span>
     <span class='ocr_line' id='line_1_24' title="bbox 358 2586 2653 2674; baseline 0.003 -23"><span class='ocrx_word' id='word_1_169' title='bbox 358 2588 692 2669; x_wconf 81' lang='lat' dir='ltr'>castitatiS,</span> <span class='ocrx_word' id='word_1_170' title='bbox 741 2587 902 2653; x_wconf 90' lang='lat' dir='ltr'>nihil</span> <span class='ocrx_word' id='word_1_171' title='bbox 933 2586 1478 2653; x_wconf 86' lang='lat' dir='ltr'>abrenuntiatione</span> <span class='ocrx_word' id='word_1_172' title='bbox 1510 2590 1795 2654; x_wconf 88' lang='lat' dir='ltr'>omnium</span> <span class='ocrx_word' id='word_1_173' title='bbox 1842 2590 2241 2674; x_wconf 84' lang='lat' dir='ltr'>facultatum,</span> <span class='ocrx_word' id='word_1_174' title='bbox 2288 2593 2446 2657; x_wconf 90' lang='lat' dir='ltr'>nihil</span> <span class='ocrx_word' id='word_1_175' title='bbox 2495 2594 2653 2659; x_wconf 89' lang='lat' dir='ltr'>diui-</span> 
     </span>
     <span class='ocr_line' id='line_1_25' title="bbox 357 2693 2651 2779; baseline 0.002 -21"><span class='ocrx_word' id='word_1_176' title='bbox 357 2694 591 2759; x_wconf 89' lang='lat' dir='ltr'>tiarum</span> <span class='ocrx_word' id='word_1_177' title='bbox 657 2699 1053 2777; x_wconf 88' lang='lat' dir='ltr'>contemptu,</span> <span class='ocrx_word' id='word_1_178' title='bbox 1125 2693 1278 2758; x_wconf 89' lang='lat' dir='ltr'>nihil</span> <span class='ocrx_word' id='word_1_179' title='bbox 1340 2694 1717 2759; x_wconf 85' lang='lat' dir='ltr'>ieiuniorum</span> <span class='ocrx_word' id='word_1_180' title='bbox 1782 2695 2267 2779; x_wconf 89' lang='lat' dir='ltr'>uigiliarumque</span> <span class='ocrx_word' id='word_1_181' title='bbox 2328 2697 2651 2763; x_wconf 86' lang='lat' dir='ltr'>laboribus</span> 
     </span>
     <span class='ocr_line' id='line_1_26' title="bbox 355 2797 2650 2883; baseline 0.002 -21"><span class='ocrx_word' id='word_1_182' title='bbox 355 2798 824 2878; x_wconf 84' lang='lat' dir='ltr'>conferendum,</span> <span class='ocrx_word' id='word_1_183' title='bbox 889 2797 1118 2880; x_wconf 88' lang='lat' dir='ltr'>quibus</span> <span class='ocrx_word' id='word_1_184' title='bbox 1165 2801 1418 2883; x_wconf 86' lang='lat' dir='ltr'>propter</span> <span class='ocrx_word' id='word_1_185' title='bbox 1481 2800 1874 2863; x_wconf 86' lang='lat' dir='ltr'>iracundiam</span> <span class='ocrx_word' id='word_1_186' title='bbox 1920 2799 2121 2865; x_wconf 90' lang='lat' dir='ltr'>solam</span> <span class='ocrx_word' id='word_1_187' title='bbox 2184 2806 2247 2867; x_wconf 86' lang='lat' dir='ltr'>et</span> <span class='ocrx_word' id='word_1_188' title='bbox 2300 2802 2511 2867; x_wconf 86' lang='lat' dir='ltr'>odium</span> <span class='ocrx_word' id='word_1_189' title='bbox 2574 2804 2650 2867; x_wconf 88' lang='lat' dir='ltr'>ab</span> 
     </span>
     <span class='ocr_line' id='line_1_27' title="bbox 357 2901 2215 2987; baseline 0.002 -20"><span class='ocrx_word' id='word_1_190' title='bbox 357 2901 790 2969; x_wconf 86' lang='lat' dir='ltr'>uniuersitatis</span> <span class='ocrx_word' id='word_1_191' title='bbox 837 2902 1040 2967; x_wconf 87' lang='lat' dir='ltr'>iudice</span> <span class='ocrx_word' id='word_1_192' title='bbox 1088 2904 1398 2987; x_wconf 87' lang='lat' dir='ltr'>supplicia</span> <span class='ocrx_word' id='word_1_193' title='bbox 1441 2904 1897 2987; x_wconf 88' lang='lat' dir='ltr'>promittuntur</span> <span class='ocrx_word' id='word_1_194' title='bbox 1943 2909 2215 2971; x_wconf 84' lang='lat' dir='ltr'>aeterna.</span> 
     </span>
    </p>
   </div>
   <div class='ocr_carea' id='block_1_6' title="bbox 351 3092 2659 3335">
    <p class='ocr_par' dir='ltr' id='par_1_7' title="bbox 351 3092 2659 3335">
     <span class='ocr_line' id='line_1_28' title="bbox 446 3092 2659 3153; baseline 0.002 -5"><span class='ocrx_word' id='word_1_195' title='bbox 446 3095 471 3148; x_wconf 93' lang='lat'>1</span> <span class='ocrx_word' id='word_1_196' title='bbox 522 3108 631 3147; x_wconf 91' lang='lat' dir='ltr'>non</span> <span class='ocrx_word' id='word_1_197' title='bbox 676 3092 732 3147; x_wconf 91' lang='lat' dir='ltr'>in</span> <span class='ocrx_word' id='word_1_198' title='bbox 785 3092 865 3148; x_wconf 84' lang='lat' dir='ltr'>G.-</span> <span class='ocrx_word' id='word_1_199' title='bbox 912 3108 1020 3147; x_wconf 89' lang='lat' dir='ltr'>non</span> <span class='ocrx_word' id='word_1_200' title='bbox 1063 3094 1176 3149; x_wconf 84' lang='lat' dir='ltr'>rell.</span> <span class='ocrx_word' id='word_1_201' title='bbox 1321 3094 1413 3148; x_wconf 87' lang='lat' dir='ltr'>sed</span> <span class='ocrx_word' id='word_1_202' title='bbox 1460 3094 1516 3149; x_wconf 90' lang='lat' dir='ltr'>in</span> <span class='ocrx_word' id='word_1_203' title='bbox 1559 3096 1719 3149; x_wconf 78' lang='lat' dir='ltr'>AL1:</span> <span class='ocrx_word' id='word_1_204' title='bbox 1764 3095 1855 3149; x_wconf 87' lang='lat' dir='ltr'>sed</span> <span class='ocrx_word' id='word_1_205' title='bbox 1899 3098 2012 3151; x_wconf 79' lang='lat' dir='ltr'>rell.</span> <span class='ocrx_word' id='word_1_206' title='bbox 2158 3100 2189 3151; x_wconf 89' lang='lat'>5</span> <span class='ocrx_word' id='word_1_207' title='bbox 2236 3100 2317 3150; x_wconf 84' lang='lat' dir='ltr'>est</span> <span class='ocrx_word' id='word_1_208' title='bbox 2364 3100 2545 3151; x_wconf 86' lang='lat' dir='ltr'>tamen</span> <span class='ocrx_word' id='word_1_209' title='bbox 2591 3101 2659 3153; x_wconf 90' lang='lat' dir='ltr'><em>H</em></span> 
     </span>
     <span class='ocr_line' id='line_1_29' title="bbox 353 3178 2652 3253; baseline 0.002 -18"><span class='ocrx_word' id='word_1_210' title='bbox 353 3182 388 3235; x_wconf 92' lang='lat'>6</span> <span class='ocrx_word' id='word_1_211' title='bbox 433 3178 730 3249; x_wconf 85' lang='lat' dir='ltr'>perscribta</span> <span class='ocrx_word' id='word_1_212' title='bbox 775 3180 848 3234; x_wconf 87' lang='lat' dir='ltr'>G¹</span> <span class='ocrx_word' id='word_1_213' title='bbox 938 3180 1265 3250; x_wconf 83' lang='lat' dir='ltr'>praescripta</span> <span class='ocrx_word' id='word_1_214' title='bbox 1314 3182 1367 3235; x_wconf 89' lang='lat' dir='ltr'><strong><em>L</em></strong></span> <span class='ocrx_word' id='word_1_215' title='bbox 1474 3182 1552 3235; x_wconf 90' lang='lat' dir='ltr'>ita</span> <span class='ocrx_word' id='word_1_216' title='bbox 1598 3185 1795 3247; x_wconf 85' lang='lat' dir='ltr'>tenere,</span> <span class='ocrx_word' id='word_1_217' title='bbox 1852 3186 1915 3236; x_wconf 90' lang='lat' dir='ltr'>ut</span> <span class='ocrx_word' id='word_1_218' title='bbox 1969 3183 2023 3236; x_wconf 90' lang='lat' dir='ltr'>in</span> <span class='ocrx_word' id='word_1_219' title='bbox 2071 3183 2283 3237; x_wconf 83' lang='lat' dir='ltr'>nouella</span> <span class='ocrx_word' id='word_1_220' title='bbox 2335 3185 2652 3253; x_wconf 84' lang='lat' dir='ltr'>exemplaria</span> 
     </span>
     <span class='ocr_line' id='line_1_30' title="bbox 351 3266 2653 3335; baseline 0.003 -16"><span class='ocrx_word' id='word_1_221' title='bbox 351 3266 530 3320; x_wconf 89' lang='lat' dir='ltr'>multa</span> <span class='ocrx_word' id='word_1_222' title='bbox 584 3268 638 3320; x_wconf 88' lang='lat' dir='ltr'>et</span> <span class='ocrx_word' id='word_1_223' title='bbox 691 3266 913 3335; x_wconf 86' lang='lat' dir='ltr'>antiqua</span> <span class='ocrx_word' id='word_1_224' title='bbox 967 3266 1146 3320; x_wconf 86' lang='lat' dir='ltr'>omnia</span> <span class='ocrx_word' id='word_1_225' title='bbox 1201 3267 1508 3322; x_wconf 88' lang='lat' dir='ltr'>continetur</span> <span class='ocrx_word' id='word_1_226' title='bbox 1561 3271 1617 3324; x_wconf 84' lang='lat' dir='ltr'><strong><em>A</em></strong></span> <span class='ocrx_word' id='word_1_227' title='bbox 1770 3272 1801 3324; x_wconf 90' lang='lat'>7</span> <span class='ocrx_word' id='word_1_228' title='bbox 1856 3288 2139 3325; x_wconf 81' lang='lat' dir='ltr'>numerum</span> <span class='ocrx_word' id='word_1_229' title='bbox 2193 3289 2293 3326; x_wconf 85' lang='lat' dir='ltr'>om.</span> <span class='ocrx_word' id='word_1_230' title='bbox 2348 3271 2399 3325; x_wconf 99' lang='lat' dir='ltr'><em>G</em></span> <span class='ocrx_word' id='word_1_231' title='bbox 2560 3289 2653 3325; x_wconf 87' lang='lat' dir='ltr'>an-</span> 
     </span>
    </p>
   </div>
   <div class='ocr_carea' id='block_1_7' title="bbox 344 3363 2653 4074">
    <p class='ocr_par' dir='ltr' id='par_1_8' title="bbox 344 3363 2653 4074">
     <span class='ocr_line' id='line_1_31' title="bbox 350 3363 2653 3467; baseline 0.003 -19"><span class='ocrx_word' id='word_1_232' title='bbox 350 3395 583 3450; x_wconf 80' lang='lat' dir='ltr'>thletam</span> <span class='ocrx_word' id='word_1_233' title='bbox 608 3397 692 3450; x_wconf 82' lang='grc' dir='ltr'>Ηι</span> <span class='ocrx_word' id='word_1_234' title='bbox 834 3400 867 3453; x_wconf 90' lang='lat'>8</span> <span class='ocrx_word' id='word_1_235' title='bbox 904 3396 1062 3450; x_wconf 91' lang='lat' dir='ltr'>huius</span> <span class='ocrx_word' id='word_1_236' title='bbox 1101 3363 1252 3466; x_wconf 52' lang='lat' dir='ltr'>Egi-bi</span> <span class='ocrx_word' id='word_1_237' title='bbox 1289 3399 1358 3453; x_wconf 88' lang='lat' dir='ltr'><em>H</em></span> <span class='ocrx_word' id='word_1_238' title='bbox 1497 3402 1560 3454; x_wconf 91' lang='grc'>10</span> <span class='ocrx_word' id='word_1_239' title='bbox 1598 3398 1713 3467; x_wconf 85' lang='lat' dir='ltr'>seu]</span> <span class='ocrx_word' id='word_1_240' title='bbox 1756 3400 1869 3453; x_wconf 88' lang='lat' dir='ltr'>siue</span> <span class='ocrx_word' id='word_1_241' title='bbox 1904 3400 2013 3455; x_wconf 86' lang='lat' dir='ltr'>LT</span> <span class='ocrx_word' id='word_1_242' title='bbox 2079 3401 2191 3454; x_wconf 87' lang='lat' dir='ltr'>siue</span> <span class='ocrx_word' id='word_1_243' title='bbox 2227 3401 2383 3455; x_wconf 90' lang='lat' dir='ltr'>iustis</span> <span class='ocrx_word' id='word_1_244' title='bbox 2421 3402 2533 3456; x_wconf 89' lang='lat' dir='ltr'>siue</span> <span class='ocrx_word' id='word_1_245' title='bbox 2571 3404 2653 3457; x_wconf 91' lang='lat' dir='ltr'>in-</span> 
     </span>
     <span class='ocr_line' id='line_1_32' title="bbox 350 3482 2653 3547; baseline 0.003 -10"><span class='ocrx_word' id='word_1_246' title='bbox 350 3482 512 3537; x_wconf 90' lang='lat' dir='ltr'>iustis</span> <span class='ocrx_word' id='word_1_247' title='bbox 554 3484 650 3538; x_wconf 87' lang='grc' dir='ltr'>Ηυ</span> <span class='ocrx_word' id='word_1_248' title='bbox 767 3500 827 3537; x_wconf 86' lang='lat' dir='ltr'>cx</span> <span class='ocrx_word' id='word_1_249' title='bbox 865 3502 965 3539; x_wconf 85' lang='lat' dir='ltr'>om.</span> <span class='ocrx_word' id='word_1_250' title='bbox 1006 3485 1076 3539; x_wconf 88' lang='lat' dir='ltr'><strong><em>H</em></strong></span> <span class='ocrx_word' id='word_1_251' title='bbox 1194 3487 1260 3541; x_wconf 90' lang='lat'>13</span> <span class='ocrx_word' id='word_1_252' title='bbox 1297 3487 1466 3540; x_wconf 87' lang='lat' dir='ltr'>nostri</span> <span class='ocrx_word' id='word_1_253' title='bbox 1503 3488 1755 3542; x_wconf 78' lang='lat' dir='ltr'><strong><em>AHLT:</em></strong></span> <span class='ocrx_word' id='word_1_254' title='bbox 1800 3488 1969 3543; x_wconf 87' lang='lat' dir='ltr'>nostri</span> <span class='ocrx_word' id='word_1_255' title='bbox 2007 3487 2189 3543; x_wconf 88' lang='lat' dir='ltr'>lumen</span> <span class='ocrx_word' id='word_1_256' title='bbox 2232 3490 2317 3545; x_wconf 85' lang='lat' dir='ltr'>Gv</span> <span class='ocrx_word' id='word_1_257' title='bbox 2426 3494 2489 3547; x_wconf 88' lang='lat'>18</span> <span class='ocrx_word' id='word_1_258' title='bbox 2529 3506 2653 3543; x_wconf 89' lang='lat' dir='ltr'>con-</span> 
     </span>
     <span class='ocr_line' id='line_1_33' title="bbox 351 3568 2651 3644; baseline 0.003 -21"><span class='ocrx_word' id='word_1_259' title='bbox 351 3569 577 3623; x_wconf 87' lang='lat' dir='ltr'>ditionis</span> <span class='ocrx_word' id='word_1_260' title='bbox 618 3568 724 3625; x_wconf 89' lang='lat' dir='ltr'>GL</span> <span class='ocrx_word' id='word_1_261' title='bbox 849 3569 1068 3625; x_wconf 88' lang='lat' dir='ltr'>cottidie</span> <span class='ocrx_word' id='word_1_262' title='bbox 1109 3573 1160 3627; x_wconf 99' lang='lat' dir='ltr'><em>G</em></span> <span class='ocrx_word' id='word_1_263' title='bbox 1289 3576 1351 3629; x_wconf 88' lang='lat'>19</span> <span class='ocrx_word' id='word_1_264' title='bbox 1389 3574 1775 3628; x_wconf 82' lang='lat' dir='ltr'>continentiam</span> <span class='ocrx_word' id='word_1_265' title='bbox 1814 3577 1890 3630; x_wconf 93' lang='lat' dir='ltr'>L¹</span> <span class='ocrx_word' id='word_1_266' title='bbox 2006 3578 2072 3631; x_wconf 88' lang='lat'>20</span> <span class='ocrx_word' id='word_1_267' title='bbox 2110 3576 2348 3644; x_wconf 86' lang='lat' dir='ltr'>nihilque</span> <span class='ocrx_word' id='word_1_268' title='bbox 2386 3576 2651 3631; x_wconf 87' lang='lat' dir='ltr'>abrenun-</span> 
     </span>
     <span class='ocr_line' id='line_1_34' title="bbox 347 3657 2649 3720; baseline 0.003 -9"><span class='ocrx_word' id='word_1_269' title='bbox 347 3657 577 3711; x_wconf 84' lang='lat' dir='ltr'>tiatione</span> <span class='ocrx_word' id='word_1_270' title='bbox 603 3658 656 3711; x_wconf 90' lang='lat' dir='ltr'><strong><em>L</em></strong></span> <span class='ocrx_word' id='word_1_271' title='bbox 751 3660 814 3713; x_wconf 87' lang='grc'>21</span> <span class='ocrx_word' id='word_1_272' title='bbox 845 3661 1117 3713; x_wconf 88' lang='lat' dir='ltr'>contemtu</span> <span class='ocrx_word' id='word_1_273' title='bbox 1143 3661 1212 3715; x_wconf 88' lang='grc' dir='ltr'><strong><em>Η</em></strong></span> <span class='ocrx_word' id='word_1_274' title='bbox 1300 3664 1368 3716; x_wconf 90' lang='grc'>22</span> <span class='ocrx_word' id='word_1_275' title='bbox 1395 3660 1567 3715; x_wconf 92' lang='lat' dir='ltr'>solum</span> <span class='ocrx_word' id='word_1_276' title='bbox 1594 3662 1669 3716; x_wconf 90' lang='lat' dir='ltr'>L¹</span> <span class='ocrx_word' id='word_1_277' title='bbox 1766 3664 1820 3716; x_wconf 88' lang='lat' dir='ltr'>et</span> <span class='ocrx_word' id='word_1_278' title='bbox 1843 3662 2027 3716; x_wconf 88' lang='lat' dir='ltr'>odium</span> <span class='ocrx_word' id='word_1_279' title='bbox 2057 3706 2067 3716; x_wconf 89' lang='lat'><strong>.</strong></span> <span class='ocrx_word' id='word_1_280' title='bbox 2098 3706 2107 3715; x_wconf 93' lang='lat'><em>.</em></span> <span class='ocrx_word' id='word_1_281' title='bbox 2139 3705 2148 3718; x_wconf 90' lang='lat'><em>.</em></span> <span class='ocrx_word' id='word_1_282' title='bbox 2176 3666 2243 3718; x_wconf 86' lang='lat'>23</span> <span class='ocrx_word' id='word_1_283' title='bbox 2270 3664 2444 3717; x_wconf 89' lang='lat' dir='ltr'>iudice</span> <span class='ocrx_word' id='word_1_284' title='bbox 2470 3684 2571 3720; x_wconf 85' lang='lat' dir='ltr'>om.</span> <span class='ocrx_word' id='word_1_285' title='bbox 2596 3667 2649 3719; x_wconf 79' lang='lat' dir='ltr'><strong><em>A</em></strong></span> 
     </span>
     <span class='ocr_line' id='line_1_35' title="bbox 345 3744 2652 3819; baseline 0.003 -19"><span class='ocrx_word' id='word_1_286' title='bbox 345 3746 424 3800; x_wconf 84' lang='lat'>23</span> <span class='ocrx_word' id='word_1_287' title='bbox 469 3746 697 3797; x_wconf 85' lang='lat' dir='ltr'>aeterna.</span> <span class='ocrx_word' id='word_1_288' title='bbox 777 3744 928 3799; x_wconf 84' lang='lat' dir='ltr'>Finit</span> <span class='ocrx_word' id='word_1_289' title='bbox 973 3744 1037 3799; x_wconf 87' lang='lat' dir='ltr'>de</span> <span class='ocrx_word' id='word_1_290' title='bbox 1085 3746 1184 3816; x_wconf 67' lang='lat' dir='ltr'>spu</span> <span class='ocrx_word' id='word_1_291' title='bbox 1232 3748 1354 3802; x_wconf 88' lang='lat' dir='ltr'>irae.</span> <span class='ocrx_word' id='word_1_292' title='bbox 1445 3748 1723 3817; x_wconf 89' lang='lat' dir='ltr'>Incipiunt</span> <span class='ocrx_word' id='word_1_293' title='bbox 1768 3748 2004 3818; x_wconf 83' lang='lat' dir='ltr'>capitula</span> <span class='ocrx_word' id='word_1_294' title='bbox 2056 3749 2120 3803; x_wconf 89' lang='lat' dir='ltr'>de</span> <span class='ocrx_word' id='word_1_295' title='bbox 2171 3752 2270 3819; x_wconf 67' lang='lat' dir='ltr'>spu</span> <span class='ocrx_word' id='word_1_296' title='bbox 2308 3752 2561 3805; x_wconf 82' lang='lat' dir='ltr'>tristitiae</span> <span class='ocrx_word' id='word_1_297' title='bbox 2599 3754 2652 3806; x_wconf 77' lang='lat' dir='ltr'><strong><em>A</em></strong></span> 
     </span>
     <span class='ocr_line' id='line_1_36' title="bbox 345 3817 2653 3904; baseline 0.003 -19"><span class='ocrx_word' id='word_1_298' title='bbox 345 3830 546 3900; x_wconf 73' lang='lat' dir='ltr'>Explic‘</span> <span class='ocrx_word' id='word_1_299' title='bbox 586 3830 650 3883; x_wconf 89' lang='lat' dir='ltr'>de</span> <span class='ocrx_word' id='word_1_300' title='bbox 697 3828 795 3901; x_wconf 66' lang='lat' dir='ltr'>spu</span> <span class='ocrx_word' id='word_1_301' title='bbox 845 3831 953 3885; x_wconf 84' lang='lat' dir='ltr'>irae</span> <span class='ocrx_word' id='word_1_302' title='bbox 988 3817 1068 3886; x_wconf 70' lang='lat' dir='ltr'>lib</span> <span class='ocrx_word' id='word_1_303' title='bbox 1091 3832 1282 3888; x_wconf 84' lang='lat' dir='ltr'>-vm-</span> <span class='ocrx_word' id='word_1_304' title='bbox 1341 3835 1618 3903; x_wconf 86' lang='lat' dir='ltr'>Incipiunt</span> <span class='ocrx_word' id='word_1_305' title='bbox 1664 3835 1899 3904; x_wconf 86' lang='lat' dir='ltr'>capitula</span> <span class='ocrx_word' id='word_1_306' title='bbox 1945 3838 2215 3904; x_wconf 86' lang='lat' dir='ltr'>sequentis</span> <span class='ocrx_word' id='word_1_307' title='bbox 2261 3836 2389 3891; x_wconf 84' lang='lat' dir='ltr'>libri</span> <span class='ocrx_word' id='word_1_308' title='bbox 2430 3839 2481 3893; x_wconf 99' lang='lat' dir='ltr'><em>G</em></span> <span class='ocrx_word' id='word_1_309' title='bbox 2552 3838 2653 3891; x_wconf 84' lang='lat' dir='ltr'>Ex-</span> 
     </span>
     <span class='ocr_line' id='line_1_37' title="bbox 344 3916 2653 3991; baseline 0.003 -21"><span class='ocrx_word' id='word_1_310' title='bbox 344 3916 508 3987; x_wconf 83' lang='lat' dir='ltr'>plicit</span> <span class='ocrx_word' id='word_1_311' title='bbox 543 3916 608 3971; x_wconf 88' lang='lat' dir='ltr'>de</span> <span class='ocrx_word' id='word_1_312' title='bbox 644 3918 725 3971; x_wconf 90' lang='lat' dir='ltr'>ira</span> <span class='ocrx_word' id='word_1_313' title='bbox 761 3916 898 3971; x_wconf 90' lang='lat' dir='ltr'>liber</span> <span class='ocrx_word' id='word_1_314' title='bbox 933 3918 1084 3974; x_wconf 89' lang='lat' dir='ltr'>VIII.</span> <span class='ocrx_word' id='word_1_315' title='bbox 1159 3920 1360 3990; x_wconf 87' lang='lat' dir='ltr'>Incipit</span> <span class='ocrx_word' id='word_1_316' title='bbox 1399 3921 1462 3975; x_wconf 90' lang='lat' dir='ltr'>de</span> <span class='ocrx_word' id='word_1_317' title='bbox 1505 3924 1605 3991; x_wconf 69' lang='lat' dir='ltr'>spu</span> <span class='ocrx_word' id='word_1_318' title='bbox 1643 3922 1893 3976; x_wconf 85' lang='lat' dir='ltr'>tristitiae</span> <span class='ocrx_word' id='word_1_319' title='bbox 1930 3921 2067 3976; x_wconf 87' lang='lat' dir='ltr'>liber</span> <span class='ocrx_word' id='word_1_320' title='bbox 2104 3923 2269 3978; x_wconf 83' lang='lat' dir='ltr'>VIIII</span> <span class='ocrx_word' id='word_1_321' title='bbox 2292 3956 2301 3966; x_wconf 95' lang='lat'><em>-</em></span> <span class='ocrx_word' id='word_1_322' title='bbox 2325 3927 2440 3980; x_wconf 85' lang='lat' dir='ltr'>HL</span> <span class='ocrx_word' id='word_1_323' title='bbox 2512 3924 2653 3979; x_wconf 88' lang='lat' dir='ltr'>Inci-</span> 
     </span>
     <span class='ocr_line' id='line_1_38' title="bbox 345 4004 1055 4074; baseline 0.006 -17"><span class='ocrx_word' id='word_1_324' title='bbox 345 4004 512 4074; x_wconf 90' lang='lat' dir='ltr'>piunt</span> <span class='ocrx_word' id='word_1_325' title='bbox 547 4004 693 4059; x_wconf 87' lang='lat' dir='ltr'>tituli</span> <span class='ocrx_word' id='word_1_326' title='bbox 729 4005 810 4060; x_wconf 89' lang='lat' dir='ltr'>L:</span> <span class='ocrx_word' id='word_1_327' title='bbox 846 4024 946 4062; x_wconf 87' lang='lat' dir='ltr'>om.</span> <span class='ocrx_word' id='word_1_328' title='bbox 986 4008 1055 4061; x_wconf 88' lang='grc' dir='ltr'><strong>Η</strong></span> 
     </span>
    </p>
   </div>
   <div class='ocr_carea' id='block_1_8' title="bbox 1292 4179 1707 4187">
    <p class='ocr_par' dir='ltr' id='par_1_9' title="bbox 1292 4179 1707 4187">
     <span class='ocr_line' id='line_1_39' title="bbox 1292 4179 1707 4187; baseline 0 -1"><span class='ocrx_word' id='word_1_329' title='bbox 1292 4179 1707 4187; x_wconf 76' lang='lat'>———-—</span> 
     </span>
    </p>
   </div>
  </div>
 </body>
</html>
