3167 4975
443 373 565 461 196
1250 370 1564 451 Iohannis
1612 368 1912 423 Cassiani

527 550 676 615 ΗΠ.
725 551 943 632 Itaque
991 548 1096 613 uia
1140 549 1314 632 regia
1360 549 1677 613 uolentem
1724 547 2011 612 incedere
2068 565 2195 630 per
2256 565 2461 612 arma
2518 548 2733 613 iusti-

439 656 590 720 tiae
645 673 828 736 quae
877 673 914 718 a
958 654 1240 719 dextris
1289 656 1464 718 sunt
1509 656 1582 716 et
1628 669 1665 716 a
1711 653 2050 716 sinistris
2098 655 2341 734 oportet
2394 653 2736 736 apostolica

443 759 770 841 disciplina
816 759 1082 823 transire
1129 777 1256 841 per
1301 758 1619 842 gloriam
1667 761 1739 822 et
1785 756 2388 842 ignobilitatem,
2446 777 2573 841 per
2629 759 2734 822 in·

440 864 743 928 famiam
791 867 861 928 et
904 863 1170 928 bonam
1215 863 1518 944 famam,
1567 865 1631 926 et
1676 865 1851 928 tanta
1897 861 2181 926 cautione
2222 862 2386 925 inter
2418 865 2733 926 tumentes

441 967 926 1050 temptationum
995 967 1222 1033 fluctus
1291 968 1685 1052 gubernante
1748 965 2119 1030 discretione
2180 970 2246 1030 et
2302 964 2496 1030 flante
2557 966 2735 1031 nobis
2818 991 2845 1028 5

445 1072 669 1154 spiritu
717 1072 953 1136 domini
997 1073 1115 1138 iter
1161 1072 1427 1156 dirigere
1473 1072 1747 1152 uirtutis,
1795 1075 1865 1136 ut
1909 1071 2126 1134 dextra
2153 1070 2459 1152 laeuaque
2499 1071 2553 1134 si
2581 1089 2736 1154 pau-

441 1177 646 1240 lulum
705 1176 1112 1242 deflectamus
1179 1177 1454 1242 sciamus
1517 1194 1631 1242 nos
1690 1177 2051 1259 perniciosis
2098 1193 2241 1241 mox
2303 1175 2590 1240 cautibus
2642 1177 2737 1241 in-

443 1281 746 1346 lidendos.
838 1281 1096 1364 ideoque
1156 1301 1268 1365 per
1329 1283 1863 1364 sapientissimum
1916 1280 2315 1346 Salomonem
2378 1299 2736 1347 monemur:

445 1406 532 1450 ne
579 1386 998 1451 deuerteris
1061 1387 1172 1476 adx
1209 1387 1542 1451 dextram
1602 1406 1839 1469 neque
1901 1386 1988 1450 ad
2049 1387 2469 1466 sinistram,
2532 1386 2596 1450 id
2642 1390 2740 1450 est

445 1510 524 1556 ne
571 1491 684 1555 tibi
732 1491 808 1554 de
853 1491 1192 1557 uirtutibus
1239 1491 1584 1556 blandiaris
1631 1496 1694 1556 et
1739 1492 1967 1556 dextris
2016 1491 2409 1556 successibus
2452 1509 2525 1555 ac
2556 1490 2739 1573 spiri·-
2798 1516 2849 1554 ιο

446 1595 680 1659 talibus
729 1597 1043 1661 extollaris
1089 1615 1204 1660 nec
1251 1595 1586 1660 deflectens
1628 1597 1704 1660 ad
1738 1597 2061 1660 sinistrum
2093 1597 2413 1660 tramitem
2442 1595 2739 1660 uitiorum

447 1701 793 1764 secundum
861 1702 1214 1782 apostolum
1282 1701 1550 1784 gloriam
1623 1699 1735 1765 tibi
1797 1720 1869 1764 ex
1932 1701 2019 1764 eis
2080 1701 2146 1764 in
2208 1704 2317 1764 tua
2378 1701 2741 1765 confusione

450 1807 797 1888 conquiras,
886 1824 1035 1870 nam
1095 1807 1195 1870 cui
1257 1806 1372 1870 sub
1437 1806 1641 1887 specie
1705 1807 2058 1870 succinctae
2120 1806 2316 1869 uestis
2378 1824 2450 1870 ac
2509 1805 2743 1869 nitidae

447 1907 764 1983 κενοδοξίαν
812 1929 936 1974 non
982 1911 1183 1993 potuit
1225 1929 1548 1994 generare,
1592 1928 1705 1992 pro
1744 1910 2029 1992 squalida
2060 1913 2123 1974 et
2152 1911 2390 1974 inculta
2420 1928 2493 1974 ac
2524 1910 2741 1974 uiliore

447 2018 708 2079 conatur
746 2015 1046 2080 inserere:
1094 2035 1280 2098 quem
1313 2033 1438 2080 non
1469 2017 1674 2097 potuit
1703 2034 1813 2098 per
1845 2014 2148 2080 honorem
2179 2015 2439 2096 deicere,
2486 2015 2741 2080 humili-
2800 2038 2853 2077 15

449 2123 577 2184 tate
623 2118 1015 2201 subplantat:
1078 2139 1264 2202 quem
1329 2121 1625 2184 scientiae
1674 2123 1737 2184 et
1783 2119 2147 2184 elocutionis
2195 2124 2419 2184 ornatu
2465 2121 2745 2201 nequiuit

451 2223 768 2304 extollere,
810 2225 1124 2308 grauitate
1169 2224 1617 2289 taciturnitatis
1661 2224 1850 2288 elidit.
1918 2223 1972 2288 si
2002 2224 2238 2288 ieiunet
2266 2223 2501 2304 palam,
2546 2225 2745 2308 gloria

450 2329 751 2393 uanitatis
798 2329 1111 2410 pulsatur:
1175 2329 1227 2392 si
1287 2328 1444 2392 illud
1505 2327 1999 2392 contemnendae
2059 2328 2291 2411 gloriae
2354 2346 2545 2392 causa
2597 2346 2744 2393 con-

451 2433 699 2514 texerit,
770 2433 989 2498 eodem
1059 2433 1209 2498 uitio
1279 2432 1563 2498 elationis
1632 2431 2017 2497 obtunditur.
2108 2451 2187 2497 ne
2246 2450 2451 2497 uanae
2510 2433 2745 2517 gloriae

453 2539 739 2621 contagio
785 2539 1152 2618 maculetur,
1201 2537 1511 2602 orationes
1555 2538 1855 2619 prolixius
1904 2536 2019 2602 sub
2068 2538 2335 2601 fratrum
2381 2539 2541 2602 uitat
2584 2538 2746 2602 cele·
2804 2560 2859 2601 eo

453 2643 635 2707 brare
702 2647 1066 2725 conspectu:
1145 2646 1208 2707 et
1280 2642 1446 2724 quod
1515 2660 1621 2706 eas
1690 2642 1959 2706 latenter
2027 2646 2312 2707 exerceat
2377 2643 2747 2725 nullumque

454 2746 686 2812 habeat
731 2748 1050 2812 conscium
1097 2746 1268 2826 facti,
1314 2764 1440 2812 non
1487 2746 1706 2830 effugit
1750 2748 1999 2811 aculeos
2049 2748 2368 2812 uanitatiS.

541 2852 617 2917 V.
664 2852 935 2916 Pulchre
998 2852 1270 2916 seniores
1333 2854 1627 2915 naturam
1686 2850 1889 2917 morbi
1949 2851 2133 2916 huius
2178 2853 2242 2915 in
2303 2852 2563 2917 modum
2610 2870 2750 2915 cae-

452 2976 571 3040 pae
647 2956 1100 3038 bolborumque
1175 2954 1571 3036 describunt,
1649 2974 1807 3037 quae
1882 2974 2007 3021 uno
2081 2957 2396 3020 decoriata
2474 2958 2749 3040 tegmine

670 3084 724 3155 1]
762 3085 820 3139 11
857 3083 976 3140 eor.
1005 3088 1053 3149 6,
1081 3087 1233 3140 7—8.
1341 3083 1396 3154 9]
1435 3084 1597 3138 Pron.
1624 3086 1674 3149 4,
1700 3086 1767 3140 27
1805 3084 2006 3155 (Lxx).
2119 3085 2207 3155 12]
2246 3084 2560 3169 cepnae,
2590 3088 2669 3142 19.

546 3204 570 3255 1
612 3200 830 3267 itaque.
860 3242 870 3253 .
901 3240 912 3253 .
939 3198 1182 3252 incedere
1218 3216 1376 3253 enan.
1413 3199 1477 3253 in
1519 3197 1566 3254 G
1679 3197 1970 3253 uiolentem
2012 3200 2086 3254 G²
2210 3202 2243 3253 2
2280 3216 2415 3268 quae
2451 3202 2533 3252 est
2570 3200 2637 3252 ad
2672 3200 2752 3254 L¹

457 3286 525 3340 ad
563 3286 762 3340 dextris
799 3287 870 3343 G¹
980 3288 1225 3354 oporteat
1261 3286 1334 3341 G¹
1441 3284 1508 3339 ad
1545 3285 1839 3354 apostolica
1876 3285 2163 3355 disciplina
2182 3287 2237 3341 L
2342 3288 2377 3341 4
2415 3286 2647 3341 cautella
2674 3288 2755 3342 G.-

457 3376 526 3443 εἴ.
556 3375 632 3443 X,
666 3377 731 3427 11
840 3373 1100 3427 tumentis
1145 3371 1192 3428 G
1325 3376 1355 3427 5
1403 3374 1457 3427 et
1501 3372 1689 3442 flante]
1735 3372 1995 3441 perflante
2040 3392 2107 3429 ex
2150 3372 2314 3428 flante
2365 3375 2416 3429 G
2496 3372 2659 3428 flante
2710 3375 2762 3429 Τ

459 3464 490 3515 7
515 3458 825 3529 perniciosis
853 3459 998 3529 mox]
1023 3459 1495 3528 pernitiosissimos
1520 3460 1571 3528 (ο
1590 3461 1685 3515 alt.
1706 3461 1769 3515 in
1792 3459 1811 3513 i
1836 3466 1965 3515 mut.
1986 3478 2053 3515 m.
2072 3459 2129 3530 2)
2149 3462 2202 3516 L
2274 3464 2308 3517 8
2334 3462 2459 3529 itaq.
2480 3462 2551 3515 Η
2616 3460 2755 3514 sala-

458 3562 671 3601 monem
713 3546 786 3602 G·¹
896 3548 928 3601 9
963 3545 1052 3614 ne]
1081 3561 1177 3599 nec
1202 3546 1272 3600 H
1372 3544 1664 3600 deuerteris
1708 3546 1935 3602 GG¹L12
1974 3545 2253 3601 dinei-taris
2296 3549 2402 3603 G²v
2474 3546 2755 3601 diuerteris

458 3634 654 3689 HL²T
755 3632 994 3687 dextram
1035 3632 1190 3687 GLr:
1223 3631 1494 3687 dexteram
1522 3634 1717 3689 GHTc
1740 3640 1789 3689 et
1823 3634 1978 3703 Uuly.
2088 3650 2121 3687 a
2152 3634 2384 3689 sinistris
2409 3636 2485 3689 L¹
2594 3637 2659 3690 10
2684 3634 2755 3688 de

459 3739 560 3778 om.
599 3722 668 3776 H
780 3722 843 3777 11
882 3720 1154 3775 sinistram
1192 3720 1469 3774 tramitem
1505 3721 1574 3775 Η
1699 3721 1973 3775 sinistram
2010 3722 2143 3777 item
2178 3723 2231 3776 L
2364 3724 2429 3778 13
2466 3726 2642 3777 uestes
2677 3723 2755 3776 L¹

464 3810 528 3864 14
551 3806 906 3868 xenoaofirm
937 3808 1015 3864 G:
1038 3798 1364 3863 nnoao'rmN
1389 3807 1458 3862 H
1557 3812 1901 3875 Fexotio31a1s
1929 3809 1980 3862 Τ
2055 3806 2397 3862 cenodoxiam
2442 3807 2519 3873 Co
2598 3822 2757 3877 ceno-

462 3894 612 3966 doxie
639 3896 692 3950 L
784 3895 964 3964 potuit
988 3896 1122 3963 (scil.
1149 3895 1369 3965 spiritus
1397 3893 1731 3963 cenodoxiae)
1757 3896 1911 3950 codd.
1933 3896 2112 3964 potuit
2136 3895 2379 3949 diabolus
2404 3912 2436 3950 v
2523 3898 2587 3951 15
2616 3894 2759 3949 deie-

461 3998 576 4035 cere
613 3983 683 4036 H
817 3984 880 4037 17
925 3982 1309 4037 taciturnitatis
1351 3982 1476 4038 GT.-
1525 3998 1586 4035 ac
1633 3980 2001 4036 taciturnitate
2048 3983 2116 4037 H
2190 3986 2245 4037 et
2281 3981 2655 4036 taciturnitate
2700 3983 2759 4036 L

459 4068 666 4123 ieiunat
689 4070 758 4125 H
825 4072 893 4125 20
919 4070 1232 4138 contagione
1258 4070 1327 4126 Η
1375 4068 1624 4137 contagia
1646 4070 1724 4124 L¹
1806 4069 2063 4123 orationis
2092 4072 2167 4125 L¹
2220 4068 2449 4139 prolixas
2475 4088 2509 4125 υ
2587 4071 2652 4125 21
2679 4068 2757 4121 la-

459 4160 730 4224 tententer
753 4159 806 4212 L
901 4160 970 4212 22
995 4156 1212 4225 effugiet
1235 4158 1305 4212 H
1392 4159 1460 4213 23
1497 4156 1729 4211 seniores
1754 4158 1948 4212 HLT:
1984 4157 2216 4211 seniores
2254 4156 2423 4209 nostri
2464 4158 2549 4213 Gv
2654 4155 2759 4209 im-

462 4243 684 4298 modum
711 4246 762 4299 L
871 4260 1060 4313 caepae
1085 4245 1154 4299 H
1158 4264 1176 4299 .·
1212 4260 1367 4314 cepae
1397 4246 1447 4302 G
1519 4261 1676 4313 caepe
1710 4262 1777 4300 em
1802 4242 1959 4297 caebe
1985 4245 2040 4298 L
2146 4246 2213 4299 24
2237 4242 2625 4311 bolborumque
2660 4244 2764 4299 GS

462 4330 839 4402 pullorumque
877 4332 954 4387 L¹
1061 4347 1445 4401 porrorumque
1482 4332 1623 4387 HL²
1731 4331 1981 4385 alliorum
2022 4332 2073 4388 G
2110 4350 2176 4385 m.
2210 4336 2247 4387 2
2278 4348 2441 4401 super
2476 4330 2757 4387 bolborum
