3167 4975
1189 452 1346 506 lust..
1385 452 1494 506 lib.
1523 453 1584 521 v,
1624 455 1845 508 38—39.
2536 454 2655 516 111

376 628 630 708 quidam
681 627 1020 708 seniorum,
1083 646 1232 711 erga
1278 646 1422 690 eum
1469 631 1685 712 utpote
1732 628 2133 711 peregrinum
2182 627 2463 693 caritatis
2511 646 2669 712 opus

376 733 644 813 quodam
691 731 1126 797 redhibitionis
1181 733 1384 796 colore
1445 733 1700 815 cupiens
1766 732 2075 812 exhibere,
2140 732 2397 814 inquirit
2457 732 2534 796 ab
2597 751 2670 796 eo

375 853 482 899 cur
529 837 764 900 otiosus
811 835 1057 900 sederet
1101 837 1166 900 in
1214 837 1389 916 cella,
1452 856 1562 918 per
1623 837 1738 900 hoc
1799 837 2113 900 coniciens
2176 855 2321 900 eum
2376 841 2509 901 tam
2558 838 2667 900 otii

373 941 820 1023 peruagatione
867 959 1057 1022 qnam
1103 941 1364 1024 penuria
1409 943 1907 1010 necessariarum
1953 959 2164 1005 rerum
2210 941 2448 1005 diutius
2495 941 2559 1005 in
2594 959 2669 1004 ea

297 1060 321 1098 ⁵
376 1045 595 1109 durare
643 1064 768 1110 non
813 1064 1016 1129 posse,
1065 1050 1271 1110 certus
1320 1047 1643 1110 neminem
1686 1033 1872 1128 posse
1918 1046 2399 1129 inpugnationes
2450 1046 2666 1110 solitu-

273 1593 320 1628 10

266 3160 318 3200 25

375 1150 534 1214 dinis
581 1151 846 1215 tolerare
895 1150 1016 1215 nisi
1063 1169 1228 1231 eum,
1290 1151 1396 1232 qui
1441 1150 1707 1233 propriis
1756 1150 2049 1214 manibus
2109 1151 2351 1214 uictum
2412 1150 2667 1214 sibimet

373 1255 561 1318 fuerit
605 1273 824 1338 parare
881 1258 1230 1319 contentus.
1311 1273 1430 1337 quo
1485 1256 1900 1338 respondente
1964 1254 2117 1320 nihil
2179 1275 2245 1318 se
2308 1273 2423 1318 nec
2486 1273 2669 1320 nosse

373 1377 486 1423 nec
515 1361 876 1442 praeualere
910 1379 980 1424 ex
1013 1361 1110 1424 his
1144 1377 1302 1442 quae
1333 1359 1462 1424 illic
1499 1359 1945 1423 exercebantur
1992 1377 2029 1423 a
2074 1359 2373 1423 fratribus
2422 1360 2665 1443 operari

372 1469 616 1546 praeter
661 1465 980 1529 librariam
1030 1483 1311 1544 manum,
1375 1465 1429 1526 si
1492 1467 1703 1528 tamen
1768 1465 1935 1528 ullus
1982 1463 2047 1527 in
2092 1462 2367 1546 Aegypti
2412 1465 2664 1547 regione

373 1569 668 1633 Latinum
713 1569 988 1634 codicem
1029 1569 1172 1632 usui
1205 1573 1373 1633 esset
1402 1569 1755 1648 habituruS‚
1804 1571 1940 1632 tum
1972 1569 2077 1632 ille
2110 1569 2365 1632 tandem
2399 1573 2663 1632 nanctus

373 1674 783 1754 occasionem,
847 1693 970 1757 qua
1014 1678 1223 1758 posset
1272 1674 1699 1738 desideratum
1744 1673 1993 1756 pietatis
2043 1691 2199 1756 opus
2246 1673 2421 1738 uelut
2470 1673 2661 1737 debiti

373 1780 574 1844 colore
621 1781 904 1858 mercari,
964 1798 1036 1842 ex
1098 1779 1210 1842 deo
1257 1779 1412 1842 haec
1461 1780 1719 1842 inuenta
1766 1783 1880 1857 est,
1928 1778 2149 1859 inquit,
2198 1777 2467 1842 occasio:
2517 1795 2663 1840 nam

372 1884 520 1948 olim
567 1884 946 1965 quaerebam
993 1885 1098 1966 qui
1145 1885 1500 1967 apostolum
1548 1883 1847 1947 Latinum
1894 1882 2011 1946 hac
2060 1883 2215 1946 mihi
2271 1900 2462 1946 manu
2524 1900 2665 1964 per-

373 1988 687 2053 scriberet.
765 1989 996 2052 etenim
1043 1987 1242 2052 habeo
1289 1989 1552 2052 frat-rem
1600 1987 1857 2052 militiae
1902 1988 2141 2069 laqueis
2198 1985 2546 2070 obligatum
2602 1991 2661 2050 et

295 2113 319 2152 5
373 2093 650 2174 adprime
700 2092 937 2156 Latinis
985 2094 1380 2173 instructum,
1445 2093 1545 2156 cui
1610 2093 1683 2155 de
1746 2092 2069 2174 scripturis
2134 2093 2368 2155 sanctis
2432 2092 2665 2173 aliquid

373 2199 447 2260 ad
507 2197 844 2280 legendum
913 2197 1358 2262 aedificationis
1429 2198 1560 2262 eius
1631 2197 1895 2262 obtentu
1964 2197 2391 2260 transmittere
2461 2197 2659 2278 cupio,

372 2303 580 2382 itaque
629 2301 932 2384 Symeone
994 2302 1156 2366 hanc
1217 2303 1609 2366 occasionem
1670 2302 1848 2365 uelut
1914 2321 1985 2366 ex
2048 2301 2160 2364 deo
2222 2300 2499 2364 oblatam
2547 2300 2666 2363 sibi
2719 2312 2749 2340 ‘-‘

371 2410 688 2491 gratanter
735 2405 1112 2492 suscipiente
1171 2426 1356 2472 senex
1422 2425 1670 2489 quoque
1734 2407 2027 2486 colorem,
2091 2405 2265 2469 cuius
2330 2409 2659 2489 praetextu

369 2514 616 2595 pietatis
665 2531 818 2595 opus
875 2512 1070 2577 libere
1125 2517 1334 2595 posset
1382 2514 1642 2595 inplere,
1706 2512 2003 2576 libentius
2066 2512 2459 2594 amplexatus
2517 2528 2665 2573 con—

371 2618 578 2681 festim
663 2636 784 2681 non
869 2618 1072 2681 solum
1159 2618 1486 2682 uniuersas
1573 2618 1631 2681 ei
1712 2618 2119 2681 necessitates
2198 2616 2313 2679 sub
2402 2616 2663 2680 obtentu

373 2723 728 2786 mercedum
777 2724 966 2786 tot-ius
1017 2723 1164 2786 anni
1225 2724 1533 2801 conuexit,
1596 2741 1817 2785 uerum
1882 2722 2071 2785 etiam
2137 2720 2541 2785 membranas
2604 2724 2667 2783 et

372 2828 664 2891 utensilia
711 2846 868 2909 quae
917 2827 996 2891 ad
1043 2826 1442 2891 scribendum
1489 2827 1844 2891 necessaria
1892 2828 2071 2889 erant
2127 2827 2503 2908 conportans
2566 2844 2664 2887 re-

372 2932 534 3014 cepit
578 2935 722 3014 post
767 2932 1046 2996 codicem
1093 2932 1416 3013 scriptum,
1481 2932 1668 2994 nullis
1715 2931 1935 2993 usibus
1983 2930 2083 2993 uel
2133 2930 2477 2993 commodis
2522 2946 2666 3011 pro-

371 3036 650 3100 futurum
701 3036 954 3119 (quippe
1003 3037 1308 3099 uniuersis
1358 3036 1422 3098 in
1469 3036 1578 3099 illa
1624 3037 1875 3117 regione
1924 3035 2145 3098 notitia
2189 3034 2439 3117 linguae
2479 3034 2663 3097 huius

370 3142 618 3223 penitus
687 3140 951 3224 ignaris)
1020 3144 1268 3223 praeter
1336 3140 1398 3202 id
1469 3139 1635 3221 quod
1695 3140 1813 3203 hac
1874 3138 2221 3203 subtilitate
2284 3142 2663 3220 sumptuque

371 3246 696 3327 prolixiore
743 3250 1056 3309 mercatus
1107 3248 1224 3324 est,
1272 3243 1805 3325 quemadmodum
1854 3247 1914 3306 et
1960 3242 2064 3307 ille
2114 3242 2247 3307 sine
2281 3242 2661 3307 confusionis

370 3352 744 3415 uerecundia
790 3351 1012 3414 merito
1060 3349 1290 3413 laboris
1341 3353 1404 3412 et
1448 3350 1651 3431 operis
1708 3348 1804 3411 sui
1866 3347 2221 3412 necessaria
2281 3347 2485 3411 nictus
2550 3348 2663 3411 ali-

455 3526 482 3579 1
523 3526 712 3592 utpute
751 3524 912 3578 ΗῙΙι1
1008 3524 1042 3579 2
1079 3518 1452 3575 reddibitionis
1495 3521 1546 3575 G
1618 3519 1952 3573 redibitionis
1981 3521 2122 3574 H²L
2218 3522 2250 3575 3
2288 3518 2547 3572 conitiens
2588 3519 2659 3573 G¹

369 3616 400 3665 5
437 3610 636 3681 certus]
677 3614 850 3665 certus
889 3611 1030 3663 enim
1068 3610 1120 3663 L
1228 3607 1633 3677 inpugnationis
1677 3608 1749 3661 G¹
1858 3610 1890 3660 6
1925 3607 2172 3660 tollerare
2208 3607 2335 3662 G¹L
2444 3610 2473 3660 7
2511 3623 2663 3675 prae-

369 3716 550 3767 parare
578 3700 641 3753 H
747 3698 824 3751 nil
849 3698 901 3752 L
1009 3713 1161 3765 posse
1189 3697 1326 3751 HL¹
1435 3698 1468 3749 8
1504 3694 1835 3763 praeualere]
1864 3694 1995 3746 scire
2023 3695 2089 3748 H
2181 3696 2213 3749 9
2240 3693 2417 3747 nullus
2444 3694 2661 3747 AH¹L¹

371 3790 433 3842 10
471 3790 660 3839 nactus
711 3785 928 3839 G²H²L
1058 3787 1116 3840 11
1159 3782 1432 3837 occasione
1468 3784 1522 3836 A
1650 3783 1755 3849 qua
1794 3782 1869 3836 L¹
1984 3782 2155 3849 possit
2190 3782 2361 3835 AHL
2481 3782 2545 3836 12
2581 3780 2660 3833 in-

367 3873 492 3941 quid
521 3874 659 3927 ,411¹
771 3875 834 3927 13
859 3871 1090 3924 latinum
1116 3870 1215 3923 hac
1241 3871 1426 3925 codd„-
1457 3868 1651 3922 Latina
1674 3887 1706 3923 v
1812 3868 2218 3921 transscriberet
2242 3869 2295 3921 L
2406 3871 2468 3924 15
2495 3866 2661 3920 scrib-

367 3961 501 4013 turis
527 3962 580 4014 A
690 3962 754 4014 16
779 3961 1003 4028 optentu
1033 3960 1105 4011 G¹
1215 3960 1278 4013 17
1307 3972 1612 4025 symeonem
1639 3958 1693 4010 A
1766 3956 1999 4008 simeone
2026 3956 2094 4009 H
2186 3957 2249 4010 18
2275 3954 2374 4008 snb
2402 3954 2549 4007 cuius
2575 3956 2662 4009 Ar

363 4047 522 4100 huius
561 4048 630 4101 H
732 4050 796 4101 19
833 4045 1048 4115 pietatis
1087 4062 1218 4114 opus
1257 4044 1495 4097 caritatis
1533 4044 1601 4097 H
1700 4041 1869 4111 possit
1902 4042 2096 4096 AH¹L
2204 4041 2405 4109 inplere
2446 4042 2524 4095 G.-
2559 4040 2659 4093 im-

367 4135 508 4203 plere
543 4136 658 4188 rell.
765 4132 998 4186 libenter
1021 4134 1130 4187 AL
1237 4131 1567 4201 amplexatus
1593 4130 1791 4184 AGL:
1827 4128 2101 4197 amplexus
2138 4130 2280 4183 HTv
2386 4130 2452 4183 20
2482 4144 2660 4180 neces-

367 4222 540 4275 sitatis
565 4222 634 4275 H
635 4223 648 4255 ¹
756 4222 819 4276 21
851 4218 1150 4273 mercedem
1177 4220 1244 4273 Η
1247 4220 1338 4273 ¹L¹
1445 4216 1705 4270 mercedis
1733 4217 1819 4270 Η2
1914 4220 1981 4271 22
2008 4215 2197 4283 recipit
2224 4216 2303 4269 ΙΙΙ
2400 4218 2469 4269 23
2494 4214 2659 4267 scrib-

367 4312 478 4361 tum
502 4309 556 4362 A
629 4310 696 4363 24
721 4307 880 4361 huius
905 4306 1120 4375 linguae
1150 4306 1201 4360 G
1271 4308 1338 4360 25
1365 4304 1584 4373 ignarus
1610 4306 1685 4357 L¹
1758 4302 2054 4372 suptilitate
2075 4304 2140 4357 Η
2208 4305 2277 4357 26
2302 4302 2571 4369 prolixiori
2598 4303 2665 4356 H

367 4394 836 4462 quemammodum
873 4395 926 4449 L
1035 4392 1344 4447 confusione
1380 4392 1434 4446 L
1551 4394 1617 4446 27
1657 4381 1931 4459 operisui⁰’
1966 4392 2021 4445 A

2244 4474 2343 4528 15*
