3167 4975
2492 404 2659 463 XIII

365 571 750 654 ferebantur,
811 592 994 638 nemo
1041 590 1208 639 nunc
1256 576 1354 637 est
1414 573 1521 655 qui
1569 573 1671 636 uel
1719 573 2037 638 mentione
2086 573 2275 656 digna
2324 573 2659 653 existimet,

363 678 562 741 uelut-i
609 676 708 740 De
753 676 1110 762 spirituali
1152 676 1476 740 medicina
1521 675 1819 740 monachi
1866 696 1976 741 300
2021 675 2219 739 Βοείε
2264 676 2515 739 medica
2570 676 2663 739 ad

364 780 836 844 exinaniendos
867 780 1076 844 animi
1107 779 1397 867 affectus,
1444 802 1633 865 quem
1664 782 1951 847 libellum
1983 782 2359 847 Tilmannus
2392 782 2661 846 Carthu-

363 886 580 950 sianus
613 906 646 949 0
677 886 916 951 Graeco
950 906 986 951 a
1017 906 1084 951 30
1131 905 1508 953 conuersum
1557 906 1695 951 esse
1741 886 1940 967 finxit,
1989 890 2053 951 et
2094 884 2477 972 Theoloyica
2522 908 2660 948 con-

348 988 564 1074 sessio
591 996 656 1055 et
677 990 775 1053 De
799 988 1098 1075 conflictu
1122 991 1448 1053 uitiorum
1472 1000 1530 1054 et
1555 990 1908 1053 uirtutum.
1942 992 2105 1075 quod
2130 996 2345 1055 autem
2374 991 2660 1075 regulam

363 1096 783 1160 monasticam
816 1097 1168 1161 condidisse
1198 1097 1418 1177 fertur,
1467 1096 1529 1161 id
1575 1115 1647 1160 eo
1695 1096 2007 1180 pertinere
2052 1096 2322 1175 uidetur,
2371 1096 2533 1177 quod
2565 1115 2663 1159 10-

360 1200 514 1282 gula
559 1218 720 1281 quae
766 1200 995 1264 dicitur
1025 1200 1370 1285 Augustini
1415 1220 1482 1265 10
1529 1218 1681 1264 0010
1726 1201 1789 1266 111
1837 1199 2153 1265 codicibus
2202 1199 2541 1281 nonnullis,
2590 1203 2661 1264 ut

363 1303 428 1368 in
475 1304 885 1369 Laudunensi
937 1302 1049 1388 (L)
1100 1305 1605 1385 Institutionum,
1654 1306 1709 1369 ei
1757 1304 2149 1369 adscribitur.

448 1407 714 1488 Quando
761 1408 1101 1474 Cassianus
1150 1408 1224 1473 de
1269 1411 1406 1474 11110
1452 1410 1805 1489 excesserit,
1861 1428 2083 1494 parum
2133 1412 2501 1492 conpertum
2547 1409 2661 1473 ha-

360 1512 608 1577 bemuS.
689 1534 813 1579 non
874 1516 1074 1579 multo
1137 1518 1350 1579 autem
1409 1517 1552 1598 post
1613 1534 1768 1597 opus
1824 1515 1900 1577 de
1946 1514 2377 1578 incarnatione
2424 1514 2659 1579 domini

361 1618 752 1699 absolutum,
800 1620 1046 1683 circiter
1092 1637 1144 1682 a.
1181 1617 1331 1699 435,
1392 1619 1559 1683 diem
1607 1637 1974 1702 supremum
2023 1637 2168 1682 eum
2214 1617 2447 1682 obiisse
2493 1616 2661 1683 Gen-

363 1724 592 1787 nadius
639 1724 912 1787 indicare
958 1723 1208 1787 uidetur
1253 1724 1466 1788 dicens
1513 1733 1572 1785 et
1620 1723 1691 1787 in
1737 1723 1841 1786 hie
1884 1724 2045 1806 (scil.
2080 1723 2258 1788 libris
2291 1728 2509 1787 contra
2536 1723 2661 1787 Ne-

361 1828 658 1911 storium)
720 1825 1053 1890 scribendi
1112 1826 1300 1913 apud
1350 1826 1732 1891 Massiliam
1793 1837 1851 1891 et
1911 1826 2197 1890 uiuendi
2239 1826 2442 1910 finem
2486 1825 2661 1912 fecit

371 1929 732 1993 Theodosio
779 1939 837 1994 et
892 1930 1358 1994 Ualentiniano
1407 1931 1851 2017 reynantibus.

447 2036 502 2099 Ε
552 2037 804 2119 scriptis
838 2036 1125 2101 Cassiani
1154 2037 1598 2101 Institutiones
1646 2041 1708 2102 et
1755 2038 2176 2117 ConlationeS,
2223 2036 2453 2121 quippe
2500 2056 2658 2119 quae

361 2144 568 2205 totam
617 2140 746 2204 fere
795 2141 964 2205 uitae
1011 2142 1396 2207 monasticae
1439 2142 1752 2207 rationem
1798 2142 1863 2205 in
1912 2162 1977 2205 se
2024 2141 2419 2206 continerent
2464 2160 2658 2223 eaque

361 2246 436 2307 de
483 2263 680 2309 causa
725 2246 992 2309 summis
1040 2246 1210 2310 illius
1258 2247 1491 2311 ordinis
1540 2246 1716 2327 01113,
1766 2246 2103 2311 Benedicto
2152 2249 2214 2309 et
2247 2245 2659 2325 Cassiodorio,

363 2350 707 2413 admodum
751 2349 1168 2433 probarentur
1214 2354 1400 2433 atque
1449 2350 1527 2415 ab
1577 2352 1667 2414 eis
1714 2350 2165 2415 monachorum
2212 2350 2493 2433 collegiis
2527 2354 2659 2413 310-

361 2454 538 2518 (11030
584 2454 1194 2536 commendarentur,
1243 2473 1280 2520 a
1309 2455 1636 2520 monachis
1670 2455 1953 2520 omnium
1985 2455 2313 2539 regionum
2345 2454 2659 2519 omniurn-

361 2578 482 2640 que
534 2564 888 2642 temporum
936 2561 1306 2642 saepissime
1351 2561 1699 2645 descriptae
1748 2565 1913 2625 sunt.
1994 2561 2085 2624 ita
2129 2561 2369 2624 factum
2416 2563 2532 2640 est,
2588 2563 2661 2624 ut

361 2662 552 2727 hodie
598 2665 912 2728 maximus
959 2684 1258 2728 numerus
1305 2664 1612 2730 librorum
1658 2683 1851 2729 manu
1900 2665 2275 2748 scriptorum
2322 2665 2387 2728 in
2434 2663 2659 2728 biblio-

363 2767 568 2831 thecis
616 2773 784 2833 extet
830 2769 1056 2851 uixque
1103 2770 1559 2834 monasterium
1607 2770 1985 2850 inueniatur,
2042 2769 2105 2834 in
2153 2787 2275 2852 quo
2323 2787 2447 2834 non
2494 2787 2657 2832 01103

363 2873 594 2937 saltem
639 2873 829 2938 codex
861 2873 1146 2938 Cassiani
1195 2874 1298 2938 uel
1342 2875 1496 2938 olim
1541 2874 1731 2938 fuerit
1762 2874 1864 2937 uel
1906 2874 2256 2938 etiamnum
2288 2874 2389 2938 sit.
2440 2877 2659 2938 contra

361 2975 666 3040 librorum
730 2979 933 3060 operis
981 2979 1283 3042 aduersus
1329 2977 1695 3042 Nestorium
1741 2983 1921 3042 10010
1963 2979 2188 3042 1011103
2236 2982 2353 3059 031,
2415 2982 2488 3042 01
2534 2996 2656 3042 non

360 3081 508 3163 plus
552 3100 746 3163 (100111
793 3087 1035 3167 septem
1081 3083 1465 3166 inuestigare
1512 3083 1867 3167 contigerit,
1930 3083 2039 3165 qui
2082 3083 2315 3166 partim
2358 3083 2658 3146 recentis-

362 3184 515 3250 simi
557 3189 724 3250 sunt.
777 3206 849 3250 ex
895 3187 1139 3271 ingenti
1185 3191 1399 3252 autem
1445 3187 1751 3252 librorum
1799 3189 1995 3270 copia,
2044 3191 2115 3252 ut
2159 3206 2271 3270 par
2318 3191 2470 3268 erat,
2521 3192 2659 3252 tan-

361 3293 504 3354 tum
531 3291 1005 3373 antiquissimos
1032 3292 1392 3376 selegimUS,
1427 3293 1504 3356 ad
1529 3311 1797 3374 quorum
1820 3292 2008 3356 fidem
2040 3292 2195 3356 haec
2228 3311 2415 3374 opera
2442 3312 2658 3357 receu-

363 3399 673 3475 serentur,
720 3398 786 3460 01
815 3396 1296 3460 Institutionum
1343 3397 1599 3478 quidem
1633 3401 1819 3479 atque
1854 3395 2295 3462 Conlationum
2328 3416 2431 3460 eos
2462 3398 2658 3480 potis-

361 3499 620 3580 simum,
641 3500 750 3581 qui
767 3501 1088 3564 saeculum
1105 3501 1420 3565 decimum
1439 3520 1733 3584 superare
1754 3500 2145 3566 uidebantur.
2181 3520 2337 3583 quos
2362 3502 2657 3583 quoniam

360 3607 656 3667 accurate
689 3604 1040 3668 describere
1075 3604 1492 3689 adgredimur,
1540 3625 1741 3688 pauca
1786 3606 1861 3669 de
1908 3606 2168 3686 ratione,
2216 3623 2340 3687 qua
2372 3604 2657 3671 Cassiani

361 3726 553 3790 opera
582 3708 938 3792 posteritati
969 3710 1201 3774 tradita
1233 3713 1402 3790 sunt,
1446 3710 1913 3794 praemittenda
1943 3711 2251 3774 uidentur.
2302 3729 2447 3773 cum
2488 3711 2655 3773 enim

361 3811 634 3896 singulis
680 3813 1108 3878 uoluminibus
1157 3833 1268 3878 seu
1316 3814 1634 3879 codicibus
1669 3815 1776 3895 ita,
1823 3819 1895 3878 ut
1926 3815 2003 3880 ab
2037 3818 2287 3879 auctore
2323 3815 2457 3898 ipso
2490 3815 2659 3878 edita

363 3921 566 3998 erant,
614 3918 808 3982 etiam
853 3922 1074 4001 postea
1118 3937 1156 3982 a
1199 3917 1474 3982 librariis
1521 3919 2043 4000 describerentur,
2106 3924 2272 3983 certe
2333 3938 2530 4002 usque
2578 3920 2657 3984 ad

363 4040 602 4086 nonum
637 4025 700 4086 et
733 4023 1052 4088 decimum
1085 4024 1428 4104 saeculum,
1474 4043 1599 4106 (100
1632 4028 1913 4107 tempore
1944 4025 2073 4089 iam
2104 4027 2307 4088 totum
2342 4025 2658 4089 Conlatio-

365 4144 518 4190 num
565 4145 790 4210 corpus
835 4127 902 4191 in
949 4145 1146 4192 unum
1179 4126 1456 4192 codicem
1503 4129 1791 4193 concludi
1839 4133 2131 4212 coeptum
2163 4149 2300 4193 esse
2332 4129 2657 4193 Parisinus

371 4228 426 4291 O
472 4231 886 4311 demonstrat,
936 4232 1176 4296 factum
1223 4236 1321 4297 031
1367 4237 1437 4296 01
1480 4236 1729 4316 praeter
1773 4233 2007 4297 librum
2053 4251 2241 4315 quem
2290 4234 2472 4298 modo
2528 4253 2657 4296 me-

367 4336 609 4399 moraui
658 4337 823 4400 inter
870 4336 1160 4418 antiquos
1209 4355 1246 4400 a
1289 4336 1472 4402 nobis
1518 4337 1836 4402 adhibitos
1885 4342 2051 4402 extet
2096 4338 2329 4419 nullus,
2376 4339 2483 4420 qui
2514 4339 2655 4420 plus
