3167 4975
2429 466 2662 523 XCVII

362 636 608 700 ratione
664 636 957 701 instituta
1002 635 1192 700 fuerit
1252 653 1530 719 quasque
1590 639 1800 718 partes
1863 653 2120 718 operum
2167 635 2453 700 Cassiani
2514 654 2661 700 con-

364 741 551 824 plexa
596 741 697 821 sit,
761 760 905 804 cum
952 759 1023 803 ex
1085 741 1283 823 ipsius
1330 740 1541 804 Photii
1603 739 1813 803 uerbis
1869 743 2004 803 tum
2069 759 2142 803 ex
2189 741 2278 804 eis
2339 759 2498 822 quae
2559 740 2660 803 uel

365 845 739 910 Giac-conius
786 845 1033 910 rettulit
1076 844 1177 908 uel
1227 844 1408 909 nobis
1456 845 1838 928 inuestigare
1885 845 2150 927 contigit
2196 845 2538 928 apparebit.

456 951 667 1015 Photii
714 950 1109 1015 Bibliotheca
1154 951 1287 1013 cod.
1328 946 1446 1010 197
1493 948 1614 1033 (ed.
1651 950 1836 1012 Imm.
1871 949 2114 1013 Bekker
2160 969 2218 1032 p.
2261 946 2657 1031 loo-mn:

458 1058 791 1134 Ἀνεγνὼσθη
841 1055 1181 1134 βιβλιδάριον
1229 1055 1288 1114 ἐν
1320 1049 1365 1132 ᾧ
1400 1055 1839 1114 ΚΑΣΣΙΑΝΟΥ
1873 1059 2136 1136 μοναχοῦ,
2187 1055 2411 1132 Ῥώμην
2443 1055 2660 1133 λαχόν-

368 1183 462 1232 τος
505 1160 755 1239 πατρίδα,
814 1167 1078 1239 περιῆσαν
1136 1160 1294 1235 λόγσι
1353 1155 1427 1239 β’,
1484 1153 1559 1216 ὧν
1607 1159 1636 1217 ό
1684 1158 1784 1234 μὲν
1832 1159 2071 1238 Κάστορι
2119 1159 2399 1238 ἐπισκόπῳ
2457 1159 2658 1238 ἀνεγέ-

363 1287 603 1344 γραπτο,
668 1264 811 1343 αυτῷ
858 1267 1211 1342 πεποιημένῳ
1256 1265 1353 1338 τὴν
1398 1269 1507 1322 τῶν
1552 1265 1959 1342 γεγραμμένων
2014 1263 2239 1340 αἴτησιν.
2317 1263 2560 1334 τύπους
2608 1263 2658 1323 δ’

366 1364 525 1440 οὗτος
582 1369 675 1429 καὶ
719 1373 1015 1441 κανόνας
1060 1369 1435 1446 ἀπαγγέλλει,
1482 1369 1607 1427 καθ’
1656 1369 1746 1439 οὓς
1795 1365 1941 1443 ἐβίου
1986 1369 2048 1427 rb
2095 1369 2153 1427 ἐν
2200 1367 2456 1448 Αἰγύπτῳ
2517 1369 2660 1428 κατὰ

370 1479 689 1551 συστήματα
778 1474 1067 1534 σναδικόν·
1114 1476 1360 1548 κοινόρια
1407 1472 1469 1533 δὲ
1516 1473 1654 1533 αὐτά
1697 1473 1728 1530 ὁ
1775 1473 1840 1532 ἐκ
1883 1479 1982 1549 τῆς
2029 1474 2354 1550 ἐτυμότητος
2401 1475 2662 1548 ὀνομάζει

367 1580 559 1658 λόγος.
636 1577 732 1639 καὶ
777 1579 807 1638 ό
854 1577 1106 1658 δεύτερος
1162 1578 1224 1638 δὲ
1270 1577 1347 1658 τῷ
1396 1577 1539 1657 αὐτῷ
1584 1579 2116 1658 προσπεφωνημένος
2164 1579 2294 1657 ἐστί,
2340 1577 2490 1660 περὶ
2533 1584 2658 1638 τῶν

367 1684 541 1744 ὀκτὼ
586 1684 657 1743 δὲ
704 1685 1049 1762 λογισμῶν
1089 1683 1185 1757 τὴν
1221 1683 1523 1763 ἐπιγραφὴν
1553 1685 1722 1761 φέρει,
1771 1673 1851 1752 οἷς
1883 1682 2340 1763 γαστριμαργίαν,
2388 1683 2660 1762 πορνείαν,

366 1789 744 1868 φιλαργυρίαν,
792 1789 981 1868 ὀργήν,
1038 1787 1215 1864 λύπην
1262 1789 1355 1846 καὶ
1403 1785 1636 1862 ἀκηδίαν
1681 1783 2004 1859 κενοδοξίαν
2047 1807 2108 1846 τε
2152 1786 2246 1846 καὶ
2293 1786 2659 1868 ὑπερηφανίαν

368 1891 609 1966 ἐξάπτει.
657 1895 903 1972 χρήσιμα
935 1891 1019 1972 δέ,
1068 1891 1123 1951 εἴ
1158 1894 1261 1972 πέρ
1306 1912 1355 1951 τι
1402 1891 1571 1970 ἄλλο,
1618 1891 1688 1950 τὰ
1730 1892 1898 1970 λόγια
1942 1895 2110 1951 ταῦτα
2156 1895 2268 1963 τοῖς
2314 1891 2658 1972 αἱρουμένοις

364 1999 463 2056 τὀν
508 1997 798 2071 ἀσκητικὸν
846 1997 1214 2074 ἀναδέχεσθαι
1262 1997 1473 2075 ἀγῶνα.
1528 1993 1624 2056 καὶ
1670 1994 1757 2054 ἐπὶ
1803 1999 2052 2056 τοσοῦτον
2099 1997 2159 2056 τό
2207 1996 2430 2056 δυνατόν
2479 1997 2659 2070 αὺτοῖς

366 2101 462 2161 καὶ
508 2102 651 2161 θεῖον
696 2100 985 2182 περίεστιν,
1040 2102 1179 2160 ὥστε
1226 2099 1319 2160 καὶ
1366 2102 1531 2181 μέχρι
1577 2104 1687 2179 νῦν,
1751 2099 1806 2160 εἴ
1846 2122 1891 2159 τι
1937 2101 2082 2160 κατὰ
2123 2101 2248 2173 τοὺς
2291 2102 2484 2173 τύπους
2528 2122 2655 2162 του-

362 2204 515 2266 τουσὶ
568 2204 662 2266 καὶ
704 2205 774 2265 τὰ
821 2187 1169 2283 διατάγματα
1216 2207 1541 2280 μοναστικον
1586 2205 1832 2281 σύστημα
1875 2206 2234 2285 πολιτεύοιτο,
2282 2205 2434 2265 ἀνθεῖ
2475 2226 2536 2265 τε
2581 2208 2658 2276 ὡς

364 2309 597 2386 ἀληθῶς
654 2308 748 2368 καὶ
807 2315 914 2369 τῶν
958 2305 1156 2369 ἄλλων
1203 2309 1525 2389 προλάμπει
1570 2308 1664 2368 καὶ
1707 2316 1816 2370 τῶν
1862 2311 2068 2390 ἀρετῶν
2131 2309 2316 2390 ὁρᾶται
2383 2311 2656 2390 ἐργαστή-

364 2435 505 2496 ριον,
550 2415 611 2484 ὃς
658 2413 718 2472 δὲ
764 2415 980 2485 τούτους
1026 2413 1381 2493 διεγράψατο,
1431 2412 1519 2472 ἐπὶ
1564 2417 1778 2495 μικροῖς
1821 2435 1923 2474 τισι
1966 2415 2253 2493 λειψάνοις
2297 2420 2404 2474 τῶν
2449 2415 2656 2495 ἀρετῶν

366 2520 598 2579 σαλεύει
641 2522 677 2594 ἢ
724 2518 819 2579 καὶ
863 2518 1105 2597 ναυαγίῳ
1151 2519 1477 2599 περιδύεται.
1529 2518 1610 2579 διὸ
1657 2515 1838 2599 χρεών
1889 2520 2000 2579 ἐστι
2033 2518 2207 2597 μηδὲν
2253 2526 2358 2579 τῶν
2393 2520 2450 2579 ἐν
2482 2522 2660 2592 αὺτοῖς

365 2622 837 2704 παραδεδομένων
898 2631 1161 2705 παρορᾶν·
1242 2623 1567 2699 δεσποτικῆς
1626 2624 1734 2703 γὰρ
1795 2628 1960 2684 ταῦτα
2023 2624 2348 2700 νομοθεσίας
2407 2623 2501 2685 καὶ
2559 2632 2657 2699 τῆς

364 2729 741 2806 εὐαγγελικῆς
778 2724 1061 2801 πολιτείας
1110 2727 1249 2787 ἐστὶν
1296 2725 1585 2801 ἀνάπτυξίς
1630 2748 1690 2787 τε
1735 2726 1829 2787 καὶ
1877 2728 2210 2802 ἐξάπλωσις.
2261 2730 2368 2789 ἔστι
2417 2730 2478 2789 δὲ
2510 2730 2654 2809 αὐτῷ

364 2831 545 2893 οἰκεῖα
588 2836 703 2904 τοῖς
750 2832 1079 2909 διανοήμασι
1123 2831 1220 2892 καὶ
1263 2833 1330 2891 τὰ
1377 2833 1616 2912 ῥήματα,
1663 2836 1723 2892 τό
1770 2854 1830 2891 τε
1875 2834 2044 2912 σαφὲς
2093 2834 2512 2916 ἀποστίλβοντα,
2559 2832 2653 2893 καὶ

361 2940 427 2997 τό
476 2936 673 3019 ῥᾳδίως
718 2940 837 3009 ταῖς
881 2940 1083 3015 ψυχαῖς
1127 2935 1220 2997 καὶ
1267 2938 1596 3015 ἀνεπαχθῶς
1645 2937 2084 3017 ἐγχαράσσεσθαι
2127 2940 2224 3012 τὴν
2284 2940 2446 3019 χάριν
2503 2938 2652 3013 κλη-

364 3043 686 3122 ρωσάμενα,
749 3043 866 3117 ἅμα
924 3040 1017 3100 καὶ
1063 3044 1123 3100 το
1172 3041 1482 3117 συμπείθειν
1528 3040 1623 3101 καὶ
1669 3041 1859 3102 ἕλκειν
1906 3042 2072 3112 αὐτὰς
2115 3044 2248 3121 πρὸς
2303 3044 2364 3102 τό
2411 3042 2654 3102 σπουδα-

365 3148 614 3221 ζόμενον.
662 3144 757 3205 καὶ
803 3146 943 3206 οὔτω
988 3149 1164 3206 πάντα
1210 3152 1389 3225 σοφῶς
1434 3166 1495 3204 τε
1541 3144 1636 3205 καὶ
1682 3144 1878 3219 δεξιῶς
1923 3148 2184 3226 κέκραται
2215 3144 2309 3205 καὶ
2343 3138 2652 3227 διαμεμόρὲ

364 3271 555 3330 φωται,
619 3251 762 3310 ὥστε
822 3248 917 3310 καὶ
974 3249 1345 3329 τροπσλογίας
1398 3251 1426 3310 ό
1473 3249 1725 3329 δεύτερος
1785 3251 1958 3326 λόγος
2021 3250 2498 3329 ἱνποβαλλόμενος,
2562 3250 2656 3311 καὶ

362 3354 509 3414 πολὺ
566 3356 629 3414 ‘cb
692 3354 985 3433 ἐπαγωγόν
1036 3356 1181 3432 ἔχων
1228 3352 1322 3413 καὶ
1368 3354 1714 3434 θελκτήριον,
1774 3355 1947 3414 πλέον
1994 3357 2296 3434 παρέχεται
2340 3357 2402 3415 τό
2457 3355 2654 3433 φοβοῦν

361 3479 426 3517 τε
472 3458 566 3518 καὶ
610 3458 1056 3533 καταπληκτικόν
1102 3457 1194 3517 καὶ
1242 3458 1464 3519 δυνατόν
1512 3458 1846 3539 ἐπιστρέφειν
1891 3460 2027 3539 προς
2073 3462 2384 3534 μετάνοιαν.

454 3561 565 3622 Καὶ
624 3563 797 3641 τρίτον
861 3562 911 3621 δ’
959 3560 1047 3622 ἐπὶ
1090 3563 1297 3634 τούτοις
1343 3563 1592 3641 λογίδιον
1639 3564 2070 3640 συνανεγνώσθη,
2130 3565 2160 3621 ’ό
2207 3564 2346 3638 μετὰ
2389 3564 2653 3638 τελευτὴν

366 3668 651 3746 Κάστορος
712 3671 805 3726 τοῦ
854 3667 1146 3727 ἐπισκόπου
1189 3668 1267 3745 τῷ
1321 3666 1704 3745 διαδεξαμένῳ
1764 3666 1860 3744 τὴν
1924 3666 2246 3742 ἐπιμέλειαν
2304 3672 2402 3745 τῆς
2463 3674 2655 3746 μονῆς,

366 3772 437 3831 δι’
497 3774 565 3847 ἤν
610 3770 705 3831 καὶ
750 3770 799 3829 οἱ
843 3772 1073 3843 κανόνες
1120 3771 1449 3845 ἐστάλησαν,
1510 3768 1978 3850 προσπεφώνηται.
2061 3772 2166 3831 ἔστι
2229 3773 2332 3847 μὲν
2393 3773 2656 3851 συγγενὲς

364 3879 477 3949 τοῖς
500 3878 937 3957 προειρημένοις,
972 3876 1219 3936 διδάσκει
1250 3876 1313 3936 δὲ
1343 3878 1393 3935 τί
1423 3877 1483 3935 τέ
1517 3875 1628 3935 ἐστι
1661 3875 2020 3955 διάκρισις,
2053 3874 2144 3935 καὶ
2175 3878 2253 3936 δτι
2287 3877 2486 3951 μείζων
2519 3878 2652 3954 αὓτη

367 3990 477 4041 τῶν
525 3981 718 4041 ἀλλων
768 3976 994 4062 ἀρετῶν,
1054 3979 1150 4041 καὶ
1196 3982 1320 4041 ὅθεν
1366 3980 1624 4060 τίκτεται,
1686 3978 1780 4039 καὶ
1827 3982 1902 4051 ὡς
1945 3982 2008 4039 τό
2049 3979 2224 4039 πλέον
2285 3974 2414 4057 τῆς
2445 3982 2653 4041 ἄνωθέν

365 4086 481 4145 ἐστι
540 4086 774 4165 δωρεᾶς.
852 4084 947 4145 καὶ
1004 4084 1127 4165 περὶ
1177 4082 1513 4164 ἐξαγγελίας
1566 4088 1860 4165 γραφικαῖς
1904 4083 2160 4165 πίστεσιν,
2208 4085 2284 4156 ὡς
2331 4084 2416 4144 δεῖ
2459 4086 2656 4162 ταύτην

362 4192 638 4271 πράττειν,
702 4190 1120 4269 κατασκευάζει,
1180 4188 1272 4249 καὶ
1316 4188 1417 4260 τίς
1458 4190 1489 4249 ὁ
1535 4190 1783 4260 σκοπός
1827 4187 1937 4248 καὶ
1982 4188 2041 4249 τί
2083 4190 2153 4248 τὸ
2197 4189 2398 4261 τέλος
2440 4196 2548 4248 τῶν
2595 4190 2653 4249 ἐν

364 4296 477 4366 τοῖς
509 4294 825 4370 ἀσκητικοῖς
857 4290 1061 4370 ἀγῶσιν
1096 4292 1527 4369 ἐξεταζομένων.
1572 4297 1740 4353 ταῦτα
1773 4294 1988 4353 Μωσέα
2025 4293 2141 4353 τινὰ
2185 4294 2491 4367 θαυμαστόν
2535 4296 2654 4365 ταῖς

366 4400 585 4479 ἀρεταῖς
634 4397 842 4477 εἰσάγει
890 4398 1215 4459 διδάσκοντα
1259 4397 1351 4457 καὶ
1398 4396 1714 4479 πράγμασιν
1763 4399 1962 4477 αὐτοῖς,
2011 4402 2203 4479 μικροῦ
2247 4400 2520 4475 κειμένοις
2565 4398 2651 4457 ὑπ’

468 4516 599 4559 xvn.
630 4516 745 4557 cus.
777 4522 815 4557 ι.
2271 4500 2300 4549 7
