3167 4975
545 438 816 497 XLVIII

545 606 1034 671 teaetlcritiechen
1101 604 1534 694 Grundlaqen
1595 606 1685 669 im
1742 606 1997 670 zweiten
2052 603 2271 669 Theile
2330 627 2452 668 von
2520 601 2826 667 Cassiano

557 710 984 789 Conlationee‚
1049 710 1486 799 Sitzunyeber.
1551 710 1671 774 der
1732 711 1899 775 kaie.
1962 708 2316 773 Akademie
2379 710 2495 774 der
2560 706 2835 772 Wiccen-

545 815 842 902 echaften
874 816 944 879 in
988 815 1190 893 Wieu,
1224 817 1415 895 1883,
1449 826 1593 879 tom.
1636 812 1811 894 CIII,
1835 838 1908 901 p.
1940 817 2065 879 491
2074 814 2241 877 —51
2248 816 2291 879 9
2336 816 2637 899 exemplis
2684 832 2835 878 sane

547 922 766 987 multis
812 922 1350 1005 conprobauerim‚
1397 922 1525 987 iam
1571 922 1730 986 nihil
1774 925 1975 985 restat
2020 920 2143 984 nisi
2190 925 2261 985 ut
2305 919 2555 984 omissis
2604 918 2693 983 eis
2738 937 2837 982 re-

546 1026 738 1107 liqua,
787 1027 862 1089 de
895 1026 1123 1109 quibus
1155 1026 1504 1090 etiamnum
1543 1010 1867 1091 dubitatio'
1900 1026 2046 1089 oriri
2090 1025 2309 1109 possit,
2358 1043 2547 1107 quam
2592 1023 2838 1087 breuis-

549 1131 706 1194 sime
752 1130 1095 1213 expediam.
1175 1148 1248 1193 ac
1275 1130 1552 1213 primum
1588 1131 1662 1193 de
1697 1130 1786 1194 eis
1817 1130 1971 1194 locis
2018 1130 2345 1208 disseram,
2394 1147 2549 1211 quos
2603 1128 2669 1192 in
2708 1127 2837 1191 dis-

550 1236 888 1299 sertatione
909 1254 968 1317 p.
997 1232 1124 1297 518
1149 1235 1350 1318 tetigi,
1385 1236 1681 1299 cumillis
1706 1236 1831 1299 iam
1860 1254 1986 1299 non
2007 1237 2064 1297 Σ
2083 1234 2474 1313 lacunosum,
2508 1233 2617 1297 sed
2644 1231 2838 1297 HYO

549 1339 956 1423 interpolatos
997 1358 1133 1403 esse
1165 1339 1322 1403 mihi
1351 1358 1723 1423 persuasum
1757 1340 1859 1403 sit.
1892 1359 1951 1423 p.
1987 1337 2135 1419 319,
2165 1337 2210 1401 4
2241 1338 2385 1403 edit.
2420 1354 2598 1402 meae
2644 1336 2841 1400 uerba

534 1441 664 1528 fac
690 1466 785 1507 me
813 1444 984 1507 sicut
1015 1465 1222 1506 unum
1254 1443 1331 1506 de
1361 1442 1831 1506 mercennariis
1865 1443 1997 1506 tuis
2026 1447 2195 1509 recte
2228 1442 2306 1507 ab
2338 1445 2396 1506 Σ
2423 1442 2657 1506 omissa
2698 1460 2837 1505 esse

551 1550 868 1613 sententia
897 1549 1122 1633 capitis
1156 1547 1191 1610 7
1227 1549 1328 1631 ἓξ.
1367 1548 1533 1612 1-3
1581 1550 1916 1613 manifeste
1961 1547 2277 1632 probatur.
2326 1566 2385 1630 p.
2422 1544 2570 1627 369,
2608 1544 2687 1607 13
2734 1563 2837 1609 me

550 1652 744 1717 uerba
788 1652 904 1738 qui
957 1652 1124 1715 enim
1158 1705 1171 1717 .
1207 1704 1220 1717 .
1259 1704 1272 1717 .
1315 1652 1394 1717 15
1439 1652 1611 1716 uelle
1648 1673 1781 1737 pro
1827 1651 2121 1715 omnibus
2170 1672 2243 1715 ex
2292 1651 2482 1716 ΠΥΟ
2526 1651 2837 1733 recepisse

549 1776 716 1822 nunc
761 1758 1058 1842 paenitet.
1109 1777 1363 1842 prorsus
1412 1760 1581 1823 enim
1627 1758 1877 1823 inutilia
1924 1761 2090 1837 sunt,
2138 1757 2331 1821 immo
2365 1760 2647 1821 tenorem
2694 1774 2837 1819 sen-

549 1864 784 1927 tentiae
817 1863 980 1927 male
1005 1864 1492 1947 interrumpunt.
1542 1863 1931 1947 propositum
1964 1863 2063 1927 dei
2096 1866 2211 1943 est,
2243 1862 2449 1944 inquit
2473 1859 2836 1940 CassianuS,

549 1970 622 2031 ut
665 1967 852 2032 homo
899 1968 964 2031 in
1003 1971 1376 2051 perpetuum
1422 1968 1628 2031 uiuat:
1678 1966 2087 2049 quamobrem
2134 1968 2237 2031 uel
2268 1966 2601 2030 minimam
2630 1964 2834 2028 bonae

550 2072 898 2137 uoluntatis
930 2072 1272 2137 scintillam
1304 2073 1370 2137 in
1403 2071 1583 2137 nobis
1618 2072 1959 2135 exsuscitat
2004 2090 2075 2135 ac
2106 2072 2282 2135 fouet
2327 2070 2585 2134 uolens
2617 2087 2835 2133 omnes

550 2176 836 2241 homines
864 2177 1073 2240 saluos
1098 2176 1232 2240 fieri
1267 2180 1328 2241 et
1358 2177 1468 2240 rel.
1504 2177 1669 2258 quod
1692 2180 2027 2259 postquam
2060 2174 2463 2259 conpluribus
2489 2174 2835 2256 scripturae

549 2282 701 2345 locis
728 2281 954 2345 adlatis
979 2280 1242 2363 probare
1267 2281 1528 2361 studuit,
1554 2279 1784 2362 quibus
1808 2280 2101 2345 omnibus
2126 2298 2487 2363 expressum
2514 2281 2612 2342 est
2634 2278 2837 2342 nolle

550 2386 736 2449 deum
784 2384 1107 2449 hominem
1151 2385 1373 2467 perire,
1421 2389 1588 2449 recte
1634 2385 1760 2449 illis
1807 2385 1960 2450 locis
2006 2385 2295 2468 adiungit
2339 2381 2834 2449 conclusionem:

549 2511 630 2553 ev·
638 2510 722 2576 9⁰
769 2488 1149 2574 quicumque
1185 2499 1488 2575 pereunt,
1534 2499 1807 2553 contra
1852 2489 2045 2553 illiue
2082 2498 2366 2574 pereunt
2409 2485 2833 2550 uoluntatem.

549 2613 730 2679 porro
775 2614 834 2678 p.
879 2591 1026 2676 385,
1068 2594 1153 2657 26
1200 2595 1394 2659 uerba
1437 2593 1743 2679 alioquin
1791 2593 2069 2658 dimisset
2114 2599 2178 2659 et
2236 2595 2343 2658 rel.
2424 2593 2833 2657 manifestum

551 2699 1049 2783 interpolationis
1111 2700 1364 2784 signum
1423 2719 1572 2783 prae
1620 2719 1687 2763 se
1740 2700 1970 2780 ferunt,
2031 2718 2175 2763 cum
2222 2700 2286 2763 in
2337 2702 2412 2762 H
2468 2716 2541 2760 ea
2602 2695 2835 2779 quibus

549 2805 638 2868 rei
663 2805 846 2868 cardo
872 2805 1140 2869 uertitur
1164 2802 1464 2888 alioquin
1493 2803 1765 2868 diaeieeet
1790 2805 2015 2868 desint.
2050 2804 2257 2868 locum
2284 2803 2389 2884 qui
2414 2805 2511 2866 est
2533 2821 2591 2884 p.
2620 2797 2768 2881 394,
2796 2798 2830 2860 1

549 2909 674 2973 iam
723 2910 786 2974 in
837 2909 1236 2974 adnotatione
1285 2909 1438 2972 satis
1487 2908 1839 2973 inlustraui.
1888 2929 1947 2991 p.
1986 2906 2132 2989 396,
2176 2906 2211 2969 7
2260 2910 2507 2989 praeter
2544 2907 2601 2968 Σ
2644 2904 2837 2970 etiam

561 3017 614 3076 Υ
653 3013 848 3077 uerba
893 3014 1269 3096 interpolata
1313 3014 1570 3093 omittit,
1638 3017 1713 3077 H
1718 3013 1772 3077 Ο
1818 3031 1943 3077 11011
1998 3015 2365 3092 consonant,
2428 3010 2725 3092 quoniam
2772 3009 2839 3073 in

553 3119 748 3183 altero
789 3139 953 3194 cum,
1001 3119 1066 3182 in
1099 3119 1294 3182 altero
1342 3120 1406 3181 et
1437 3118 1503 3181 in
1547 3139 1584 3177 v
1616 3116 1725 3178 cui
1755 3117 2011 3201 legitur:
2060 3117 2245 3200 plane
2278 3114 2504 3178 similis
2537 3117 2635 3178 est
2663 3114 2838 3178 locus

550 3242 609 3305 p.
642 3220 792 3302 473,
841 3220 942 3284 20.
993 3259 1078 3267 —
1121 3243 1182 3305 p.
1216 3219 1366 3302 408,
1407 3221 1486 3283 14
1530 3221 1638 3283 hic
1684 3222 1762 3285 ad
1818 3240 2085 3302 sequens
2130 3229 2206 3282 ut
2250 3219 2649 3283 referendum
2710 3221 2837 3282 est:

551 3327 642 3390 sic
687 3327 900 3391 omnia
942 3329 1110 3390 recte
1171 3345 1238 3390 se
1285 3325 1540 3390 habent.
1614 3363 1699 3370 —
1744 3325 2050 3389 hactenus
2108 3325 2183 3388 de
2228 3321 2837 3406 interpolationibuS,

552 3449 708 3513 quas
740 3435 815 3495 H
825 3431 934 3496 ΥΟ
969 3430 1167 3515 (ΠΟ)
1205 3449 1570 3495 communes
1614 3429 1868 3495 habent.
1920 3449 2141 3493 uerum
2173 3430 2237 3492 in
2270 3427 2585 3492 codicibus
2625 3445 2842 3490 recen-

553 3535 816 3600 tioribus
879 3540 941 3600 et
1001 3537 1332 3619 praecipue
1393 3536 1455 3599 in
1511 3535 1566 3600 0
1622 3536 1777 3599 aliae
1840 3535 2078 3598 multae
2137 3535 2491 3612 occurrunt,
2552 3549 2712 3614 quae
2774 3531 2841 3595 in

551 3639 930 3704 editionibus
977 3640 1208 3722 partim
1251 3640 1479 3703 desunt
1509 3640 1741 3722 partim
1786 3639 2098 3722 leguntur.
2150 3637 2241 3702 sic
2270 3657 2330 3720 p.
2362 3635 2513 3717 441,
2548 3633 2587 3696 8
2620 3636 2683 3699 111
2727 3636 2839 3700 ΥΟ

552 3746 798 3808 intrusa
866 3747 1081 3808 extant
1149 3742 1345 3807 uerba
1403 3753 1461 3805 et
1523 3752 1598 3805 ut
1658 3742 1759 3804 ita
1821 3741 2033 3805 dicam
2090 3740 2311 3826 ipsum
2372 3739 2651 3802 tolerari
2710 3759 2841 3801 non

553 3846 853 3923 tolerant,
901 3867 1062 3930 quae
1109 3848 1307 3911 editor
1339 3849 1661 3912 Romanus
1707 3849 1770 3912 in
1821 3848 1951 3911 suis
1997 3847 2175 3910 libris
2210 3848 2470 3911 inuenta
2500 3847 2838 3929 receperat,

553 3953 863 4036 Cuyckius
923 3954 988 4016 iu
1037 3953 1187 4033 suiS,
1249 3953 1355 4034 qui
1403 3971 1434 4015 e
1482 3953 1725 4016 'familia
1770 3953 2001 4016 codicis
2052 3956 2129 4016 Π
2167 3952 2500 4030 fluxerunt,
2564 3967 2687 4014 non
2748 3949 2839 4012 le-

552 4062 755 4142 gerat:
805 4059 882 4122 cf.
917 4055 1066 4137 484,
1099 4056 1200 4121 26.
1273 4058 1338 4121 111
1385 4058 1603 4120 eadem
1650 4057 2017 4122 conlatione
2064 4058 2227 4120 inter
2274 4056 2397 4120 alia
2448 4071 2607 4136 quae
2654 4053 2841 4118 omit-

553 4163 742 4227 tenda
795 4166 1092 4246 putamus
1165 4165 1216 4224 Y
1266 4179 1398 4244 cap.
1457 4159 1562 4242 27,
1619 4181 1679 4245 p.
1725 4161 1876 4241 461,
1939 4157 2017 4222 18
2076 4165 2218 4244 post
2280 4156 2627 4244 conflayret
2686 4157 2841 4223 haec

553 4261 831 4331 exhibet:
914 4264 1276 4328 mobilitate
1351 4265 1570 4351 ui9eat
1637 4265 1818 4328 uires
1888 4264 2167 4351 prolata
2234 4265 2562 4328 ministret
2626 4262 2843 4348 (uires

555 4419 568 4434 .
607 4419 619 4433 .
657 4419 670 4433 .
703 4371 1030 4434 ministret
1075 4372 1139 4436 in
1189 4390 1384 4456 marg.
1434 4390 1517 4436 m.
1565 4370 1635 4454 2)
1680 4369 1975 4434 semibus
2021 4373 2319 4457 anquste‘s
2366 4355 2507 4432 ‘ira‘
2536 4355 2639 4392 ”¹⁶²
2696 4368 2839 4452 inin
