3167 4975
494 445 625 509 430
1556 441 1760 496 Index

496 618 573 670 Po
640 617 677 670 h
746 617 792 669 'o
850 640 910 661 =
970 615 1219 670 Calamus
1269 618 1309 670 I
1342 615 1408 681 X,
1454 618 1535 671 24.
1602 615 1648 670 Ο

494 686 1153 825 possessiolett’igxhliiilium
1179 771 1357 808 rerum
1384 754 1643 809 monacho
1733 687 2036 808 rogid2e'ntia
2071 752 2156 807 dei
2199 753 2246 808 0
2275 753 2378 816 111,
2402 755 2485 808 20.

599 825 893 894 perniciosa
937 825 984 879 0
1014 824 1058 889 I,
1085 828 1133 880 6.
1744 823 1984 876 sahnista
2020 824 2059 877 Ι
2087 821 2217 886 IIII,
2252 824 2337 885 41,
2372 825 2419 876 2.
2466 823 2512 876 G
2543 820 2636 885 VI,
2677 824 2754 884 11,
2792 825 2840 877 5.

495 895 784 964 postulatio
822 894 948 962 quid
986 895 1059 948 sit
1103 895 1149 949 Ο
1181 893 1359 957 VIIII,
1392 895 1470 949 13.
1502 897 1581 949 15.
1801 891 1920 954 VH,
1947 895 1996 955 4,
2029 894 2062 946 3
2097 899 2146 946 et
2179 909 2352 961 saepe.

1801 613 1976 668 dicam
2023 613 2219 668 damna
2257 611 2566 668 redimenda
2607 613 2674 668 N
2711 612 2842 678 IIII,

494 967 783 1033 potestates
850 964 1021 1016 aeriae
1092 979 1225 1031 quae
1287 963 1533 1016 dicantur
1602 963 1648 1017 Ο
1695 961 2022 1029 psalmorum
2049 960 2350 1014 decantatio
2383 960 2428 1015 G
2447 961 2490 1025 1,
2520 963 2600 1026 17,
2625 963 2673 1016 2.
2736 959 2839 1013 sal-
2949 1037 2956 1042 ,

598 1033 748 1097 VIII,
791 1035 869 1088 12.
924 1035 1252 1102 potestatum
1308 1047 1502 1085 nomen
1548 1048 1644 1085 cur
1805 1047 1924 1083 mus
1958 1030 2126 1084 oratio
2159 1029 2318 1084 lectio
2349 1032 2540 1085 iuncta
2570 1030 2617 1085 0
2713 1071 2728 1094 ,
2759 1033 2838 1093 10,

600 1102 802 1170 angelis
840 1101 1105 1182 tributum
1148 1103 1195 1157 Ο
1225 1101 1375 1166 Vm,
1414 1104 1494 1157 14.
1800 1099 1989 1164 3.V11,
2009 1102 2092 1164 23,
2115 1103 2159 1156 1.
2187 1099 2516 1180 psalmorum
2537 1098 2840 1152 intellectus

498 1171 954 1308 ”passast
976 1171 1057 1294 ⁸1³3,
1070 1169 1647 1309 ffifflf‘ss’gigffiffi
1799 1167 2156 1292 33&ssss
2184 1168 2662 1292 33ῗέιῖοὲἒὶἒῖ
2680 1237 2706 1290 1
2737 1168 2837 1301 5⁸32ss

600 1309 781 1374 XIIII,
812 1312 838 1365 1
875 1328 984 1380 sqq.
1807 1309 1854 1362 0
1894 1307 2066 1372 XVII,
2101 1311 2150 1364 3.
2211 1307 2539 1377 psalmorum
2585 1323 2838 1360 numerus

495 1380 806 1448 praeuenire
832 1379 888 1432 in
912 1379 1149 1433 oratione
1173 1378 1303 1448 quid
1328 1379 1399 1432 sit
1428 1379 1475 1434 0
1494 1378 1640 1444 XXI,
1800 1376 2156 1431 duodenarius
2209 1376 2351 1445 apud
2397 1376 2691 1446 Aegyptios
2743 1375 2835 1429 ad-

601 1451 683 1504 26.
1800 1446 1914 1500 dita
1930 1446 2155 1500 lectione
2173 1447 2388 1514 gemina
2411 1446 2608 1499 ueteris
2631 1449 2686 1500 et
2710 1445 2835 1498 noui

493 1518 883 1588 presbyterium
920 1520 963 1573 I
988 1517 1082 1582 XI,
1112 1521 1190 1574 14.
1238 1518 1285 1572 Ο
1315 1517 1444 1581 IIII,
1474 1521 1519 1579 1,
1549 1520 1595 1573 1.
1797 1515 2103 1570 testamenti
2129 1518 2169 1570 I
2197 1515 2269 1579 H,
2294 1518 2343 1570 4.
2371 1517 2418 1571 6.
2494 1514 2696 1568 salmus
2721 1533 2754 1566 1.
2779 1515 2836 1567 in

494 1587 762 1657 primitiae
808 1591 863 1640 et
907 1586 1199 1640 oblationes
1236 1587 1378 1656 apud
1414 1587 1639 1640 Iudaeos
1799 1585 2060 1638 uniuersis
2095 1585 2327 1638 ecclesiis
2362 1584 2391 1637 Ι
2489 1599 2548 1638 ae
2587 1599 2833 1638 consum-

598 1655 960 1710 sacerdotibus
1015 1660 1167 1710 erant
1212 1660 1543 1710 consecratae
1597 1657 1644 1712 (J
1796 1655 1955 1708 matis
1991 1655 2271 1708 matutinis
2308 1654 2522 1722 hymnis
2547 1651 2835 1708 canebatur

598 1725 740 1791 XXI,
766 1729 813 1780 3.
852 1741 1033 1779 earum
1070 1725 1262 1779 modus
1300 1727 1333 1780 l.
1366 1743 1407 1781 c.
1452 1727 1638 1794 primi·
1797 1725 1837 1778 I
1853 1723 1954 1790 111,
1981 1726 2029 1779 6.
2063 1723 2302 1792 psalmus
2337 1721 2624 1792 prandium
2659 1725 2716 1776 et
2749 1738 2831 1775 ce·

602 1795 705 1848 tiae
744 1795 1008 1864 spiritales
1052 1796 1099 1850 Ο
1130 1795 1273 1860 XXI,
1299 1798 1381 1850 26.
1795 1809 1920 1846 nam
1959 1791 2304 1847 antecedebat
2327 1795 2382 1846 et
2417 1790 2833 1860 subsequebatur

493 1864 807 1935 principalia
830 1865 963 1918 uitia
988 1867 1105 1918 octo
1137 1866 1178 1920 Ι
1207 1864 1269 1929 V,
1300 1867 1342 1920 1.
1386 1865 1433 1918 C
1465 1863 1526 1927 V,
1556 1867 1634 1920 18.
1797 1865 1837 1916 Ι
1850 1861 2044 1926 ΠΙ,12.
2065 1861 2260 1931 psalmi
2279 1861 2532 1916 matutini
2550 1860 2703 1926 IIIL
2722 1865 2831 1924 8,2.

598 1949 731 2002 quae
778 1934 913 1987 uitia
958 1949 1018 1986 ex
1054 1934 1129 1987 eis
1167 1936 1453 1987 nascantur
1496 1935 1542 1988 G
1571 1933 1635 1998 V,
1690 1930 2270 2000 pseudoprophetarum
2305 1929 2619 2001 praestigiae
2651 1930 2699 1986 0
2719 1929 2830 1993 XV,

492 2073 664 2142 princi
702 2075 821 2126 atus
890 2073 1066 2140 angeli
1128 2089 1223 2126 cur
1282 2071 1529 2126 dicantur
1595 2073 1640 2126 C
1689 2070 1981 2139 psiathium
2025 2069 2259 2140 (ψιάθιον)
2297 2069 2462 2138 ‘teges
2505 2069 2618 2122 siue
2660 2071 2833 2122 storea

704 2141 747 2207 Ι,
777 2145 856 2197 14.
1794 2143 1876 2194 est
1919 2140 2076 2193 iunco
2111 2143 2206 2194 aut
2241 2155 2440 2209 papyro
2475 2137 2732 2192 confecta.
2771 2155 2830 2192 ea

494 2212 732 2280 priuatae
757 2210 971 2279 uigiliae
996 2215 1052 2264 et
1074 2211 1337 2265 orationes
1362 2211 1636 2264 monachis
1791 2225 1888 2278 pro
1941 2209 2077 2263 lecto
2137 2212 2193 2263 et
2251 2207 2487 2276 stragulo
2543 2207 2831 2261 utebantur

599 2280 886 2334 admodum
923 2280 1079 2334 utiles
1116 2283 1156 2336 Ι
1184 2281 1257 2347 ΙΙ,
1286 2283 1505 2337 12-15.
1793 2279 2038 2332 monachi
2075 2277 2344 2348 Aegyptii'
2376 2277 2723 2334 Gt'accouius:
2759 2280 2828 2346 cs.

492 2349 736 2419 probatio
790 2350 1121 2404 nouiciorum
1175 2351 1555 2404 monachorum
1604 2351 1643 2404 Ι
1792 2349 1918 2404 Ind.
1955 2349 2100 2404 uerb.

599 2418 728 2483 1111,
755 2422 802 2474 3.
832 2423 862 2474 7
887 2437 996 2490 sqq.
1034 2421 1115 2474 30.
1163 2420 1209 2474 0
1239 2419 1353 2484 XX,
1383 2423 1428 2475 1.
1688 2433 1868 2486 pugna
1903 2418 2076 2472 carnis
2109 2433 2169 2470 ac
2205 2417 2422 2486 spiritus
2453 2416 2500 2471 0
2531 2415 2661 2478 ΗΠ,
2687 2417 2736 2470 7.
2767 2418 2825 2471 11

490 2490 817 2557 prochirium
873 2490 904 2543 i.
944 2506 987 2543 e.
1035 2490 1409 2543 admanuensis
1456 2492 1636 2559 sporta
1792 2506 1900 2558 sqq.

606 2559 652 2613 Ο
682 2558 911 2623 XVIIII,
936 2561 986 2625 4,
1011 2562 1060 2615 2.
1687 2558 1891 2626 puritas
1927 2558 2102 2611 cordis
2137 2556 2396 2611 monacho
2431 2572 2639 2625 semper
2675 2570 2830 2609 curae

493 2628 755 2695 profectui
776 2644 983 2698 semper
1000 2628 1324 2681 studendum
1344 2629 1390 2682 C'
1407 2628 1535 2693 IIII,
1552 2632 1630 2683 19.
1791 2643 1904 2680 esse
1929 2625 2089 2681 debet
2111 2628 2154 2682 I
2167 2626 2230 2692 V,
2261 2630 2338 2681 15.
2374 2626 2596 2695 puritati
2623 2626 2829 2679 animae

490 2714 586 2765 pro
640 2696 844 2751 foribus
900 2698 1206 2751 monasterii
1268 2698 1634 2752 renuntiantes
1793 2696 2018 2749 maxime
2044 2695 2368 2750 studendum
2401 2696 2448 2750 Ο
2468 2695 2511 2759 Ι,
2537 2698 2584 2749 7.
2623 2695 2830 2764 puritas

596 2766 927 2820 excubabant
973 2784 1033 2819 ex
1072 2770 1307 2821 ectantes
1356 2784 1425 2821 an
1469 2768 1632 2821 susci·
1793 2766 1966 2820 cordis
1999 2770 2054 2819 et
2085 2766 2318 2834 corporis
2353 2763 2618 2832 quomodo
2642 2764 2828 2832 adqui—

594 2840 850 2905 petentur
890 2837 930 2890 I
968 2836 992 2888 I
1084 2878 1096 2902 ,
1135 2839 1217 2901 27,
1257 2840 1299 2892 1.
1339 2840 1421 2900 30,
1459 2839 1506 2891 3.
1546 2839 1630 2892 32.
1793 2838 2004 2889 ratur-I
2021 2834 2317 2898 VI,9-1o.
2348 2836 2426 2891 12.
2453 2836 2536 2890 20.
2563 2832 2827 2900 quomodo

597 2908 680 2969 36,
706 2909 754 2960 2.
1793 2904 2123 2959 custodiatur
2147 2906 2186 2959 Ι
2203 2902 2294 2969 VI,
2323 2906 2402 2959 13.
2473 2902 2686 2957 utitatis
2709 2918 2830 2971 per-

490 2976 705 3044 propria
748 2974 1017 3043 possidere
1060 2975 1245 3043 ingens
1282 2975 1481 3029 crimen
1518 2991 1632 3028 mo·
1792 2973 1962 3027 fectae
1998 2974 2257 3028 indicium
2295 2976 2335 3028 I
2365 2920 2564 3036 vlf'm.

594 3044 762 3097 nacho
790 3046 832 3098 I
852 3043 975 3108 XII,
1002 3047 1223 3100 26—27.
1267 3045 1314 3098 G
1344 3044 1387 3107 I,
1414 3048 1461 3099 6.
1498 3045 1630 3109 ΙΙΙῙ,
1686 3046 1879 3164 puteus
1915 3044 1972 3096 in
2008 3042 2291 3097 solitudine
2336 3041 2382 3097 0
2413 3041 2486 3107 Π,
2515 3046 2562 3105 5,
2589 3044 2740 3096 3-4.

593 3116 677 3168 21.
716 3112 916 3178 xvm,
943 3117 990 3168 7.
1028 3112 1259 3176 XXIHI,
1286 3116 1368 3169 26.
1731 3112 1884 3180 ythia
1919 3112 2208 3166 certamina
2243 3114 2286 3167 I
2313 3112 2374 3175 V,
2405 3115 2484 3176 12,
2515 3114 2558 3167 1.

488 3183 716 3251 propriis
744 3181 975 3236 consiliis
1003 3183 1102 3236 niti
1124 3182 1630 3251 periculosissimum
1685 3179 1946 3249 Pythonis
1983 3182 2202 3252 spiritus
2238 3182 2304 3237 N
2335 3180 2455 3245 VII,
2486 3183 2566 3246 19,
2592 3184 2640 3237 2.

488 3250 859 3389 prosgerIiIt’affl'
887 3250 1047 3374 ἐξ
1075 3254 1311 3375 Illa-ciffis
1365 3322 1429 3375 de
1484 3326 1630 3376 statu
1687 3318 2140 3389 Quadragensima
2176 3320 2208 3374 i.
2247 3337 2287 3374 e..
2325 3320 2680 3388 quadraginta
2715 3318 2827 3372 dies

594 3390 813 3443 uirtutis
840 3390 1067 3443 deicitur
1091 3406 1249 3458 quam
1276 3390 1499 3444 aduersa
1524 3391 1630 3444 for·
1789 3394 1912 3443 ante
1965 3390 2376 3444 sollemnitatem
2425 3389 2828 3443 resurrectionis

596 3462 729 3511 tuna
770 3459 816 3513 0
846 3458 937 3522 VI,
964 3462 1010 3513 9.
1791 3458 2099 3523 dominicae,
2138 3458 2330 3527 quibus
2355 3460 2606 3513 continua
2629 3458 2827 3511 ieiunia

488 3527 777 3581 Prouerbia
813 3526 1110 3581 Salomonis
1155 3528 1280 3597 quid
1321 3530 1545 3583 doceant
1590 3531 1636 3584 0
1787 3528 2210 3582 obseruabantur
2252 3529 2298 3583 0
2317 3528 2440 3593 VII,
2465 3530 2514 3592 2,
2539 3530 2587 3583 3.
2613 3526 2680 3593 X,
2705 3530 2824 3591 2,1.

593 3596 695 3659 ΙΠ,
722 3598 771 3660 6,
794 3600 844 3651 4.
1786 3598 1930 3663 XXI,
1957 3600 2040 3663 23,
2066 3600 2216 3653 2-3,
2245 3600 2327 3661 30,
2359 3603 2402 3653 l.
2433 3596 2826 3665 Quadi-agensi-

480 3666 803 3735 proaem-bia:
834 3669 911 3731 ut,
937 3666 1389 3735 quemadmodum
1417 3668 1627 3735 dieitur,
1787 3684 1904 3721 mae
1928 3666 2228 3721 obseruatio
2273 3667 2319 3722 Ο
2350 3666 2493 3731 XXI,
2519 3669 2602 3721 24.
2629 3668 2714 3722 25.
2741 3669 2822 3722 27.

593 3750 658 3788 ne
712 3736 919 3789 minuto
966 3736 1183 3803 quidem
1229 3752 1448 3790 nummo
1504 3754 1627 3792 con·
1787 3740 1869 3792 28.
1897 3753 2018 3791 cum
2045 3736 2310 3790 oblatione
2336 3735 2664 3789 decimarum
2683 3751 2826 3789 com·

592 3804 813 3858 scientia
848 3805 1092 3859 monachi
1128 3806 1401 3875 polluatur
1436 3809 1477 3861 I
1505 3806 1626 3872 VII,
1786 3810 2004 3875 paratur
2035 3806 2082 3861 G
2101 3804 2244 3869 XXI,
2269 3808 2351 3861 25.
2391 3804 2532 3859 unde
2567 3805 2643 3858 sit
2665 3804 2824 3866 dicta,

590 3876 673 3929 21.
720 3874 906 3928 eodem
950 3875 1145 3943 cespite
1220 3875 1446 3929 ullulare
1493 3879 1534 3931 I
1560 3877 1626 3940 X,
1786 3892 1907 3929 cum
1933 3878 2146 3930 tantum
2171 3892 2335 3928 xxxvi
2353 3873 2542 3929 diebus
2559 3874 2826 3927 ieiunetur

591 3946 680 3997 14:
734 3947 803 4013 cf.
850 3942 1021 3997 isdem
1068 3960 1183 3997 scro
1224 3943 1343 3999 ibus
1392 3951 1630 4014 emergat
1795 3945 1842 3999 C
1873 3944 2015 4009 XXI,
2045 3947 2126 4000 28.
2165 3942 2652 4013 Quadragensimae
2687 3946 2825 3997 tem-

586 4013 651 4067 N
684 4012 757 4077 H,
786 4017 831 4077 1,
862 4015 905 4068 1.
946 4044 1009 4052 -—
1048 4012 1303 4082 ἀκρότητες
1340 4013 1553 4080 ἰσότητες
1586 4016 1634 4071 Ο
1785 4029 1910 4083 pore
1945 4013 2192 4067 monachi
2227 4013 2456 4067 maxime
2499 4012 2825 4067 infestantur

587 4080 659 4145 ΙΙ,
683 4084 762 4147 16,
788 4086 829 4137 1.
858 4098 954 4137 nec
978 4098 1111 4150 equo
1138 4083 1311 4137 calcar
1336 4100 1431 4137 nec
1450 4100 1627 4138 emen·
1793 4084 1840 4137 0
1881 4082 2032 4145 XXI,
2077 4086 2160 4139 28.
2213 4081 2699 4151 Quadragensimae
2742 4082 2824 4135 lex

588 4149 733 4204 datio
770 4151 945 4205 suauis
982 4155 1063 4206 est
1100 4152 1428 4221 delinquenti
1469 4154 1515 4209 G
1536 4154 1624 4217 VI,
1754 4151 1978 4275 aauibus
2023 4152 2096 4205 sit
2139 4151 2429 4206 constituta
2484 4152 2531 4207 0
2567 4151 2712 4216 XXI,
2737 4152 2822 4206 29.

589 4222 636 4283 6,
653 4224 695 4276 1.
718 4221 1147 4290 contrapestiferi
1158 4223 1419 4291 serpentis
1435 4239 1626 4291 graues
1680 4238 1751 4289 qu
1921 4222 2154 4275 ensimae
2181 4222 2383 4276 exact-io
2407 4218 2822 4291 imperatoribus

584 4288 761 4343 hiatus
797 4294 995 4359 aperto,
1030 4294 1094 4344 ut
1125 4289 1291 4355 aiunt,
1326 4306 1415 4345 ore
1452 4293 1624 4346 consi·
1783 4291 1943 4415 ffii
1997 4290 2154 4345 solita
2200 4289 2438 4345 Cassiani
2491 4292 2730 4360 tempore
2777 4290 2826 4345 0

586 4362 723 4411 stere
748 4360 815 4414 N
844 4364 1019 4429 praef.
1058 4362 1104 4427 ἓ.
1137 4362 1184 4415 3.
1224 4360 1433 4415 damnis
1461 4366 1523 4415 ut
1550 4362 1626 4415 ita
1913 4402 1927 4425 ,
1953 4363 2036 4425 28,
2063 4364 2112 4416 2.
