3167 4975
324 1589 379 1628 10

327 2113 379 2153 15

326 3164 381 3203 25

1010 447 1239 496 contra
1274 443 1654 499 Nestorium
1693 445 1801 500 lib.
1831 445 1950 510 VII,
1989 451 2141 502 2—3.
2589 449 2719 512 355

435 621 542 703 qui
588 623 683 685 est
728 623 967 684 creator
1013 621 1143 704 ipse
1184 627 1569 704 cunctormn,
1620 627 1682 686 et
1724 641 1908 706 posse
1959 625 2014 688 ci
2060 626 2222 706 quod
2270 625 2468 689 uoluit
2513 645 2723 708 prom-

432 730 613 809 ptum
652 726 789 806 fuit,
836 726 983 808 quia
1026 729 1303 808 pote-stas
1350 727 1529 792 affuit
1574 729 1903 792 uoluntati.
1981 730 2076 793 uis
2125 731 2282 793 sciro
2330 731 2722 811 aliquatenus

434 835 669 912 quanta
712 832 795 895 sit
839 832 1291 914 omnipotentia
1335 832 1477 896 dei?
1541 851 1656 916 ego
1711 833 1772 896 id
1829 833 2016 896 deum
2064 835 2256 898 etiam
2302 835 2376 896 dc
2423 835 2722 898 creaturis

435 937 563 1000 suis
608 937 811 1000 facore
857 955 1039 1019 posse
1086 936 1266 1000 credo
1312 937 1475 1018 quod
1521 940 1588 1001 tu
1623 957 1767 1000 eum
1807 938 1882 1000 de
1915 957 1982 1000 sc
2013 939 2148 1020 ipso
2195 939 2398 1002 facere
2445 939 2722 1020 potuisse

434 1059 558 1105 non
602 1041 821 1105 credis,
898 1041 1109 1106 omnia
1155 1041 1319 1104 enim
1352 1042 1701 1106 animantia
1747 1061 1904 1123 quae
1951 1044 2294 1125 posteriora
2338 1063 2403 1106 se
2448 1044 2720 1126 pariunt,

434 1147 488 1210 si
532 1147 717 1210 modo
761 1146 823 1210 id
870 1147 1021 1210 deus
1068 1145 1300 1227 iubeat,
1348 1147 1660 1210 anteriora
1690 1146 1888 1210 multo
1929 1166 2144 1230 parere.
2177 1167 2244 1211 so
2289 1148 2532 1212 facilius
2579 1167 2722 1232 pos-

433 1255 597 1315 sunt.
678 1269 826 1316 nam
871 1255 933 1314 et
979 1249 1102 1314 cibi
1147 1252 1267 1334 ipsi
1312 1255 1375 1314 et
1418 1251 1662 1334 pocula,
1710 1252 1763 1314 si
1804 1271 1876 1315 ea
1916 1253 2260 1316 diuinitatis
2293 1253 2586 1316 uoluntas
2619 1255 2720 1332 sit,

430 1357 497 1419 in
528 1358 863 1439 conceptus
896 1355 1197 1437 quosdam
1232 1360 1297 1420 et
1325 1355 1654 1439 progenies
1691 1357 1847 1420 uerti
1879 1361 2160 1440 possunt.
2226 1375 2422 1439 aquae
2455 1357 2720 1439 donique

432 1461 622 1544 ipsae,
684 1461 909 1542 quibus
974 1461 1051 1524 ab
1115 1461 1360 1524 exordio
1420 1479 1632 1524 rerum
1693 1461 2097 1524 manantibus
2145 1479 2336 1543 aeque,
2384 1463 2720 1525 admodum

432 1565 643 1629 omnia
689 1565 1035 1629 animantia
1090 1568 1371 1645 utuntur,
1428 1565 1757 1648 corporari,
1823 1566 1874 1628 si
1923 1566 1983 1628 id
2030 1566 2182 1629 deus
2229 1565 2460 1646 iubeat,
2515 1567 2579 1630 in
2629 1567 2722 1629 ui-

434 1669 709 1734 sceribus
764 1675 827 1734 et
879 1669 1051 1752 gigni
1099 1673 1381 1752 possunt.
1462 1671 1601 1750 quis
1652 1670 1817 1733 enim
1866 1671 2056 1734 sacris
2120 1670 2408 1752 oporibus
2465 1671 2723 1734 modum

434 1776 656 1840 statuit
721 1779 832 1840 aut
890 1775 1169 1838 diuinam
1240 1775 1589 1857 potentiam
1659 1775 2173 1858 circumscripsit,
2243 1779 2354 1838 aut
2413 1775 2583 1856 quiS,
2653 1779 2724 1839 ut

434 1881 737 1962 scriptum
783 1884 899 1959 est,
948 1879 1109 1942 dicet
1155 1881 1237 1942 ei:
1300 1879 1475 1960 quid
1536 1879 1838 1943 fecisti?
1903 1880 1956 1942 si
2017 1898 2208 1962 negas
2271 1880 2482 1943 omnia
2535 1879 2722 1943 deum

430 2005 633 2068 posse,
696 2004 857 2068 nega
912 1986 1285 2048 anteriorem
1332 1986 1501 2048 nasci
1550 2005 1622 2048 ex
1669 1985 1874 2048 Maria
1919 1985 2032 2049 deo
2081 1989 2378 2048 nascente
2425 1986 2719 2068 potuisse.

434 2091 487 2154 si
534 2094 744 2154 autem
791 2090 1175 2173 impossibile
1224 2090 1336 2154 deo
1383 2091 1539 2154 nihil
1588 2094 1702 2170 est,
1766 2109 1875 2154 cur
1937 2090 1992 2152 ei
2040 2091 2610 2174 impossibilitatem
2657 2091 2722 2152 in

432 2213 545 2260 suo
591 2196 725 2278 ipso
772 2197 1044 2260 aduentu
1090 2193 1285 2259 obicis
1334 2196 1433 2259 cui
1481 2196 1868 2278 impossibile
1915 2195 1979 2259 in
2027 2195 2319 2260 omnibus
2371 2193 2522 2258 nihil
2585 2213 2722 2256 esso

432 2301 798 2382 cognoscis?

518 2405 633 2468 III.
698 2403 983 2470 Secunda
1045 2406 1256 2467 autem
1316 2405 1750 2486 perum-sitatis
1815 2409 1958 2468 tuae
2021 2405 2116 2468 uel
2181 2403 2496 2467 calumnia
2555 2403 2723 2466 blas-

430 2511 781 2593 phematrix
814 2512 915 2573 uel
948 2511 1341 2593 blasphemia
1372 2510 1808 2574 calumniatrix
1841 2514 1936 2573 est·
1967 2529 2092 2591 qua
2123 2511 2240 2573 ais:
2290 2509 2720 2573 homousios

432 2616 757 2697 parienti
824 2614 1047 2678 (lebet
1114 2635 1275 2677 esse
1346 2616 1744 2695 natiuitas,
1815 2634 1936 2679 non
2007 2615 2328 2678 dissimilis
2389 2614 2720 2696 superiori:

432 2720 641 2783 uerbis
690 2721 859 2783 enim
904 2720 1106 2803 magis
1154 2738 1339 2801 quam
1390 2740 1453 2783 re
1500 2723 1561 2782 et.
1607 2739 1833 2802 genere
1882 2719 2132 2782 diuersa
2178 2721 2290 2782 est.
2369 2738 2512 2781 cum
2555 2720 2718 2781 enim

433 2825 506 2888 de
555 2826 885 2889 natiuitate.
932 2826 1137 2907 agitur
1184 2826 1303 2905 dei,
1350 2825 1517 2887 idem
1565 2826 1740 2903 dic-is,
1787 2825 2200 2905 potentiorem
2249 2843 2318 2885 ex
2354 2824 2558 2887 Maria
2599 2841 2720 2885 non

432 2932 707 3012 potuisse
756 2931 945 3009 nasci,
1008 2930 1172 3011 quod
1226 2930 1530 3012 superius,
1593 2929 1966 2992 anteriorem
2025 2948 2148 2991 non
2203 2929 2480 3009 potuisse
2533 2946 2725 3009 gone*

430 3035 572 3098 rari.
665 3039 727 3098 et
788 3036 924 3099 ideo
985 3036 1088 3097 uel
1148 3035 1212 3097 id
1272 3035 1435 3116 quod
1498 3052 1690 3116 supra
1748 3034 1984 3095 dictum
2049 3037 2144 3096 est
2212 3033 2398 3095 etiam
2463 3032 2536 3093 de
2604 3032 2722 3093 hoc

432 3158 801 3221 responsum
862 3142 1044 3221 puta,
1106 3140 1204 3203 uel
1270 3140 1333 3201 id
1394 3139 1557 3220 quod
1619 3158 1785 3202 nunc
1847 3139 2172 3200 dicendum
2237 3142 2332 3199 est·
2395 3136 2582 3199 etiam
2646 3136 2722 3197 de

429 3244 535 3308 illo
608 3244 967 3326 responderi
1044 3244 1347 3307 existima.
1444 3243 1535 3305 ais
1614 3261 1793 3326 ergo:
1882 3243 2307 3307 homousios
2391 3241 2718 3324 parienti

641 3400 729 3469 13]
766 3400 903 3453 Esai.
930 3402 1014 3462 45,
1041 3402 1089 3453 9.
1140 3399 1292 3452 Rom.
1319 3402 1367 3461 9,
1396 3402 1477 3453 20.

518 3542 543 3595 1
585 3539 990 3593 coniunctorum
1026 3539 1100 3593 M
1206 3540 1519 3607 prnmptum
1558 3538 1624 3591 N
1734 3540 1766 3591 2
1805 3536 1982 3589 affluit.
2009 3556 2052 3607 p
2171 3536 2362 3589 uiscire
2400 3538 2465 3590 N
2469 3540 2482 3572 ¹
2595 3540 2626 3591 3
2664 3537 2718 3589 id

430 3627 589 3681 deum
634 3628 859 3695 scripsi:
905 3626 961 3679 in
1009 3626 1167 3678 deum
1214 3627 1280 3679 N
1362 3624 1505 3679 idem
1550 3626 1626 3679 M
1707 3623 1866 3677 deum
1896 3644 1938 3693 p
2027 3624 2084 3677 id
2129 3624 2290 3677 ctiam
2337 3624 2612 3677 dominum
2651 3643 2720 3679 av

429 3718 463 3771 6
498 3732 553 3768 se
596 3731 779 3784 parere
816 3715 953 3783 Mpv
1076 3712 1286 3766 facilius
1323 3731 1425 3769 ont.
1466 3713 1565 3767 Mo
1695 3714 1726 3766 7
1765 3714 1818 3764 et
1847 3718 1974 3781 post
2011 3727 2136 3764 nam
2174 3730 2274 3766 om.
2315 3714 2378 3765 N
2373 3730 2413 3781 p
2543 3728 2604 3763 ea
2639 3716 2720 3764 est.

428 3802 729 3856 diuinitatis
768 3803 841 3856 M
870 3802 990 3869 (om.
1028 3800 1119 3869 sit)
1246 3800 1455 3853 uolutus
1488 3818 1532 3869 p
1651 3802 1684 3855 8
1721 3801 1774 3852 ct
1811 3800 1868 3851 in
1903 3798 2162 3867 proienies
2201 3800 2274 3852 M
2386 3802 2418 3853 9
2455 3798 2718 3851 manenti-

426 3890 527 3945 bus
562 3892 629 3946 N
766 3888 1077 3943 ammodum
1122 3889 1188 3943 N
1329 3889 1390 3943 12
1438 3890 1643 3939 statuat
1681 3887 1754 3941 M
1887 3884 2306 3938 circumscribsit
2343 3887 2406 3939 N
2491 3885 2716 3937 circum-

427 3978 626 4032 scribat
652 3980 725 4033 M
828 3980 891 4033 13
928 3975 1189 4029 scribtum
1215 3977 1281 4029 N
1384 3974 1514 4029 dicit
1540 3976 1638 4029 Mu
1743 3990 1894 4041 posse
1933 3972 2092 4025 deum
2125 3972 2306 4025 omnia
2330 3974 2404 4025 M
2505 3974 2568 4025 16
2606 3972 2714 4040 eui]

427 4083 548 4119 cum
578 4086 621 4137 p
774 4068 835 4121 18
872 4062 1169 4119 secundum
1208 4064 1343 4118 ΝΜ
1474 4062 1830 4130 peruersitate
1864 4064 2012 4113 tuam
2049 4061 2124 4113 M
2261 4062 2324 4113 19
2361 4058 2714 4127 blasphemia]

426 4154 693 4209 calumnia
721 4155 787 4207 N
849 4152 1163 4221 blasphema
1186 4170 1255 4206 <w
1325 4148 1742 4218 blasphematrix
1776 4147 1863 4199 nol
1895 4145 2228 4214 blasphemia
2255 4164 2357 4199 om.
2377 4164 2420 4215 p
2526 4160 2631 4211 qua
2655 4163 2718 4197 a:

426 4242 517 4311 qui
556 4244 621 4298 N
658 4242 810 4309 ⁴quia
846 4242 949 4309 Mp
1075 4240 1341 4292 omousios
1371 4258 1412 4307 11
1539 4236 1811 4289 omousius
1850 4236 1922 4289 M
2032 4236 2098 4288 20
2137 4232 2343 4301 parenti
2377 4251 2417 4301 11
2524 4234 2592 4285 22
2630 4231 2714 4283 dei

426 4332 617 4397 agatur
652 4329 851 4397 (agitur
878 4330 945 4398 p)
982 4330 1120 4397 Illpv
1225 4330 1294 4381 23
1332 4325 1473 4377 nasci
1503 4368 1513 4378 .
1545 4368 1553 4377 .
1585 4367 1595 4377 .
1625 4340 1730 4377 non
1768 4323 1999 4392 potuisse
2037 4340 2136 4377 om.
2169 4322 2242 4375 M
2340 4322 2406 4375 24
2444 4325 2490 4373 et
2528 4322 2592 4373 25
2632 4318 2712 4387 id]

426 4418 483 4471 in
510 4436 555 4487 p
678 4420 746 4472 26
783 4416 1047 4470 omousios
1088 4417 1183 4485 ΝΡ
1257 4413 1525 4467 omousius
1564 4414 1640 4467 M

2767 3249 2800 3302 2
