3167 4975
1207 450 1366 504 Inst.
1404 449 1512 503 lib.
1553 449 1647 513 XI,
1686 453 1871 505 7-10.
2558 447 2681 512 199

393 629 570 712 ginta
601 628 870 710 quinque
903 627 1147 691 milium
1181 627 1255 690 de
1290 626 1561 690 exercitu
1608 625 2033 709 Assyriorum,
2082 627 2304 710 angelo
2338 624 2453 688 sub
2502 629 2681 688 nocte

396 735 703 814 uastante,
736 751 863 798 una
884 751 1066 816 prece
1096 732 1298 796 ualuit
1327 732 1665 814 inpetrare,
1698 733 1995 796 uanitatis
2027 731 2395 816 gloriatione
2429 748 2683 812 supera-

394 842 522 901 tur:
547 838 722 902 cuius
747 841 820 901 ut
840 840 1234 920 praeteream
1257 838 1566 902 uirtutum
1600 841 1733 900 tam
1756 837 2067 920 prolixum
2090 836 2467 920 catalogum,
2494 855 2683 917 quem
2744 892 2748 900 .

393 944 694 1026 replicare
739 943 1113 1027 perlongum
1160 946 1274 1023 est,
1337 941 1456 1006 hoc
1508 961 1707 1006 unum
1756 942 1979 1022 dicam,
2043 942 2145 1023 qui
2188 944 2332 1024 post
2376 940 2679 1004 indictum

312 1073 340 1114 5
396 1049 736 1112 terminum
796 1049 964 1112 uitae
1025 1049 1370 1130 mortisque
1428 1047 1594 1111 diem
1647 1047 1881 1110 domini
1926 1047 2241 1110 sententia
2284 1045 2683 1128 praefinitum

395 1153 748 1236 quindecim
797 1153 975 1216 annis
1023 1153 1191 1217 uitae
1238 1156 1442 1217 metas
1489 1151 1783 1216 excedere
1829 1169 1957 1216 una
2002 1151 2279 1216 oratione
2318 1151 2682 1232 promeruit,

395 1259 526 1322 sole
585 1277 697 1340 per
759 1258 976 1321 decem
1039 1257 1301 1341 gradus,
1364 1275 1516 1340 quos
1580 1257 1659 1320 ad
1723 1275 2015 1322 occasum
2075 1256 2340 1320 tendens
2399 1257 2528 1319 iam
2588 1254 2684 1318 in-

392 1364 790 1444 lustrauerat,
835 1366 1210 1444 reuertente,
1275 1363 1377 1445 qui
1420 1363 1641 1441 lineaS‚
1703 1381 1857 1444 quas
1918 1361 2217 1425 abscessu
2280 1361 2413 1424 eius
2460 1359 2685 1424 umbra

395 1469 783 1551 subsequens
845 1471 1199 1550 occuparat,
1262 1486 1373 1532 suo
1432 1485 1688 1531 rursum
1747 1467 1951 1530 reditu
2010 1467 2239 1550 fugans
2297 1465 2683 1547 duplicatum

289 1599 341 1637 ιο
395 1573 561 1637 diem
606 1573 901 1637 uniuerso
946 1573 1081 1637 orbi
1127 1576 1343 1637 contra
1387 1571 1540 1636 fixas
1572 1576 1834 1636 naturae
1865 1573 2037 1656 leges
2069 1571 2347 1636 inaudito
2378 1570 2681 1634 miraculo

393 1677 703 1761 praebuit.
779 1681 922 1759 post
967 1681 1145 1742 tanta
1189 1681 1442 1759 tamque
1489 1677 1883 1742 incredibilia
1938 1677 2139 1760 signa,
2198 1678 2343 1758 post
2404 1679 2536 1739 tam
2596 1676 2689 1738 in-

393 1783 605 1847 mania
628 1783 1001 1847 documenta
1031 1784 1337 1847 uirtutum
1371 1783 1634 1864 qualiter
1665 1783 1855 1846 fuerit
1884 1781 2275 1846 succe-ssibus
2310 1781 2439 1844 suis
2473 1781 2683 1860 elisuS,

393 1888 542 1952 audi
585 1889 960 1971 scripturam
1007 1891 1396 1952 narrantem:
1457 1889 1534 1952 in
1594 1888 1887 1967 diebuS,
1949 1888 2169 1969 inquit,
2226 1886 2384 1950 illis
2432 1904 2685 1969 aegro-

393 1995 590 2058 tauit
632 1993 992 2057 Ezechias
1040 2011 1272 2074 usque
1319 1992 1404 2056 ad
1452 1995 1796 2072 mortem,
1860 1995 1934 2056 et
1987 1991 2235 2055 orauit
2279 1991 2685 2055 dominum:

289 2129 340 2168 15
396 2103 460 2162 et
503 2097 886 2162 exaudiuit
931 2117 1121 2179 eum,
1170 2100 1236 2161 et
1280 2097 1488 2162 dedit
1533 2097 1601 2161 ei
1648 2097 1978 2180 signum,
2040 2095 2195 2160 illud
2242 2095 2481 2159 scilicet
2525 2094 2686 2177 quod

392 2203 662 2286 legimus
709 2203 785 2267 de
833 2203 978 2266 solis
1026 2202 1244 2266 datum
1290 2221 1427 2266 esse
1473 2201 1674 2266 reditu
1719 2221 1831 2284 per
1876 2201 2132 2265 Esaiam
2184 2200 2559 2282 prophetam
2618 2200 2683 2262 iu

396 2311 614 2391 quarto
659 2309 1021 2392 Regnorum
1068 2307 1242 2372 libro.
1322 2307 1448 2371 sed
1503 2325 1675 2387 non,
1721 2307 1942 2388 inquit,
2005 2305 2410 2370 secundum
2469 2304 2686 2368 bene-

394 2413 598 2494 ficia,
648 2431 830 2496 quae
877 2417 1300 2496 acceperat,
1367 2412 1727 2476 retribuit
1773 2413 1865 2493 ei,
1930 2412 2103 2494 quia
2149 2410 2523 2474 eleuatum
2572 2413 2687 2474 est

395 2538 516 2583 cor
561 2520 744 2582 eius:
795 2521 867 2582 et
913 2519 1113 2583 facta
1161 2522 1276 2582 est
1321 2522 1579 2582 contra
1627 2536 1789 2582 eum
1836 2519 1973 2597 ira,
2024 2520 2097 2580 et
2136 2519 2397 2580 contra
2426 2514 2684 2579 Iudam

285 2654 340 2693 πο
395 2627 467 2687 et
509 2623 1020 2687 Hierusalem:
1096 2623 1687 2704 humiliatusque
1736 2625 1848 2686 est
1890 2624 2156 2703 postea
2204 2639 2283 2684 eo
2331 2621 2517 2701 quod
2575 2640 2685 2683 ex-

394 2730 714 2793 altatum
777 2732 980 2793 esset
1037 2748 1159 2793 cor
1221 2728 1408 2807 eiuS‚
1470 2732 1619 2791 tam
1666 2729 1857 2809 ipse,
1928 2746 2141 2808 quam
2209 2724 2684 2790 habitatores

393 2833 900 2898 Hierusalem:
951 2837 1022 2897 et
1066 2833 1346 2897 idcirco
1394 2851 1534 2897 non
1581 2832 1793 2896 uenit
1840 2850 2063 2914 super
2112 2850 2232 2894 eos
2268 2832 2376 2894 ira
2409 2830 2686 2893 domini

395 2939 468 3002 in
515 2938 777 3002 diebus
823 2938 1206 3002 Ezechiae.
1285 2956 1473 3020 quam
1503 2937 1910 3019 perniciOSUS‚
1946 2955 2136 3018 quam
2164 2938 2375 3019 grauis
2410 2936 2690 2999 elationis

395 3047 494 3108 est
549 3043 824 3108 morbus,
901 3046 1115 3107 tantae
1159 3043 1456 3121 iustitiae,
1503 3046 1716 3106 tantae
1763 3041 2049 3121 uirtuteS,
2096 3044 2275 3105 tanta
2314 3040 2467 3103 fides
2501 3043 2687 3120 atque

285 3176 338 3217 25
396 3149 660 3229 deuotio,
726 3167 881 3230 quae
947 3154 1238 3212 naturam
1283 3148 1486 3229 ipsam
1535 3166 1608 3210 ac
1653 3147 1842 3210 totius
1891 3146 2105 3209 mundi
2154 3146 2325 3228 leges
2371 3144 2685 3208 inmutare

394 3257 776 3334 meruerunt,
825 3271 949 3318 una
995 3252 1261 3317 elatione
1308 3254 1670 3334 depereunt,
1728 3253 1817 3315 ita
1877 3254 1948 3315 ut
1993 3250 2301 3314 uniuersis
2348 3248 2685 3313 uirtutibus

395 3360 546 3440 suiS,
594 3378 668 3423 ac
709 3360 760 3422 si
792 3377 906 3422 uec
951 3357 1238 3437 fuissent,
1285 3356 1585 3421 obliuioni
1616 3356 1863 3420 traditis
1896 3356 2056 3419 iram
2089 3354 2421 3420 confestim
2454 3353 2686 3417 domini

608 3498 658 3566 1]
687 3496 754 3550 cf.
779 3494 897 3549 1111
923 3495 1051 3564 Reg.
1083 3498 1163 3559 19,
1195 3498 1256 3551 15
1283 3498 1338 3549 et
1360 3498 1443 3550 35.
1551 3494 1609 3563 4]
1638 3494 1704 3547 cf.
1730 3493 1847 3547 1111
1872 3492 1999 3561 Reg.
2027 3496 2109 3556 20,
2140 3496 2289 3548 1—5.
2400 3492 2454 3561 7]
2483 3491 2549 3545 cf.
2576 3490 2611 3545 1.
2641 3507 2683 3545 c.

391 3588 582 3641 9-11,
695 3584 783 3653 13]
820 3584 878 3638 II
913 3582 1090 3637 Paral.
1118 3586 1200 3647 32,
1228 3586 1311 3637 24.
1424 3582 1511 3651 17]
1548 3581 1583 3636 1.
1614 3598 1655 3636 c.
1684 3584 1905 3637 25-26.

487 3732 512 3784 1
551 3726 702 3781 milia
738 3728 814 3781 L¹
944 3728 976 3780 2
1013 3740 1200 3793 praece
1232 3723 1360 3779 CL·
1458 3724 1737 3791 superatus
1764 3723 1833 3776 H
1952 3722 1987 3775 4
2024 3719 2267 3789 replicari
2303 3718 2583 3787 prologum
2623 3719 2691 3771 H

383 3822 514 3887 post
550 3818 632 3867 est
665 3820 806 3883 spat.
835 3812 1071 3867 duarum
1107 3812 1208 3866 litt.
1244 3811 1306 3865 ι’-η
1337 3809 1384 3865 G
1485 3809 1753 3863 indictum
1784 3810 2055 3864 Gazam:
2090 3804 2439 3860 interdictum
2476 3805 2627 3860 codd.
2656 3824 2687 3859 υ

393 3908 424 3959 5
463 3902 782 3957 sententiam
820 3902 896 3955 L1
1003 3903 1032 3954 7
1071 3898 1236 3953 solem
1270 3898 1366 3953 GL
1475 3896 1647 3950 decim
1672 3898 1813 3950 HL¹
1919 3894 2112 3963 grados
2142 3896 2215 3949 G1
2324 3908 2597 3946 occassum
2624 3892 2692 3945 H

391 3994 426 4048 8
475 3991 831 4043 reuertentem
866 3988 946 4042 L2
1051 3985 1116 4039 ab
1163 4002 1374 4039 excessu
1421 3986 1473 4039 L
1581 3987 1614 4039 9
1662 3991 2014 4052 occupauerat
2058 3982 2152 4036 Ην
2260 3984 2323 4035 10
2370 3984 2563 4032 natura
2612 3981 2685 4033 6¹

389 4078 527 4146 legis
557 4078 708 4133 G¹L¹
818 4078 878 4131 11
910 4072 1253 4129 incredebilia
1288 4074 1357 4127 H
1471 4074 1535 4127 12
1574 4072 1683 4124 suis
1720 4090 1819 4126 om.
1860 4072 1913 4125 L
2034 4072 2099 4124 13
2136 4066 2457 4121 scribturam
2501 4066 2693 4122 0G¹H

381 4171 515 4236 post
552 4165 860 4220 narrantem
895 4164 958 4217 in
999 4163 1050 4217 G
1085 4179 1202 4230 cap.
1231 4165 1295 4214 11
1335 4161 1534 4229 incipit
1643 4158 1831 4227 inquid
1868 4158 1936 4212 H
2038 4158 2102 4211 14
2140 4158 2195 4209 et
2230 4174 2331 4211 om.
2379 4154 2425 4209 G
2530 4155 2593 4208 16
2630 4156 2685 4206 et

391 4254 450 4306 in
496 4252 686 4320 quarto
731 4266 920 4318 regum
957 4250 1025 4304 H
1152 4250 1215 4302 17
1253 4246 1442 4315 inquid
1485 4246 1679 4301 CG²H
1804 4247 1869 4300 18
1916 4242 2180 4312 acciperat
2215 4243 2283 4297 H
2408 4240 2600 4293 tribuit
2643 4240 2690 4294 C

391 4342 462 4395 22
488 4338 573 4392 dei
602 4338 709 4393 GT
805 4339 874 4392 23
897 4335 1090 4405 pernit.
1117 4336 1170 4389 L
1277 4336 1358 4387 est
1381 4332 1626 4387 elationis
1652 4333 1747 4387 Hv
1852 4332 1917 4385 24
1944 4330 2164 4383 uirtutis
2191 4330 2268 4385 L¹
2376 4327 2546 4397 adque
2580 4327 2692 4381 CH

393 4429 462 4483 25
497 4426 786 4481 immutare
826 4424 932 4481 GL
1003 4423 1266 4477 inmutare
1304 4422 1374 4477 Η
1471 4422 1540 4477 26
1575 4434 1717 4474 uana
1757 4418 1803 4476 S

2740 1684 2773 1736 Ν.)
