3167 4975
357 1569 412 1609 10

353 2096 410 2134 15

1271 431 1432 486 Inst.
1471 431 1582 486 lib.
1610 431 1791 494 VIIII,
1834 433 1983 487 1-3,
2629 432 2751 496 167

551 607 600 672 Ι.
652 607 880 688 Quinto
927 607 1107 673 nobis
1141 609 1482 672 certamine
1531 609 1737 672 edacis
1772 608 2064 672 tristitiae
2112 609 2353 674 stimuli
2384 608 2757 673 retundendi

467 717 631 777 sunt.
693 731 854 795 quae
887 713 940 777 si
984 713 1221 798 passim
1252 732 1362 796 per
1393 713 1677 797 singulos
1708 713 1996 778 incursus
2044 717 2107 776 et
2144 713 2413 778 incertos
2446 731 2518 777 ac
2550 713 2754 778 uarios

465 837 648 882 casus
695 817 1018 882 obtinendi
1065 818 1342 882 animam
1377 822 1659 883 nostram
1705 817 1996 882 habuerit
2034 820 2425 899 facultatem,
2473 818 2551 883 ab
2584 819 2758 882 omni

465 941 580 987 nos
626 943 736 1006 per
783 927 1104 988 momenta
1149 923 1402 1008 singula
1449 926 1701 1007 separat
1750 923 2001 988 diuinae
2065 923 2613 1007 contemplationis
2660 923 2757 988 in-

465 1027 630 1092 tuitu
691 1029 1018 1112 ipsamque
1078 1031 1356 1092 mentem
1413 1026 1490 1091 ab
1537 1029 1832 1092 uniuerso
1886 1028 2177 1112 puritatis
2224 1031 2392 1093 statu
2453 1027 2757 1092 deiectam

465 1133 746 1197 funditus
774 1131 1113 1197 labefactat
1157 1151 1232 1198 ac
1263 1133 1584 1216 deprimit:
1634 1151 1759 1197 non
1804 1132 2115 1198 orationes
2148 1151 2287 1197 eam
2336 1133 2581 1216 explere
2613 1151 2759 1197 cum

467 1238 652 1302 solita
697 1237 896 1302 cordis
944 1238 1266 1302 alacritate
1311 1237 1643 1322 permittit,
1690 1256 1815 1302 non
1862 1255 2183 1302 sacrarum
2227 1235 2567 1302 lectionum
2612 1238 2761 1301 sinit

464 1342 755 1406 remediis
801 1342 1115 1406 incubare.
1167 1341 1580 1424 tranquillum
1628 1360 1873 1424 quoque
1906 1359 1978 1406 ac
2024 1342 2244 1407 mitem
2278 1341 2577 1407 fratribus
2622 1362 2761 1406 esse

467 1465 590 1510 non
659 1446 899 1530 patitur
971 1451 1034 1510 et
1095 1446 1172 1510 ad
1232 1450 1462 1511 cuncta
1514 1447 1949 1529 operationum
2012 1447 2111 1510 uel
2172 1445 2491 1530 religionis
2554 1446 2763 1511 officia

466 1549 881 1634 inpatientem
929 1553 994 1615 et
1039 1569 1334 1633 asperum
1379 1550 1605 1631 reddit,
1670 1549 1967 1633 omnique
2028 1551 2271 1633 perdito
2318 1550 2557 1615 salubri
2616 1571 2763 1616 con-

467 1655 605 1720 silio
653 1659 716 1720 et
777 1655 980 1720 cordis
1027 1655 1381 1720 constantia
1438 1654 1810 1738 proturbata
1870 1655 2047 1720 uelut
2107 1657 2427 1720 amentem
2490 1655 2643 1721 facit
2702 1659 2765 1720 et

465 1761 710 1824 ebrium
757 1779 1014 1824 sensum
1059 1759 1415 1843 frangitque
1463 1764 1526 1823 et
1570 1757 1783 1824 obruit
1827 1759 2259 1843 desperatione
2304 1761 2569 1843 poenali.

551 1865 634 1928 II.
684 1863 1106 1945 Quamobrem
1169 1882 1292 1929 non
1355 1863 1597 1929 minore
1656 1867 2011 1948 prospectu,
2074 1864 2127 1928 si
2183 1863 2477 1948 spiritalis
2540 1865 2759 1950 agonis

467 1969 816 2033 certamina
835 1968 1120 2052 legitime
1151 1969 1440 2052 cupimus
1473 1969 1798 2049 desudare,
1832 1969 1933 2033 hic
1964 1986 2211 2051 quoque
2243 1967 2426 2033 nobis
2450 1969 2762 2034 curandus

467 2078 564 2138 est
595 2073 869 2138 morbus.
920 2073 1318 2138 sicutenim
1352 2074 1558 2138 tinea
1590 2073 2068 2155 uestimento,
2112 2075 2185 2137 et
2216 2073 2495 2137 uermis
2528 2073 2761 2158 ligno:

467 2180 574 2243 ita
613 2179 943 2243 tristitia
982 2179 1126 2242 uiri
1170 2181 1388 2242 nocet
1427 2178 1661 2242 cordi:
1710 2178 1863 2242 satis
1896 2178 2218 2242 euidenter
2249 2197 2322 2242 ac
2350 2177 2599 2262 proprie
2630 2179 2761 2242 uim

469 2285 633 2349 noxii
679 2285 864 2349 huius
912 2301 984 2348 ac
1028 2283 1362 2367 perniciosi
1409 2283 1546 2348 uitii
1595 2282 1853 2367 spiritus
1902 2282 2153 2347 diuinus
2200 2285 2521 2366 expressit.

555 2389 671 2454 ΙΠ.
734 2389 1202 2454 Uestimentum
1265 2405 1537 2470 namque
1600 2407 1709 2452 esu
1774 2387 2085 2452 tinearum
2148 2388 2467 2453 adtactum
2528 2389 2763 2453 nullius

466 2496 652 2581 pretii
712 2496 814 2559 uel
868 2494 1118 2559 honesti
1180 2512 1331 2558 usus
1376 2494 1610 2577 poterit
1670 2493 1935 2558 ulterius
1997 2493 2231 2559 habere
2292 2494 2761 2575 commercium,

467 2600 856 2682 totidemque
914 2599 1160 2683 lignum
1221 2596 1545 2663 uermibus
1594 2602 1917 2663 exaratum
1980 2616 2103 2664 non
2153 2598 2277 2663 iam
2347 2599 2425 2663 ad
2469 2602 2763 2664 ornatum

467 2706 568 2769 uel
629 2704 958 2769 mediocris
1020 2703 1303 2784 aedificii,
1366 2703 1476 2766 sed
1521 2703 1597 2767 ad
1654 2702 2135 2767 conbustionem
2194 2703 2360 2787 ignis
2422 2703 2764 2769 merebitur

365 2818 370 2821 ’
467 2809 774 2893 deputari.
841 2807 930 2872 ita
981 2808 1176 2891 igitur
1223 2811 1288 2871 et
1335 2808 1565 2889 anima,
1613 2826 1771 2890 quae
1820 2806 2208 2871 edacissimis
2258 2808 2559 2873 tristitiae
2598 2827 2763 2873 mor-

467 2914 644 2979 sibus
705 2914 1070 2994 deuoratur,
1139 2912 1382 2977 inutilis
1449 2912 1567 2976 erit
1628 2912 1729 2977 uel
1794 2912 2175 2977 uestimento
2236 2912 2329 2977 illi
2398 2912 2764 2997 pontificali,

467 3018 634 3101 quod
680 3020 1074 3102 unguentum
1121 3016 1378 3100 spiritus
1427 3017 1630 3081 sancti
1692 3018 1767 3081 de
1816 3018 1988 3081 caelo
2034 3018 2417 3081 descendens
2478 3017 2652 3101 prius
2700 3018 2763 3081 in

391 3154 411 3191 ς
466 3123 736 3188 barbam
779 3122 1015 3202 Aaron,
1069 3121 1290 3185 deinde
1352 3120 1418 3185 in
1483 3140 1659 3185 oram
1722 3140 1903 3186 suam
1950 3122 2149 3186 solere
2196 3123 2514 3205 suscipere
2561 3122 2765 3186 sancti

467 3227 677 3293 Dauid
708 3226 1006 3291 uaticinio
1037 3226 1423 3309 perhibetur,
1457 3226 1803 3291 secundum
1836 3226 2019 3292 illud:
2070 3227 2266 3291 sicut
2299 3230 2761 3310 unguentum

679 3450 768 3521 15]
804 3451 965 3506 Prou.
991 3452 1076 3516 25,
1100 3454 1184 3507 20.
1293 3450 1385 3519 26]
1421 3448 1509 3504 Ps.
1542 3453 1656 3516 132,
1682 3455 1731 3506 2.

561 3654 583 3708 1
627 3652 654 3706 I
687 3670 789 3708 om.
826 3653 882 3707 L
1023 3651 1208 3705 edaces
1244 3651 1323 3706 L²
1473 3656 1505 3707 2
1543 3667 1731 3705 cursus
1768 3652 1837 3707 H
1954 3654 2009 3705 et
2044 3668 2145 3707 om.
2186 3651 2253 3706 H
2387 3654 2420 3706 3
2458 3668 2638 3705 cassus
2678 3652 2761 3707 H¹

465 3738 756 3793 obtenendi
793 3740 862 3793 H
962 3738 1226 3807 nostram]
1265 3754 1442 3807 meam
1467 3740 1536 3794 H
1633 3736 1923 3792 habuerint
1946 3739 2021 3793 L¹
2126 3740 2161 3793 4
2198 3742 2407 3807 reparat
2433 3740 2502 3793 H
2602 3740 2635 3793 6
2673 3737 2762 3791 de-

465 3826 666 3896 premit
699 3826 840 3881 AH¹
948 3824 1202 3879 orationis
1247 3826 1317 3881 H
1415 3828 1445 3879 7
1484 3823 1767 3879 lectionem
1805 3826 1880 3879 L¹
1988 3828 2021 3881 8
2059 3823 2405 3893 tranquillam
2445 3826 2514 3879 H
2612 3828 2645 3879 9
2682 3841 2763 3877 re-

465 3912 693 3981 legionis
742 3912 815 3967 6¹
945 3914 1009 3967 10
1054 3928 1296 3981 asperam
1334 3913 1422 3967 H²
1547 3910 1737 3965 reddet
1774 3914 1826 3966 A
1956 3916 2019 3967 12
2056 3910 2261 3979 frangit
2296 3912 2366 3966 H
2483 3911 2673 3966 obruet
2709 3914 2763 3966 A

468 3999 827 4069 disperatione
862 4000 1066 4054 AG¹H
1188 4002 1253 4056 13
1289 3997 1482 4053 minori
1509 4000 1578 4054 H
1692 4001 1758 4054 14
1798 3997 1949 4052 nobis
1987 4015 2192 4067 quoque
2219 3998 2273 4052 L
2384 4002 2448 4053 16
2486 3998 2642 4051 corde
2678 3998 2763 4053 11¹

473 4090 537 4142 17
575 4086 674 4141 uiti
712 4087 796 4141 H¹
915 4089 979 4143 18
1014 4104 1128 4143 non
1164 4087 1454 4157 distinquit
1489 4086 1558 4141 Η
1682 4090 1950 4139 actactum
1976 4086 2030 4140 L
2161 4088 2224 4140 19
2261 4085 2399 4153 preti
2426 4086 2509 4141 Η1
2618 4101 2772 4139 corn-.

467 4172 724 4229 mettium
755 4174 861 4229 GL
966 4176 1034 4229 20
1071 4172 1361 4241 itidemque
1387 4175 1508 4229 11'2v
1602 4176 1665 4229 21
1697 4171 1869 4227 edifici
1895 4174 1979 4227 H¹
2075 4170 2333 4225 combust.
2363 4173 2473 4228 AL
2568 4174 2635 4227 24
2665 4189 2765 4226 un-

467 4308 694 4374 gentum
729 4307 784 4358 A
895 4302 972 4358 ἔόῑ
999 4260 1062 4371 ‘ff
1087 4304 1150 4357 de
1186 4306 1312 4371 (sie)
1349 4305 1401 4359 L
1533 4302 1848 4358 discendens
1886 4304 1969 4359 H¹
2076 4306 2145 4359 25
2183 4302 2385 4356 aharon
2418 4304 2473 4357 A
2590 4302 2764 4372 oram]

467 4390 662 4445 stolam
685 4392 738 4446 A
811 4392 878 4445 26
899 4390 1004 4445 (lad
1027 4392 1078 4445 A
1152 4391 1532 4445 uaticinatione
1556 4391 1624 4445 H
1688 4390 1999 4445 uaticinatio
2020 4391 2072 4445 L
2132 4388 2257 4443 illut
2278 4390 2329 4443 A
2390 4392 2689 4459 ungentum
2710 4392 2761 4445 A
