3167 4975
1324 447 1482 502 Inst.
1521 447 1629 503 lib.
1669 447 1800 502 IIII.
2627 445 2710 509 47

506 627 774 691 XVIIII.
824 626 1367 707 Quemadmodum
1412 645 1523 708 per
1566 625 1996 689 Palaestinam
2045 625 2144 689 uel
2187 624 2713 709 Mesopotamiam

423 732 736 796 cotidiana
780 730 1083 795 fratribus
1131 729 1545 794 exhibeantur
1590 729 1909 812 obsequia.

507 837 643 900 XX.
692 836 787 899 De
834 835 1039 900 tribus
1087 835 1421 899 lenticulae
1467 834 1682 918 granis
1731 833 1808 898 ab
1857 852 2194 898 oeconomo
2241 836 2522 918 repertis.

508 941 677 1004 XXI.
726 939 822 1004 De
869 943 1214 1024 spontaneo
1262 940 1656 1021 quorundam
1704 939 1974 1003 fratrum
2023 940 2391 1004 ministerio,

510 1045 713 1110 XXII.
760 1044 856 1109 De
890 1045 1345 1128 Aegyptiorum
1376 1048 1546 1128 typo,
1596 1043 1701 1126 qui
1737 1047 1834 1108 est
1865 1062 2051 1126 super
2083 1044 2415 1108 cotidianis
2447 1045 2716 1109 fratrum

424 1153 701 1215 statutus
747 1149 1085 1232 obsequiis,

506 1254 745 1318 XXIII.
794 1255 889 1318 De
936 1254 1331 1318 oboedientia
1376 1251 1626 1318 abbatis
1657 1252 1980 1334 Iohannis,
2028 1273 2138 1336 per
2184 1271 2372 1335 quam
2407 1273 2604 1336 usque
2638 1255 2716 1318 ad

420 1360 785 1442 prophetiae
831 1362 1165 1443 prouectus
1214 1362 1311 1423 est
1355 1359 1648 1442 gratiam.

403 1474 409 1481 ’
508 1464 777 1528 XXIIII.
828 1464 923 1527 De
968 1465 1139 1547 ligno
1187 1464 1378 1542 arido,
1427 1463 1592 1545 quod
1638 1464 1806 1526 idem
1855 1463 2049 1527 abbas
2083 1463 2398 1528 Iohannes
2431 1465 2507 1528 ad
2550 1463 2716 1528 arbi-

320 1588 373 1625 10
424 1570 618 1633 trium
666 1568 928 1633 senioris
978 1566 1074 1632 sui
1124 1569 1303 1650 quasi
1351 1568 1728 1632 adolendum
1775 1567 1978 1652 rigare
2026 1587 2149 1633 non
2198 1569 2460 1634 destitit.

508 1674 706 1738 XXV.
754 1673 849 1737 De
910 1674 1183 1757 proiecto
1246 1671 1323 1736 ab
1386 1671 1616 1737 abbate
1663 1673 1946 1738 Iohanne
2007 1691 2157 1738 uase
2219 1675 2402 1738 unico
2464 1674 2585 1739 olei
2639 1675 2718 1738 ad

426 1779 687 1843 senioris
733 1779 1088 1862 imperium.

510 1883 741 1948 XXVI.
790 1882 1331 1963 Quemadmodum
1382 1881 1577 1946 abbas
1611 1882 1926 1947 Iohannes
1967 1900 2081 1946 suo
2114 1882 2457 1947 oboedierit
2488 1885 2716 1948 seniori

428 1991 501 2053 ad
565 1988 1029 2054 aduoluendum
1091 2005 1331 2066 saxum,
1394 1988 1557 2068 quod
1623 2007 1698 2052 ne
1746 2005 1782 2052 a
1829 1988 2048 2052 multis
2111 1988 2364 2070 quidem
2419 1989 2718 2072 possibile

322 2107 372 2148 1⁶
427 2099 561 2158 erat
604 2093 863 2158 moueri.

512 2198 774 2263 XXVII.
845 2198 939 2261 De
1008 2197 1368 2262 humilitate
1438 2202 1500 2260 et
1569 2195 1964 2262 oboedientia
2032 2196 2282 2263 abbatis
2342 2198 2716 2280 Patermuti,

425 2321 615 2386 quam
676 2304 740 2367 in
802 2303 1159 2385 proiciendo
1206 2302 1270 2366 in
1317 2301 1552 2365 flumen
1601 2302 1862 2384 paruulo
1924 2301 2052 2366 filio
2101 2322 2173 2366 ex
2233 2309 2565 2386 praecepto
2621 2322 2719 2366 se-

427 2409 617 2474 nioris
665 2426 791 2472 11011
836 2408 1179 2473 haesitauit
1226 2408 1479 2491 inplere.

511 2514 807 2579 XXVIII.
857 2514 1399 2595 Quemadmodum
1431 2514 1784 2578 reuelatum
1829 2514 1912 2579 sit
1958 2514 2171 2579 abbati
2221 2516 2296 2579 de
2327 2514 2718 2579 Patermutio

325 2631 376 2669 2⁰
429 2638 583 2703 opus
646 2638 790 2683 eum
852 2618 1145 2684 Abrahae
1206 2618 1452 2699 fecisse,
1524 2622 1588 2683 et
1649 2619 1812 2700 quod
1875 2619 2169 2684 defuncto
2233 2620 2435 2684 eidem
2505 2620 2721 2684 abbati

428 2724 591 2788 idem
639 2724 1067 2789 Patermutius
1116 2724 1179 2787 111
1228 2724 1592 2788 monasterii
1641 2724 2184 2790 administratione
2233 2726 2622 2789 successerit.

512 2829 841 2893 XXVIIII.
891 2829 986 2892 De
1034 2828 1431 2893 oboedientia
1478 2829 1712 2909 fratriS,
1759 2829 1866 2911 qui
1913 2829 2132 2893 decem
2176 2834 2421 2912 sportas
2455 2829 2723 2893 cire-um-

428 2935 633 2998 ferens
680 2933 927 3017 publice
974 2934 1263 2999 distraxit
1309 2932 1559 2997 abbatis
1606 2933 1884 3016 imperio.

514 3038 710 3103 XXX.
776 3038 870 3102 De
935 3038 1183 3103 abbatis
1243 3037 1452 3102 Pinufi
1514 3038 1904 3119 humilitate,
1976 3040 2083 3121 qui
2143 3039 2360 3103 relicto
2423 3038 2720 3104 coenobio

324 3152 375 3192 2⁵
428 3143 849 3225 celeberrimo,
907 3144 1008 3207 cui
1053 3142 1381 3227 presbyter
1428 3146 1734 3226 praeerat,
1782 3142 2197 3227 longinquum
2245 3144 2720 3223 monasterium,

428 3250 490 3313 in
526 3267 646 3331 quo
679 3249 854 3313 uelut
887 3248 1194 3331 incipiens
1222 3248 1665 3331 susciperetur,
1701 3248 2004 3312 desiderio
2030 3249 2431 3331 perfectionis
2466 3247 2718 3331 expetit.

505 3500 543 3555 ’1
584 3498 903 3567 palestinam
942 3499 1056 3553 HL
1166 3499 1634 3567 messopotamiam
1671 3500 1724 3553 L
1831 3503 1863 3553 2
1903 3497 2258 3553 adhibeantur
2295 3501 2364 3554 H
2471 3502 2504 3555 3
2539 3501 2721 3568 granis

430 3585 710 3639 lenticulae
747 3587 800 3639 L
924 3588 956 3639 4
996 3586 1263 3638 fratruum
1303 3587 1371 3640 H
1488 3586 1811 3639 monasterio
1849 3587 1932 3641 Η1
2057 3590 2088 3639 5
2127 3586 2239 3655 tipo
2276 3588 2344 3641 H
2453 3586 2720 3640 fratruum

430 3672 645 3727 statutis
684 3674 749 3727 H
866 3675 899 3729 8
936 3672 1205 3741 profectus
1242 3673 1311 3727 H
1427 3678 1459 3725 9
1497 3671 1641 3725 idem
1678 3671 1864 3726 beatus
1904 3672 2066 3727 abbas
2104 3674 2171 3727 H
2297 3673 2542 3727 iohannis
2582 3674 2719 3728 HL¹

434 3764 497 3816 10
532 3757 853 3813 adolendum
891 3760 1064 3815 HLv:
1098 3761 1227 3829 fort.
1268 3758 1680 3813 adolesccndum
1822 3759 2029 3813 desistit
2077 3761 2144 3814 H
2271 3763 2330 3817 11
2373 3760 2438 3814 ab
2475 3778 2576 3815 om.
2605 3762 2720 3815 HL

433 3850 496 3902 13
522 3845 766 3900 iohannis
792 3848 859 3901 H
958 3845 1230 3901 oboediret
1258 3848 1325 3901 H
1430 3850 1491 3901 14
1517 3846 1584 3899 ad
1611 3866 1712 3903 om.
1734 3848 1802 3901 H
1907 3849 1970 3901 16
1994 3845 2359 3900 oboedientiae
2385 3847 2438 3901 L
2545 3851 2720 3917 pater-

431 3934 567 3987 muti
606 3934 692 3988 H:
725 3933 1037 4003 patcrmutii
1074 3934 1126 3987 L
1238 3936 1299 3989 17
1338 3934 1393 3986 111
1422 3940 1551 4003 post
1589 3950 1750 4002 quam
1787 3952 1886 3989 om.
1929 3935 1996 3988 H
2097 3933 2295 3987 flumen
2333 3935 2412 3988 L:
2457 3934 2622 3987 fluuio
2660 3936 2728 3989 H

429 4020 647 4089 paruolo
674 4022 749 4075 L1
855 4037 1017 4089 quam
1055 4037 1115 4073 ex
1154 4022 1219 4075 II
1323 4023 1385 4075 18
1423 4020 1636 4075 0511111111
1675 4022 1742 4075 ΙΙ
1840 4020 2154 4074 hesitauerit
2180 4022 2230 4074 L
2341 4024 2404 4075 19
2441 4020 2634 4074 abbate
2660 4024 2728 4076 H

429 4150 753 4221 patremutio
780 4153 849 4205 H
914 4118 1233 4219 pat-remztio
1260 4152 1311 4205 L
1418 4155 1485 4207 20
1512 4152 1655 4221 quod
1680 4154 1732 4204 et
1760 4152 1873 4205 HL
1983 4150 2173 4205 abbate
2201 4152 2268 4206 H
2355 4154 2421 4206 21
2451 4153 2505 4205 111
2531 4170 2632 4207 om.
2661 4154 2728 4206 H

430 4242 497 4295 22
536 4239 705 4293 decim
745 4240 859 4295 HL
985 4242 1052 4294 23
1090 4238 1298 4309 puplice
1337 4240 1404 4293 H
1514 4240 1796 4309 imperium
1837 4240 1903 4294 H
2020 4238 2085 4292 ad
2125 4238 2333 4291 abbatis
2371 4238 2653 4308 imperium
2691 4260 2724 4295 ¹1·

430 4330 497 4382 24
522 4326 751 4396 pinuphi
786 4328 855 4383 H
918 4326 1213 4396 phynuphy
1250 4328 1301 4381 L
1410 4328 1730 4381 monasterio
1769 4328 1836 4381 H
1933 4328 2002 4381 25
2041 4326 2372 4379 celiberrimo
2411 4328 2478 4381 H
2575 4344 2722 4395 pres-

432 4412 573 4467 biter
610 4414 723 4469 HL
830 4416 898 4469 2ss
936 4414 1310 4481 suscipieretur
1348 4415 1421 4467 L¹

2318 4502 2408 4553 11*
