3167 4975
541 432 744 489 LXVI

540 622 700 664 num
749 599 1080 686 liquorem.
1137 638 1225 647 —
1277 621 1336 685 p.
1371 599 1520 683 613,
1552 598 1641 665 20
1682 600 1993 665 ueritatis
2040 600 2256 687 ipsius
2302 600 2691 689 amatorem]
2748 604 2827 667 cf.

541 726 601 789 p.
639 703 786 787 600,
814 705 851 768 7
899 705 1248 769 ueritatem
1280 704 1671 769 desideratis
1705 726 2061 792 aqnoecere.
2094 744 2181 754 —
2211 728 2271 791 p.
2300 706 2447 788 633,
2477 706 2575 771 16.
2612 726 2836 790 quam-

543 828 734 892 quam
765 810 1050 876 Cassiani
1093 809 1241 875 libri
1289 811 1480 875 etiam
1527 810 1701 876 Conl.
1739 811 1858 891 III,
1895 809 1995 892 12,
2028 810 2069 874 5
2100 808 2471 874 conlidetur
2515 812 2833 892 exhibent,

541 919 756 980 tamen
779 915 884 979 hic
905 912 1409 978 conturbabitur
1434 934 1506 979 ex
1521 912 1709 977 BFO
1723 916 1996 999 recipere
2022 934 2147 981 non
2172 915 2479 981 dubitaui.
2515 934 2664 981 nam
2688 934 2835 981 cum

542 1020 609 1084 iu
640 1020 929 1085 uersione
959 1018 1374 1105 Septuaginta
1403 1022 1883 1102 καταραχθήσεται
1914 1021 2179 1105 legatur,
2228 1020 2413 1085 facile
2442 1020 2578 1085 fieri
2606 1021 2833 1104 potuit,

541 1128 614 1188 ut
643 1124 788 1188 inde
820 1125 1020 1188 altera
1047 1126 1232 1189 lectio
1263 1126 1809 1206 καταταραχθήσεται
1856 1150 1939 1181 =
1986 1122 2491 1187 conturbabitur
2532 1129 2831 1190 oreretur.

540 1266 626 1277 —
649 1250 708 1313 p.
729 1227 877 1309 647,
895 1227 980 1292 26
1004 1227 1287 1292 dissolui
1310 1238 1493 1315 optat
1517 1230 1632 1292 hoc
1653 1250 1949 1315 corpore:
1977 1230 2055 1294 cf.
2086 1231 2137 1311 I,
2160 1228 2260 1311 14,
2280 1228 2320 1292 9
2342 1238 2421 1293 ut
2442 1228 2637 1293 etiam
2660 1238 2837 1315 optet

541 1331 624 1396 ab
667 1334 805 1395 hac
841 1352 1038 1397 carne
1070 1332 1412 1397 discedere.
1445 1370 1533 1381 --
1561 1354 1621 1417 p.
1657 1332 1805 1415 649,
1843 1334 1918 1396 11
1970 1333 2070 1397 ita
2108 1333 2323 1420 iqitur
2361 1334 2596 1398 etiam
2624 1334 2836 1397 sancti

541 1446 733 1523 atque
776 1449 853 1502 ut
896 1437 997 1501 ita
1043 1436 1334 1501 dicamus
1380 1436 1695 1516 uidentes,
1757 1437 1993 1523 quibus
2048 1460 2369 1501 summum
2402 1438 2834 1525 perfectionis

541 1551 634 1605 eet
673 1540 987 1619 studium,
1035 1542 1266 1606 etiam
1309 1540 1438 1606 illa
1485 1547 1549 1609 et
1593 1544 1701 1607 rel.
1738 1562 1816 1608 ne
1862 1542 2140 1609 offendas
2187 1543 2252 1608 in
2296 1544 2608 1628 particula
2636 1543 2835 1607 etiam

545 1646 639 1711 bis
663 1648 956 1732 deinceps
980 1647 1205 1731 posita,
1237 1648 1317 1712 cf.
1343 1668 1401 1731 p.
1429 1645 1578 1728 639,
1604 1645 1691 1711 25
1720 1656 1797 1709 ut
1828 1647 2061 1711 etiam
2087 1646 2415 1734 peruiqili
2444 1668 2611 1711 cura
2642 1668 2833 1734 opor-

541 1750 885 1815 tunitatem
930 1750 1346 1815 conmittendi
1389 1750 1649 1815 sceleris
1696 1761 2103 1837 aucupantes
2156 1753 2265 1816 eti
2274 1774 2391 1815 am
2444 1750 2713 1817 timeant
2755 1774 2836 1816 ne

543 1853 902 1919 libidinum
944 1855 1243 1920 satietate
1287 1855 1554 1919 tardius
1592 1856 1969 1941 potiantur.

627 1959 750 2027 Sed
793 1960 938 2027 libri
978 1962 1257 2025 familiae
1285 1966 1334 2043 β
1364 1966 1428 2027 61
1467 1980 1540 2025 ex
1570 1965 1748 2044 parte
1780 1960 1908 2024 Ro
1945 1980 2069 2027 11011
2102 1963 2307 2027 30111111
2338 1960 2836 2047 interpolationi-

540 2064 683 2146 buS,
731 2066 840 2129 sed
887 2065 1080 2129 etiam
1125 2066 1368 2130 lacunis
1415 2064 1757 2131 abundant.
1830 2067 1907 2130 cf.
1942 2085 2003 2149 p.
2036 2064 2185 2147 503,
2216 2066 2277 2130 4.
2310 2064 2461 2147 507,
2494 2066 2552 2130 6.
2587 2065 2736 2148 515,
2770 2066 2829 2130 7.

548 2167 648 2234 19.
683 2167 832 2250 520,
857 2166 918 2233 5.
952 2168 1101 2250 522,
1127 2168 1186 2233 6.
1219 2168 1369 2251 524,
1406 2168 1505 2234 17.
1538 2168 1689 2252 526,
1722 2168 1824 2234 28.
1858 2168 2008 2251 527,
2046 2169 2145 2235 19.
2177 2169 2327 2253 536,
2363 2170 2417 2236 1.
2452 2170 2603 2252 537,
2634 2170 2694 2236 5.
2734 2170 2832 2237 12.

543 2272 692 2357 544,
729 2274 785 2338 1.
819 2272 968 2355 555,
1003 2272 1040 2335 7
1048 2326 1061 2338 .
1095 2272 1242 2355 559,
1277 2273 1334 2338 6.
1370 2273 1518 2356 560,
1556 2273 1655 2339 19.
1690 2273 1837 2356 569,
1870 2274 1930 2339 3.
1964 2274 2113 2358 572,
2145 2274 2247 2340 27.
2284 2274 2431 2357 574,
2465 2273 2525 2340 8.
2552 2274 2700 2357 578,
2726 2273 2829 2340 22.

541 2377 691 2460 581,
721 2379 776 2443 1.
810 2376 959 2460 582,
984 2376 1044 2443 2.
1078 2376 1229 2460 588,
1261 2378 1362 2444 23.
1397 2378 1546 2461 596,
1576 2378 1674 2443 11.
1702 2377 1852 2461 599,
1876 2378 1979 2445 25.
2014 2379 2162 2463 620,
2188 2379 2291 2445 20.
2328 2379 2477 2463 640,
2500 2380 2560 2445 4.
2594 2380 2743 2463 646,
2777 2380 2830 2444 1.

542 2482 691 2567 652,
721 2483 775 2549 1.
811 2482 958 2566 655,
989 2482 1086 2548 18.
1123 2481 1272 2566 658,
1301 2482 1400 2549 15.
1435 2482 1580 2566 659,
1616 2483 1673 2549 8.
1709 2483 1858 2568 665,
1887 2484 1987 2550 16.
2024 2482 2171 2568 687,
2202 2484 2262 2550 3.
2298 2484 2445 2568 688,
2477 2484 2580 2552 24.
2630 2488 2836 2552 11111101·

543 2593 640 2654 631
672 2608 970 2654 numerus
1002 2590 1281 2654 locorum
1313 2589 1544 2672 quibus
1577 2591 1642 2655 111
1676 2591 1911 2655 eisdem
1944 2591 2263 2656 codicibus
2296 2591 2603 2657 uocabula
2626 2596 2835 2657 trans-

541 2694 749 2778 posita
778 2697 944 2758 311111.
995 2694 1072 2758 cf.
1105 2715 1164 2777 p.
1199 2691 1349 2775 514,
1379 2694 1475 2759 11.
1511 2692 1616 2759 28.
1652 2691 1800 2775 515,
1830 2695 1885 2759 1.
1920 2694 2069 2776 517,
2106 2695 2203 2759 16.
2238 2693 2387 2778 518,
2413 2693 2515 2761 25.
2550 2693 2700 2778 521,
2726 2695 2827 2759 29.

541 2797 691 2881 523,
727 2797 826 2862 13.
874 2796 1023 2879 525,
1061 2796 1158 2862 18.
1207 2796 1356 2879 536,
1388 2797 1492 2862 21.
1540 2797 1691 2880 561,
1730 2797 1828 2864 15.
1878 2797 2025 2882 644,
2057 2799 2119 2864 4.
2168 2797 2316 2881 646,
2353 2801 2409 2864 1.

629 2903 801 2984 Quae
826 2921 970 2968 cum
995 2905 1087 2968 ita
1109 2902 1257 2985 sint,
1284 2903 1725 2969 auctoritatem
1746 2904 2051 2969 librorum
2068 2903 2211 2981 BF,
2237 2904 2464 2987 quibus
2490 2902 2543 2967 O
2562 2905 2832 2970 10110013

543 3007 962 3091 adstipulatur
993 3012 1148 3090 quot
1175 3011 1506 3092 repugnat,
1541 3008 1920 3091 ubicumque
1950 3009 2130 3092 potui
2160 3012 2410 3074 secutus
2436 3027 2599 3090 sum,
2632 3027 2833 3092 neque

544 3113 732 3177 aliam
771 3113 942 3176 uiam
989 3113 1054 3176 in
1100 3113 1220 3177 hac
1253 3112 1697 3178 Conlationum
1725 3117 1903 3197 parte
1931 3115 2314 3178 recensenda
2342 3114 2585 3199 ingredi
2624 3114 2833 3196 licere,

543 3235 664 3299 quo
707 3217 1132 3300 scrupulosius
1176 3218 1548 3301 saepiusque
1579 3216 1775 3282 uerba
1805 3218 2125 3302 scriptoris
2156 3219 2350 3302 relegi
2383 3223 2570 3300 atque
2599 3223 2834 3283 retrac-

542 3322 696 3401 taui‚
720 3340 790 3386 eo
815 3321 1020 3404 magis
1045 3321 1203 3385 mihi
1227 3323 1527 3404 persuasi.
1562 3323 1671 3386 sed
1696 3341 1840 3386 cum
1866 3323 2198 3387 consensui
2222 3322 2525 3387 librorum
2547 3319 2682 3384 BF
2696 3341 2833 3387 sae-

541 3425 800 3509 pissime
846 3444 996 3490 uera
1042 3429 1105 3490 et
1149 3425 1425 3510 genuina
1451 3426 1639 3490 lectio
1672 3426 1994 3507 debeatur,
2026 3429 2241 3492 tamen
2272 3425 2353 3503 B,
2393 3431 2467 3492 ut
2496 3427 2832 3510 antiquior,

543 3530 635 3594 ita
665 3529 858 3594 etiam
889 3530 1075 3614 longe
1106 3530 1326 3595 melior
1357 3533 1456 3595 est
1487 3529 1638 3614 (nisi
1670 3531 1835 3614 quod
1865 3531 1932 3596 111
1966 3550 2035 3596 60
2062 3531 2311 3614 saepius
2336 3532 2645 3597 uocabula
2666 3533 2831 3596 male

545 3635 930 3719 transposita
975 3634 1172 3716 sunt),
1219 3635 1404 3717 idque
1451 3635 1752 3719 exemplis
1783 3636 2215 3700 demonstrare
2244 3635 2415 3701 haud
2446 3635 2833 3721 superfluum

543 3739 676 3804 erit.
741 3739 953 3821 itaque
997 3759 1056 3822 p.
1100 3736 1249 3821 515,
1287 3738 1365 3803 13
1411 3739 1576 3821 quod
1623 3739 1875 3805 exhibet
1919 3739 1980 3802 B
2016 3738 2450 3824 profusor-iae
2492 3739 2835 3804 uoluntati

541 3861 763 3908 uerum
794 3861 931 3908 esse
963 3843 1344 3908 adiectiuum
1374 3844 1586 3927 ipsum
1617 3845 1813 3909 docet.
1872 3847 1945 3908 ut
1982 3846 2149 3909 enim
2190 3843 2270 3908 ab
2310 3843 2564 3908 inrieor
2594 3843 2832 3909 inriso-

542 3947 710 4025 rius,
759 3948 850 4013 sic
883 3966 920 4012 a
953 3945 1284 4033 profusor
1319 3947 1758 4035 profiteorius
1798 3953 1967 4014 recte
1998 3949 2335 4015 deriuatur.
2388 3987 2467 3996 —
2516 3972 2573 4034 p.
2609 3949 2758 4033 519,
2788 3948 2833 4012 4

541 4049 866 4130 tolerarit,
914 4053 1080 4135 quod
1127 4053 1318 4118 etiam
1363 4053 1430 4118 in
1477 4053 1748 4119 editione
1792 4053 2079 4119 Romana
2124 4058 2295 4119 extat
2342 4051 2685 4138 (toleraret
2719 4052 2833 4140 F),

542 4157 858 4221 constanti
903 4176 1024 4222 usu
1071 4156 1376 4238 Cassiani,
1423 4159 1753 4242 praecipue
1800 4159 1867 4223 in
1910 4157 2089 4224 libris
2134 4158 2639 4241 Institutionum,
2686 4176 2832 4224 con-

541 4259 859 4325 firmatur:
909 4263 986 4326 cf.
1019 4282 1079 4346 p.
1114 4259 1264 4342 520,
1296 4259 1355 4325 2.
1406 4299 1488 4308 -
1535 4259 1685 4343 527,
1723 4260 1803 4325 19
1832 4283 1981 4341 non,
2029 4264 2195 4346 quod
2228 4281 2265 4328 a
2293 4262 2384 4326 B²
2412 4264 2683 4328 inlatum
2715 4268 2831 4344 est,

543 4368 606 4428 et
637 4365 831 4430 totius
862 4367 1212 4431 sententiae
1236 4369 1449 4431 tenore
1473 4370 1537 4431 et
1559 4367 1694 4431 loco
1721 4366 1915 4432 simili
1939 4366 2308 4450 00111.Ι,’13,
2325 4367 2367 4432 2
2392 4368 2829 4452 conprobatur.
