3167 4975
561 436 687 499 336
1368 431 1687 485 Iohannis
1733 430 2032 485 Cassiani

562 614 635 673 et
695 610 1041 693 sepultus
1104 612 1247 689 est,
1317 612 1389 671 et
1446 607 1870 672 resurrexit
1931 605 2344 669 seeundum
2406 604 2844 687 scripturas,

560 713 840 778 confiteri
900 714 1020 778 hoe
1080 714 1375 777 eeclesias
1437 730 1563 775 non
1624 711 1847 794 pudet,
1918 710 2230 793 apostolos
2299 708 2657 791 praedicare
2724 725 2846 773 non

558 819 797 899 puduit.
892 822 961 883 tu
1022 819 1185 899 ipse,
1254 820 1351 897 tu,
1421 817 1709 899 inquam,
1771 815 1934 897 ipse,
1997 814 2175 878 euius
2237 831 2402 877 nune
2465 814 2672 877 omnis
2732 830 2848 877 uox

560 923 958 1006 saerilegium
1014 926 1131 1002 est,
1193 921 1299 1003 qui
1354 921 1507 985 nihil
1570 920 1911 984 admodum
1974 937 2096 983 non
2159 936 2374 1002 negaS,
2435 919 2592 983 haee
2638 922 2848 982 tamen

558 1028 768 1090 omnia
812 1046 937 1091 non
983 1026 1249 1110 negasti,
1297 1025 1486 1089 deum
1530 1025 1750 1107 utique
1797 1029 2038 1104 natum,
2087 1024 2276 1087 deum
2319 1042 2600 1105 passum,
2663 1025 2848 1089 deum
2917 1054 2938 1090 5

558 1131 989 1194 resurrexisse.
1054 1134 1117 1193 et
1155 1129 1305 1211 quid
1335 1132 1477 1212 post
1508 1130 1708 1193 haee?
1757 1147 1878 1211 quo
1911 1128 2240 1192 deuolutus
2275 1147 2363 1208 eS,
2391 1126 2542 1209 quid
2569 1126 2850 1209 effeetu8‚

559 1235 621 1298 in
670 1252 830 1316 quae
876 1234 1209 1298 redactus?
1257 1234 1407 1315 quid
1452 1234 1563 1315 εἰς,
1622 1234 1774 1315 quid
1817 1233 2100 1298 euomis‘?
2148 1232 2341 1315 quod
2384 1232 2545 1315 ipse
2592 1232 2850 1313 scilieet,

558 1344 631 1402 ut
676 1339 931 1420 quidam
978 1338 1087 1419 ait,

690 1514 831 1561 non
879 1496 1041 1559 sani
1087 1515 1249 1559 esse
1295 1496 1624 1559 hominis
1673 1513 1816 1560 non
1864 1514 2090 1559 sanus
2137 1494 2338 1559 iuret
2383 1492 2708 1559 Orestes,

564 1654 712 1736 quid
744 1654 915 1717 enim
961 1653 1153 1717 dicis?
1201 1654 1364 1735 quis
1412 1656 1525 1717 est
1569 1653 1806 1737 igitur
1852 1653 1976 1734 qui
2021 1670 2058 1716 a
2103 1652 2584 1717 Christotoco
2630 1656 2848 1717 natus
2901 1680 2945 1719 ιο

558 1763 671 1822 est
732 1758 946 1822 filius
994 1758 1155 1821 dei?
1216 1760 1297 1821 ut
1354 1762 1537 1839 puta
1597 1758 1661 1820 si
1722 1756 2159 1821 dixerimus:
2221 1756 2441 1820 eredo
2501 1756 2574 1820 in
2638 1756 2849 1821 deum

557 1861 865 1926 uerbum
906 1862 1153 1926 filium
1193 1862 1310 1925 dei
1349 1861 1858 1945 unigenitum,
1899 1880 1980 1924 ex
2019 1865 2230 1943 patre.
2271 1864 2559 1942 natum,
2605 1860 2852 1926 homo-

558 1968 772 2031 usion
816 1967 1042 2048 patri,
1092 1966 1215 2049 qui
1262 1966 1654 2031 deseendit
1699 1970 1772 2031 et
1818 1965 2164 2049 sepultus
2213 1968 2357 2047 est,
2405 1983 2546 2030 non
2587 1966 2848 2031 statim

558 2071 861 2135 auditus
908 2072 1068 2153 ipse
1116 2071 1396 2153 accipit
1439 2072 1782 2155 plagam?
1844 2072 2023 2135 deus
2071 2073 2450 2135 mortuus?
2513 2074 2578 2135 et
2622 2070 2850 2134 iterum

559 2176 857 2255 fierine,
900 2176 1127 2258 inquiS,
1167 2180 1421 2259 potest
1460 2180 1568 2257 ut,
1617 2177 1740 2257 qui
1780 2179 1949 2240 ante
1993 2176 2240 2241 omnia
2279 2175 2584 2241 saecula
2627 2178 2850 2240 natus
2903 2206 2947 2243 ιε,

558 2285 698 2361 est,
762 2281 1085 2344 secunda
1130 2280 1291 2344 uiee
1338 2284 1723 2361 nascatur,
1773 2284 1845 2345 et
1889 2281 2026 2345 hoe
2071 2280 2296 2345 deus?
2359 2281 2411 2345 si
2457 2280 2593 2345 fieri
2639 2282 2852 2347 omnia

556 2384 710 2449 haec
770 2386 1023 2449 omnino
1087 2403 1209 2449 non
1271 2388 1629 2467 potuerunt,
1691 2384 2000 2466 quomodo
2063 2386 2469 2450 eeclesiarum
2525 2385 2850 2469 symbolus
2942 2420 2946 2425 ·

556 2490 721 2553 faeta
770 2509 903 2552 esse
951 2490 1141 2554 dicit?
1204 2492 1513 2572 quomodo
1575 2491 1770 2555 etiam
1816 2495 1886 2555 tu
1949 2491 2082 2572 ipse
2138 2491 2390 2556 dixisti?
2452 2492 2851 2557 eonferamus

559 2594 726 2657 enim
788 2613 932 2657 eum
978 2595 1074 2658 his
1123 2613 1279 2676 quae
1340 2598 1486 2659 ante
1534 2613 1571 2658 a
1616 2599 1676 2659 te
1723 2595 1891 2659 dieta
1950 2599 2099 2659 sunt
2160 2613 2234 2659 ea
2279 2613 2437 2677 quae
2493 2613 2658 2660 nune
2705 2613 2742 2660 a
2787 2597 2852 2660 te

558 2699 870 2762 dicuntur.
969 2699 1181 2763 dixisti
1248 2699 1453 2782 prius:
1526 2699 1742 2763 eredo
1811 2699 1882 2763 in
1953 2699 2198 2780 deum,
2264 2703 2554 2780 patrem
2622 2701 2852 2764 omni·
2901 2729 2952 2766 ιο

556 2807 972 2885 potentem,
1046 2807 1116 2867 et
1174 2803 1247 2867 in
1310 2803 1559 2867 Iesum
1623 2803 2005 2868 Christum
2067 2803 2318 2867 filium
2377 2803 2568 2884 eius,
2635 2803 2852 2868 deum

554 2925 809 2970 uerum
858 2927 937 2970 ex
986 2908 1117 2971 deo
1164 2925 1367 2988 uero,
1428 2908 1870 2972 homousion
1916 2908 2146 2991 patri,
2193 2907 2320 2989 qui
2365 2913 2673 2991 propter
2719 2927 2850 2972 nos

554 3013 763 3075 uenit
824 3016 895 3075 et
941 3016 1164 3075 natus
1213 3017 1327 3076 est
1375 3031 1455 3076 ex
1501 3011 1742 3076 Maria
1789 3012 2112 3096 uirgine,
2160 3016 2232 3076 et
2276 3012 2688 3076 crucifixus
2734 3018 2852 3077 est

555 3115 686 3179 sub
732 3115 1003 3180 Pontio
1048 3115 1297 3180 Pilato
1346 3121 1417 3180 et
1463 3117 1806 3200 sepultus
1855 3121 1983 3181 est.
2062 3135 2227 3180 nunc
2273 3121 2486 3180 autem
2531 3117 2677 3199 quid
2710 3118 2848 3182 ais?

555 3221 614 3283 si
662 3221 1095 3285 dixerimus:
1159 3222 1375 3285 credo
1437 3222 1510 3286 in
1557 3221 1770 3285 deum
1831 3221 2140 3286 uerbum
2201 3221 2449 3286 filium
2511 3222 2628 3286 dei
2688 3223 2848 3287 uni·
2901 3249 2949 3287 υ

553 3325 915 3406 genitum,
986 3345 1067 3388 ex
1128 3330 1343 3408 patre
1404 3330 1686 3406 natum,
1757 3326 2195 3391 homousion
2255 3326 2483 3409 patri,
2545 3327 2672 3408 qui
2731 3327 2849 3390 de-

554 3429 844 3493 seendit
920 3434 991 3493 et
1074 3429 1419 3512 sepultus
1505 3435 1649 3510 est,
1736 3448 1876 3494 nou
1961 3431 2221 3494 statim
2307 3430 2608 3494 auditus
2685 3431 2846 3514 ipse

554 3533 827 3615 aeeipit
885 3535 1223 3616 plagam?
1272 3535 1579 3599 acerbitas
1641 3535 1893 3617 quidem
1954 3539 2142 3618 atque
2204 3535 2495 3619 impietas
2557 3535 2706 3600 dicti
2751 3536 2846 3600 tui

759 3706 815 3775 7]
852 3705 1065 3759 Persius
1104 3687 1208 3775 1'11,
1249 3708 1347 3762 117
1386 3725 1461 3775 sq.

642 3867 665 3918 1
724 3867 805 3916 est
858 3881 957 3920 om.
1008 3863 1109 3918 Mv
1247 3865 1281 3918 4
1338 3863 1649 3916 ammodum
1695 3865 1761 3918 N
1898 3869 1931 3918 6
1986 3863 2078 3932 qui
2134 3863 2372 3918 defectus
2405 3883 2451 3934 p
2602 3867 2634 3920 '7
2683 3863 2844 3918 deuo-

552 3949 651 4001 mis
698 3951 773 4004 M
935 3949 1062 4022 quid
1118 3949 1227 4019 ipse
1273 3951 1349 4006 M
1514 3953 1545 4006 9
1602 3955 1800 4004 orestes
1845 3951 1921 4020 (es
1965 3953 2029 4005 in
2075 3969 2182 4006 ras.
2227 3956 2366 4006 6--8
2411 3951 2536 4020 litt.)
2579 3953 2646 4007 N
2745 3951 2842 4006 ho-

552 4039 713 4088 restes
742 4055 785 4105 p
914 4040 977 4092 10
1013 4034 1158 4105 quis]
1196 4036 1324 4104 quid
1355 4039 1421 4107 12¹
1550 4054 1581 4090 a
1617 4056 1718 4093 om.
1749 4055 1792 4108 p
1902 4036 2166 4092 christoco
2203 4039 2302 4108 ΝΡ
2377 4037 2736 4092 christotocon
2775 4039 2852 4093 M

554 4125 625 4182 12,
652 4137 839 4176 uerum
878 4124 952 4178 M
1050 4124 1327 4177 omousion
1362 4125 1531 4194 NMp
1642 4127 1705 4180 14
1743 4124 1902 4178 deum
1940 4127 2214 4178 mortuum
2242 4143 2287 4195 p
2353 4138 2364 4144 '
2400 4128 2464 4181 15
2503 4141 2568 4178 ne
2603 4123 2718 4180 fieri
2743 4127 2844 4180 Ma·

550 4209 661 4263 sela
693 4211 793 4279 ΝΡ
864 4209 1041 4263 secula
1078 4205 1152 4264 'M
1272 4215 1335 4266 16
1372 4211 1418 4264 si
1454 4230 1555 4266 om.
1595 4213 1672 4266 M
1792 4216 1855 4269 17
1894 4213 2162 4281 quomodo
2196 4213 2328 4266 haec
2364 4214 2442 4268 M
2562 4215 2632 4270 20
2667 4215 2842 4268 omni-

548 4301 815 4364 potentem
854 4315 956 4352 om.
1004 4299 1106 4352 Μυ
1244 4301 1313 4354 22
1362 4300 1640 4352 omousion
1675 4301 1844 4370 NMp
1985 4303 2054 4356 23
2100 4303 2183 4354 est
2219 4308 2348 4370 post
2393 4305 2553 4354 natus
2599 4319 2702 4357 om.
2739 4303 2844 4356 Μαι

546 4385 613 4438 25
634 4399 817 4437 uerum
838 4385 1005 4454 NMp
1099 4389 1168 4440 26
1194 4402 1253 4438 ex
1272 4389 1421 4455 patre
1448 4391 1634 4440 natum
1661 4407 1762 4442 om.
1785 4389 1859 4442 M
1943 4389 2220 4442 omousion
2242 4390 2306 4443 N
2309 4391 2411 4458 ΜΡ
2505 4391 2576 4445 28
2601 4388 2732 4442 disti
2755 4389 2822 4445 N
2821 4391 2840 4424 ¹
