3167 4975
1009 415 1244 466 contra
1278 409 1656 464 Nestorium
1693 409 1805 464 lib.
1844 409 1886 472 1,
1928 413 2077 465 1—2.
2562 409 2684 474 237

1177 707 1468 791 LIBER
1521 706 1914 791 PRIMUS.

481 904 530 968 I.
580 905 864 970 Tradunt
909 903 1160 968 fabulae
1205 907 1534 986 poetarum
1575 903 1845 967 desectis
1879 903 2196 984 quondam
2226 902 2491 985 hydram
2522 902 2691 984 eapi-

394 1009 564 1074 tibus
612 1009 1006 1074 numerosius
1053 1011 1486 1072 renascentem
1531 1027 1643 1090 per
1690 1023 1805 1071 sua
1850 1007 2081 1070 damna
2132 1007 2424 1088 creuisse,
2485 1007 2577 1072 ita
2621 1010 2693 1071 ut

397 1131 558 1179 nouo
603 1114 1008 1195 inauditoque
1057 1113 1357 1177 miraculo
1403 1111 1825 1195 multiplicato
1872 1111 2179 1176 mortibus
2226 1112 2357 1176 suis
2411 1115 2691 1177 monstro

315 1245 342 1285 ⁵
394 1219 554 1283 lucri
585 1238 784 1302 genus
818 1220 986 1282 esset
1018 1218 1292 1297 amissio,
1341 1216 1580 1280 scilicet
1611 1216 1783 1297 dum,
1824 1216 2122 1298 quidquid
2152 1217 2389 1280 ferrum
2421 1218 2690 1282 secantis

397 1323 778 1404 abscideret,
841 1327 1042 1387 totum
1103 1323 1166 1385 id
1223 1321 1576 1386 fecunditas
1638 1322 1995 1404 prodigiosa
2054 1321 2429 1404 geminaret,
2498 1322 2695 1386 donec

394 1427 688 1492 laborans
757 1431 942 1510 atque
1007 1430 1302 1492 aestuans
1363 1431 1621 1510 coeptae
1681 1427 1850 1490 illius
1913 1426 2286 1491 desectionis
2348 1427 2691 1490 industrius

397 1534 706 1616 appetitor
737 1533 998 1596 cassatis
1045 1532 1278 1597 totiens
1317 1530 1627 1595 inefficaci
1660 1549 1842 1615 opere
1873 1531 2213 1596 uirtutibus
2258 1532 2693 1597 fortitudinem

395 1639 545 1701 belli
591 1641 866 1701 armaret
909 1639 1044 1700 arte
1090 1636 1333 1700 consilii
1378 1640 1443 1700 et
1489 1637 1780 1718 admotiS,
1826 1639 1899 1701 ut
1944 1636 2141 1718 aiunt,
2187 1637 2441 1720 ignibus
2482 1637 2694 1702 multi-

292 1775 343 1814 10
397 1743 624 1825 plicem
691 1741 1082 1825 portentuosi
1143 1741 1415 1824 corporis
1476 1741 1719 1824 prolem
1778 1741 2045 1806 feruenti
2099 1742 2308 1825 gladio
2354 1743 2692 1823 desecaret,

396 1866 470 1911 ac
515 1849 602 1911 sic
649 1847 956 1910 ambustis
1003 1845 1380 1910 intrinsecus
1429 1845 1742 1926 medulliS,
1805 1865 1948 1910 cum
2008 1846 2275 1911 rebelles
2333 1865 2527 1911 uenas
2574 1849 2693 1911 im-

395 1951 626 2036 probae
671 1951 1074 2014 fecunditatis
1108 1954 1410 2031 mun-eret,
1456 1950 1715 2014 tandem
1760 1952 2089 2034 parturitio
2122 1955 2525 2017 monstruosa
2560 1971 2695 2016 ces-

397 2060 583 2120 saret.
663 2057 754 2120 ita
799 2073 944 2138 ergo
1007 2057 1196 2119 etiam
1256 2056 1546 2119 haereses
1606 2056 1671 2118 111
1734 2056 2012 2120 ecclesiis
2076 2057 2241 2120 illius
2298 2076 2491 2139 quam
2550 2076 2699 2140 poe·
2746 2067 2781 2119 2

395 2165 605 2225 tarum
666 2163 1026 2224 commenta
1085 2159 1399 2224 finxerunt
1456 2159 1690 2242 hydrae
1758 2161 2237 2225 similitudinem
2295 2166 2538 2246 gerunt.
2633 2165 2695 2226 et

291 2295 343 2335 15
396 2266 554 2329 istae
616 2265 784 2328 enim
847 2264 1182 2328 aduersum
1245 2282 1357 2327 1103
1411 2264 1645 2347 linguis
1706 2264 2007 2328 feralibus
2068 2265 2355 2346 sibilant,
2416 2270 2481 2330 et
2537 2267 2693 2330 istae

399 2371 572 2434 uirus
617 2369 806 2434 letale
854 2370 1108 2449 iaciunt,
1167 2371 1230 2432 et
1273 2369 1433 2433 istae
1481 2369 1671 2432 sectis
1718 2369 2027 2453 capitibus
2074 2373 2505 2434 renascuntur.
2584 2371 2695 2434 sed

399 2475 545 2557 quia
587 2475 953 2559 resurgente
1001 2472 1218 2538 morbo
1266 2492 1391 2538 non
1437 2471 1627 2538 (lebet
1672 2492 1917 2538 cessare
1964 2474 2291 2556 medicina,
2353 2479 2415 2539 et
2460 2478 2694 2558 quanto

399 2581 596 2644 maior
641 2580 832 2643 fuerit
877 2578 1216 2661 aegritudo,
1264 2581 1439 2642 tanto
1487 2579 1821 2643 instantior
1868 2579 2055 2643 debet
2100 2598 2237 2643 esse
2278 2581 2538 2661 curatio,
2583 2599 2695 2664 po-

399 2688 538 2749 tens
587 2688 683 2748 est
729 2684 1020 2749 dominus
1069 2684 1220 2747 deus
1267 2686 1498 2764 noster,
1545 2687 1637 2764 ut,
1684 2684 1851 2766 quod
1896 2684 1972 2747 de
2010 2688 2211 2748 morte
2259 2684 2491 2768 hydrae
2524 2685 2693 2749 illius

289 2820 344 2858 20
399 2789 734 2873 gentilium
779 2788 1026 2853 falsitas
1070 2788 1268 2869 finxit,
1319 2790 1434 2852 hoc
1479 2790 1543 2852 in
1592 2789 1997 2853 ecclesiarum
2042 2788 2225 2853 bellis
2272 2790 2507 2854 ueritas
2554 2809 2695 2872 per-

400 2898 568 2978 agat,
631 2897 696 2958 et
737 2893 978 2976 ignitus
1025 2893 1227 2957 sancti
1275 2894 1530 2976 spiritus
1575 2894 1824 2977 gladius
1872 2893 1963 2957 ita
2006 2894 2069 2958 in
2118 2895 2541 2979 extinguenda
2584 2913 2696 2959 no-

399 3000 570 3063 uella
611 2998 856 3063 haeresi
911 3015 1129 3061 omnes
1174 2998 1428 3081 penitus
1485 2998 1793 3061 medullas
1840 2998 2225 3081 perniciosae
2271 2999 2694 3082 generationis

402 3108 647 3185 exurat,
716 3106 787 3168 ut
847 3103 1103 3167 tandem
1163 3102 1516 3186 prodigiosa
1574 3102 1927 3167 fecunditas
1997 3103 2447 3168 emorientibus
2514 3104 2697 3167 uenis

399 3228 618 3293 parere
664 3208 948 3272 desistat.

293 3342 347 3382 25
487 3314 570 3379 ΙΙ.
617 3312 760 3377 Νο11
821 3312 988 3377 noua
1047 3313 1215 3377 enim
1279 3315 1429 3377 sunt
1473 3313 1628 3377 haee
1688 3312 1753 3377 in
1816 3312 2095 3377 ecclesiis
2152 3313 2531 3378 monstruosi
2600 3332 2697 3377 33-

403 3418 589 3482 11111113
619 3418 920 3501 germina.
970 3436 1215 3501 semper
1245 3418 1359 3481 has
1393 3417 1688 3482 dominici
1721 3418 1853 3501 agri
1885 3436 2065 3501 seges
2106 3418 2327 3501 lappas
2360 3421 2696 3499 sentesque

402 3522 698 3587 tolerauit
727 3524 791 3585 et
821 3521 1147 3586 assiduum
1175 3522 1242 3585 in
1291 3538 1364 3585 ea
1409 3521 1823 3586 suffocatricis
1872 3522 2143 3586 zizaniae
2188 3541 2447 3605 germen
2494 3541 2696 3586 311131-

402 3627 504 3691 sit.
581 3627 728 3690 hinc
775 3626 943 3690 enim
987 3626 1388 3707 Hebionitae,
1436 3627 1581 3691 hinc
1628 3624 1990 3707 Sabelliani,
2037 3627 2185 3691 hinc
2222 3626 2497 3708 Arriani,
2543 3627 2693 3691 hinc

487 3854 520 3908 2
559 3852 786 3906 condam
819 3854 895 3907 M
990 3851 1181 3920 ydram
1207 3852 1282 3906 M
1342 3848 1546 3920 hydrae
1571 3852 1669 3923 ΝΡ
1776 3854 1810 3907 3
1848 3850 2082 3919 dampna
2106 3852 2212 3921 ΜΡ
2320 3854 2352 3907 5
2389 3850 2578 3905 amisio
2613 3852 2681 3907 N
2683 3853 2698 3887 ¹

404 3939 656 4009 quicquid
703 3940 806 4010 ΜΡ
948 3942 982 3994 6
1016 3942 1296 4007 generaret
1341 3940 1414 3993 M
1545 3942 1578 3995 9
1626 3940 1879 3993 ammotis
1924 3940 1991 3995 N
1991 3942 2047 4009 Ῥ
2190 3942 2254 3994 10
2299 3939 2594 4008 portentosi
2637 3940 2703 3993 N

402 4030 538 4095 (non
563 4029 634 4097 p)
741 4029 805 4083 12
844 4030 1074 4081 cessaret
1108 4029 1448 4081 monstruosa
1476 4045 1520 4097 p
1633 4030 1697 4083 13
1733 4027 1941 4081 hereses
1965 4028 2133 4097 NMp
2242 4029 2310 4082 14
2346 4030 2591 4080 comenta
2614 4027 2683 4082 N
2682 4028 2697 4062 ¹

403 4119 458 4169 et
500 4122 626 4171 ‹mte
673 4114 806 4169 istae
843 4122 923 4173 ter
957 4134 1058 4171 om.
1099 4116 1174 4169 M
1308 4118 1372 4171 15
1417 4115 1522 4169 ista
1566 4116 1709 4169 enim
1746 4117 1813 4172 N
1951 4118 2013 4170 17
2062 4120 2117 4169 et
2158 4133 2260 4171 om.
2298 4117 2373 4170 M
2509 4118 2573 4171 19
2620 4118 2701 4168 est

403 4203 670 4258 enim'Mv
777 4204 844 4258 20
879 4200 1075 4256 libellis
1101 4203 1176 4257 M
1273 4204 1340 4258 22
1375 4202 1549 4257 heresi
1580 4204 1749 4273 NMp
1853 4202 2101 4272 poenitus
2127 4204 2194 4259 N
2294 4202 2613 4271 pernitiosae
2637 4203 2704 4258 N

403 4288 762 4357 generationis
799 4307 900 4345 om.
939 4290 1014 4344 M
1145 4291 1213 4345 25
1251 4290 1538 4344 monstrosi
1573 4292 1642 4347 N
1776 4292 1844 4345 26
1888 4289 2067 4358 lapsas
2104 4291 2178 4345 M
2309 4291 2378 4345 27
2416 4290 2599 4343 zizanii
2638 4290 2705 4345 N

403 4380 472 4433 28
507 4378 634 4431 hinc
672 4375 896 4445 denique
933 4376 1255 4431 Eunomiani
1292 4394 1392 4433 om.
1433 4379 1507 4433 M

507 4480 637 4523 xvn.
667 4480 784 4523 Cass.
807 4484 842 4521 1.
2319 4468 2385 4517 23
