3167 4975
846 770 1305 853 ADDENDA
1368 770 1485 852 ΕΤ
1550 770 2188 853 CORRIGENDA.

1385 1143 1541 1200 Uol.
1574 1145 1629 1200 1.

342 1328 469 1379 pay.
622 1308 745 1373 VII,
780 1326 832 1363 u.
860 1312 893 1363 9
928 1310 1085 1377 infra
1124 1310 1260 1379 1898.·
1288 1311 1563 1379 ponimus.

388 1441 412 1463 „
601 1395 741 1459 XVI,
778 1414 832 1449 u.
862 1397 927 1450 12
962 1398 1121 1465 infra
1154 1403 1204 1451 et
1232 1415 1291 1466 p.
1320 1396 1490 1460 XVII,
1516 1414 1567 1450 ιι.
1600 1400 1664 1452 13
1699 1415 1872 1466 supra
1909 1399 2018 1467 1898
2056 1400 2120 1453 19
2149 1416 2256 1467 pro
2298 1402 2374 1455 18.

387 1526 413 1549 „
530 1482 737 1535 XXVII
774 1485 931 1551 infra
964 1490 1107 1538 totus
1142 1501 1195 1538 u.
1226 1486 1292 1539 13
1329 1484 1712 1539 delmtdus‘est.

388 1612 411 1635 ,,
462 1568 739 1633 XXVIIII,
776 1587 828 1624 u.
859 1571 919 1624 11
958 1586 1133 1639 supra
1158 1588 1267 1639 pro
1304 1568 1651 1625 ‘constructio
1689 1572 1756 1624 ad
1795 1570 2027 1625 sensum‘
2064 1572 2174 1641 1898
2209 1571 2574 1627 ‘anacolutha’.

387 1700 411 1721 „
458 1655 739 1719 XXVIIII,
776 1674 829 1709 u.
868 1658 935 1711 16
978 1674 1174 1725 supra.-
1228 1658 1503 1713 lectionem
1556 1658 1672 1714 cod.
1719 1658 1774 1712 A
1828 1656 1946 1711 ‘sub
1999 1658 2290 1727 praetextu'
2342 1676 2454 1715 mm
2507 1664 2680 1729 recepi

778 1744 1063 1811 scriptoris
1098 1760 1204 1798 usu
1236 1745 1536 1813 obseruate,
1582 1747 1678 1814 qui
1721 1744 1920 1799 intuitu
1958 1752 2008 1799 et
2051 1744 2149 1798 sub
2195 1745 2412 1809 intuitu,
2456 1746 2676 1801 obtentu

780 1835 829 1885 et
865 1828 964 1883 sub
1001 1828 1240 1894 obtentu,
1278 1830 1551 1883 occasione
1589 1838 1638 1886 et
1673 1830 1771 1884 sub
1809 1832 2082 1885 occasione
2117 1832 2292 1887 dicere
2325 1834 2470 1889 solet.

574 1915 743 1979 XLII,
780 1934 833 1971 u.
862 1920 895 1971 6
928 1918 1086 1986 infra
1122 1918 1230 1987 Ζ898
1265 1920 1503 1985 possunt.

388 2046 411 2070 „
533 2003 743 2068 LXXV,
778 2022 831 2059 u.
857 2006 891 2059 3
926 2022 1099 2073 supra
1136 2006 1245 2074 1898
1278 2004 1323 2069 Ι,
1349 2008 1399 2069 2,
1426 2009 1457 2060 5
1486 2022 1596 2074 pro
1634 2004 1675 2069 Ι,
1702 2009 1750 2069 2,
1777 2010 1823 2061 6.

387 2132 411 2156 ,,
474 2090 743 2155 LXXVII,
778 2108 832 2145 u.
864 2093 927 2147 10
964 2092 1121 2159 infra
1156 2091 1271 2146 dele
1304 2093 1474 2146 uerba
1509 2094 1565 2145 et
1601 2091 1849 2160 Uulgata.

596 2180 677 2241 17,
703 2180 735 2232 5
772 2179 835 2232 in
868 2184 1147 2247 apparatu
1183 2180 1293 2247 1898
1328 2180 1477 2233 ΗῙΛ·
1502 2197 1613 2247 pro
1649 2180 1812 2235 HLv.

388 2308 412 2329 „
638 2265 737 2318 120
773 2266 835 2318 in
868 2271 1148 2332 apparatu
1184 2266 1293 2333 1898
1328 2267 1395 2320 29
1424 2283 1533 2335 pro
1570 2268 1620 2321 9.

387 2394 412 2417 „
527 2354 642 2414 174,
667 2353 734 2405 27
773 2366 895 2403 cum
932 2350 1059 2419 qua]
1098 2354 1166 2419 cf.
1204 2352 1318 2407 Uol.
1346 2351 1419 2417 II,
1440 2370 1497 2421 p.
1524 2354 1611 2416 44,
1636 2356 1684 2407 9.

386 2482 409 2506 „
486 2440 606 2502 218,
630 2456 683 2492 u.
712 2440 745 2492 9
780 2438 843 2492 in
878 2442 1157 2508 apparatu
1192 2440 1302 2508 1898
1337 2454 1553 2493 aceruos
1584 2457 1693 2509 pro
1731 2456 2000 2495 acerquS.

388 2569 411 2588 „
486 2527 606 2588 270,
630 2543 683 2580 u.
710 2528 743 2580 8
780 2527 842 2579 in
876 2531 1157 2594 apparatu
1192 2528 1301 2595 leye
1336 2525 1747 2580 tribuunadia.

389 2654 414 2677 „
557 2613 674 2675 287,
702 2615 735 2667 2
768 2611 1110 2667 scribendum
1144 2613 1366 2668 uidetur
1400 2613 1547 2681 quia:
1586 2617 1656 2683 cf.
1687 2633 1746 2684 p.
1775 2617 1894 2678 301,
1923 2615 2000 2669 19.

389 2741 413 2762 „
523 2699 640 2760 314,
670 2699 734 2753 12
770 2716 918 2753 nunc
946 2702 1203 2768 praefero
1240 2700 1394 2753 unita
1430 2699 1698 2754 diuinitas

390 2827 413 2848 „
454 2787 573 2848 388,
602 2787 737 2840 1—2
770 2787 1003 2841 scm'bere
1037 2787 1199 2840 debui
1234 2786 1291 2840 in
1328 2803 1389 2840 ea
1425 2787 1489 2840 de
1528 2787 1804 2841 saluatore.

389 2914 412 2937 „
452 2873 571 2936 423,
597 2873 694 2928 col.
720 2873 755 2928 2
788 2872 959 2926 adde.-
1002 2872 1109 2926 Leo
1154 2873 1579 2942 (archidiaconus
1626 2874 1877 2929 ecclcsiae
1923 2875 2211 2940 Romanae,
2259 2879 2382 2944 post
2422 2877 2579 2946 papa)
2625 2879 2692 2934 N

770 2962 951 3028 praef.
978 2960 1025 3028 ἕ.
1058 2961 1101 3014 1.

1378 3141 1535 3198 Uol.
1565 3141 1655 3199 Π.

341 3323 469 3375 pay.
565 3307 651 3368 34,
684 3307 745 3359 13
784 3305 839 3358 ἰιι
878 3307 1179 3374 terramque
1218 3305 1511 3378 defossum]
1548 3312 1618 3378 cf.
1639 3327 1697 3378 p.
1725 3311 1844 3372 486,
1871 3311 1938 3364 23
1975 3309 2032 3363 in
2067 3313 2368 3379 terramque
2399 3315 2682 3379 prostrato.

533 3394 647 3456 135,
678 3396 740 3448 15
777 3395 887 3462 1898
922 3392 1187 3447 coenobiis
1216 3413 1323 3463 pro
1361 3395 1608 3450 cenobiis,

530 3483 645 3543 167,
676 3483 739 3534 16
774 3482 933 3548 infra
968 3482 1077 3550 1898
1112 3480 1208 3535 Iob
1244 3484 1329 3546 40,
1356 3485 1389 3536 8
1416 3501 1524 3551 pro
1561 3482 1660 3535 Iob
1696 3486 1780 3546 40,
1806 3485 1853 3538 3.

386 3609 411 3632 „
550 3569 669 3630 388,
707 3569 740 3622 8
776 3569 933 3636 infra
970 3569 1078 3637 1898
1114 3567 1231 3621 Iud.
1259 3571 1308 3634 3,
1337 3571 1471 3624 1—‘2
1508 3573 1562 3622 et
1597 3571 1645 3624 4.

386 3695 410 3718 ,‚
528 3655 647 3716 607,
677 3655 739 3708 12
778 3655 925 3709 locus
960 3655 1182 3710 uidetur
1216 3672 1326 3710 8338
1362 3657 1489 3710 libri
1524 3654 1623 3709 Iob
1659 3658 1744 3720 24,
1769 3659 1850 3712 21.

566 3741 683 3804 620,
710 3742 743 3794 8
779 3741 841 3794 in
874 3749 1156 3810 apparatu
1191 3743 1301 3812 leffe
1336 3741 1539 3806 XXIII,
1566 3745 1616 3806 5,
1642 3745 1672 3796 7
1705 3761 1811 3812 pro
1847 3741 2050 3806 XXIII,
2077 3747 2126 3806 6,
2155 3745 2200 3798 1.
