3167 4975
1191 477 1521 532 nominum
1558 480 1624 531 et
1657 493 1881 532 rerum.
2567 479 2690 544 431

350 651 841 732 Quinquagensima
858 651 978 720 (hoc
997 655 1079 706 est
1092 653 1325 722 spatium
1340 650 1493 733 quin·
1548 649 1649 705 reli
1689 649 1824 705 'ouis
1859 650 2271 705 fundamentum
2306 650 2440 705 bene
2475 654 2529 705 et
2568 668 2694 720 pru-

454 721 711 802 quaginta
765 721 973 804 dierum
1028 738 1061 775 a
1111 725 1495 804 resurrectione
1693 723 1842 774 enter
1877 721 2266 776 instituendum
2304 724 2346 776 I
2368 719 2490 787 XII,
2515 724 2598 776 26.
2625 724 2690 777 31

456 789 1177 929 (ὲᾞὲπῖῥωῧωῖᾑῧρῗιὸωῗ
1201 790 1493 924 affigitur&
1551 791 1895 927 relic—{uffium
1947 863 2250 914 sanctarum
2299 860 2382 912 uis
2432 863 2488 913 et
2537 876 2694 914 uene-

465 929 512 983 G
550 928 662 993 XV,
698 931 747 983 4.
785 929 930 994 XXI,
968 932 1047 986 11.
1090 933 1170 994 18,
1204 933 1253 986 2.
1295 932 1374 986 19.
1412 931 1495 994 23,
1655 929 1792 982 ratio
1835 929 1883 984 0
1912 929 2004 994 VI,
2035 933 2078 985 1.
2115 929 2237 993 VII,
2262 931 2345 984 26.

456 1001 610 1054 2-3.
634 997 807 1064 XXII,
837 1003 882 1064 1,
906 1004 949 1056 1.
978 998 1497 1068 Quinquagensimae
1550 999 1790 1052 remissio
1814 1002 1871 1052 et
1886 998 2080 1052 laxatio
2101 997 2266 1052 animi
2291 1013 2695 1066 nonnumquam

459 1067 643 1122 diebus
691 1067 748 1122 iu
782 1068 1029 1138 Aegypto
1076 1085 1175 1123 nec
1222 1083 1397 1137 genua
1439 1066 1497 1121 in
1656 1068 1950 1122 necessaria
1992 1068 2039 1123 0
2069 1067 2300 1132 XXIIII,
2330 1070 2554 1124 20-21.

458 1137 697 1190 oratione
752 1137 1117 1192 curuabantur
1175 1153 1272 1192 nec
1332 1152 1497 1205 usque
1550 1137 1790 1191 remissio
1863 1141 2164 1192 eccatorum
2201 1135 2386 1191 multis
2424 1137 2596 1191 modis
2633 1137 2697 1190 fit

458 1205 526 1260 ad
579 1206 767 1261 horam
822 1223 1017 1262 nonam
1065 1206 1405 1262 ieiunabatur
1456 1205 1504 1261 0
1664 1206 1711 1261 G
1843 1247 1856 1272 ,
1882 1209 1930 1264 8.

459 1274 604 1340 XXI,
644 1279 724 1331 11.
763 1279 847 1342 20,
882 1279 929 1333 3.
978 1275 1498 1346 Quinquagensimae
1553 1276 1797 1330 remissos
1839 1291 1936 1330 nos
1973 1291 2373 1346 nonnumquam
2411 1277 2540 1332 deus
2576 1276 2698 1330 uult

460 1349 700 1414 tempore
747 1346 943 1401 ieiunia
988 1346 1217 1401 laxanda
1267 1346 1314 1402 Ο
1354 1343 1497 1409 XXI,
1657 1361 1768 1400 esse
1813 1345 1860 1402 G
1890 1345 2020 1411 IIII,
2046 1349 2082 1401 4
2103 1363 2212 1416 sqq.

465 1417 683 1471 19-20.
744 1431 919 1540 {venua
977 1416 1034 1470 in
1093 1415 1332 1469 oratione
1391 1430 1497 1468 non
1554 1415 2008 1469 renuntiationum
2045 1418 2154 1470 tres
2188 1415 2399 1470 ordines
2439 1417 2485 1469 C'
2515 1416 2617 1480 III,
2645 1419 2692 1472 3.

460 1483 721 1538 flectenda
816 1485 960 1550 XXI,
998 1488 1217 1541 19-20.
1258 1484 1299 1539 Ι
1315 1482 1388 1549 Π,
1418 1486 1496 1540 18.
1656 1487 1703 1539 6.
1736 1487 1815 1549 10,
1843 1487 1994 1540 3-4.
2033 1485 2170 1538 nihil
2201 1485 2449 1554 prodesse
2483 1485 2696 1538 ordines

462 1552 639 1620 Quinq
744 1555 978 1608 ensimae
1022 1557 1183 1624 typus
1226 1555 1286 1608 in
1320 1555 1499 1608 uetere
1657 1554 1873 1622 priores,
1935 1554 2038 1608 nisi
2133 1554 2216 1607 uis
2269 1555 2575 1623 peruenerit
2628 1555 2696 1608 ad

460 1622 578 1690 lege
622 1623 670 1678 0
828 1665 841 1688 ,
872 1627 957 1690 20,
980 1627 1029 1680 2.
1658 1623 1876 1677 tertium
1941 1623 1988 1678 0
2125 1666 2137 1689 ,
2175 1627 2223 1689 7,
2265 1627 2310 1679 1.
2367 1624 2696 1678 renuntiatio

1659 1693 1820 1746 tertia
1851 1691 2021 1761 qualis
2055 1693 2126 1747 sit
2157 1693 2204 1748 0
2223 1693 2324 1759 III,
2351 1697 2400 1758 7,
2425 1695 2578 1748 3—4.
2615 1711 2696 1748 re-

358 1761 506 1816 Raab
550 1763 597 1818 0
627 1761 798 1827 XVII,
826 1765 906 1828 17,
936 1765 1084 1818 1—4.
1123 1765 1207 1828 20,
1236 1765 1316 1818 12.
1659 1761 1925 1816 nuntiatio
1956 1763 2106 1832 quasi
2137 1761 2404 1816 crucifixio
2433 1766 2488 1816 et
2509 1762 2696 1816 morti-

357 1831 561 1886 radices
604 1833 859 1886 uitiorum
897 1837 949 1886 et
984 1837 1321 1900 peccatorum
1359 1830 1501 1884 euel-
1659 1831 1837 1884 ficatio
1874 1834 1956 1885 est
1993 1834 2035 1886 I
2061 1831 2191 1898 1111,
2224 1835 2306 1888 34.
2346 1831 2468 1898 XII,
2493 1835 2577 1889 25.
2616 1848 2698 1886 re-

464 1901 651 1956 lendae
696 1903 743 1957 0
772 1901 887 1966 XX,
916 1904 996 1958 11.
1662 1900 1928 1954 nuntiatio
1959 1901 2199 1955 omnium
2230 1917 2407 1956 rerum
2439 1902 2698 1956 monacho

358 1969 597 2025 Rebecca
640 1971 687 2027 Ο
715 1971 868 2036 XIII,
902 1974 983 2035 11,
1010 1971 1059 2025 2.
1661 1971 1954 2024 necessaria
2012 1971 2059 2025 0
2106 1970 2337 2036 XXIIII,
2381 1974 2426 2028 2.
2487 1970 2698 2025 diuinae

360 2039 803 2096 rebracchiatoria
839 2042 880 2096 Ι
905 2040 949 2106 Ι,
980 2044 1028 2096 5.
1068 2041 1136 2110 ef.
1165 2037 1413 2104 ἀναλάβοι.
1661 2038 1952 2109 scripturae
1978 2044 2330 2094 consentanea
2353 2041 2394 2096 Ι
2412 2039 2533 2106 VII,
2563 2043 2696 2096 16·-

360 2110 601 2163 recedere
637 2126 668 2163 a
700 2109 797 2164 deo
836 2109 971 2164 mori
994 2111 1077 2163 est
1107 2111 1153 2165 0
1172 2107 1352 2175 VIHI,
1378 2111 1427 2173 6,
1450 2109 1499 2162 4.
1665 2110 1743 2164 18.
1805 2108 2129 2163 renuntiatio
2182 2108 2344 2163 semel
2397 2109 2542 2164 facta
2604 2126 2700 2180 per

466 2178 667 2244 XXIII,
692 2183 740 2236 9.
1662 2193 1875 2231 omnem
1912 2177 2156 2247 deinceps
2184 2179 2354 2232 uitam
2416 2195 2699 2249 rosequen-

360 2247 576 2302 Rechab
620 2249 667 2304 0
697 2249 840 2314 XXI,
865 2252 915 2314 4,
941 2251 989 2304 3.
1663 2246 1732 2299 da
1757 2248 1798 2302 Ι
1818 2247 1949 2312 ΠΠ,
1975 2249 2056 2302 36.
2104 2248 2151 2303 Ο
2389 2290 2402 2314 ,
2427 2251 2476 2303 2.
2504 2265 2699 2303 renun-

362 2317 722 2373 reconciliatio
732 2319 915 2372 fratris
933 2316 1199 2387 quomodo
1218 2319 1272 2370 et
1327 2315 1503 2369 nando
1663 2316 1816 2369 tiatio
1861 2317 2098 2398 perfecta
2139 2317 2276 2371 nihil
2321 2318 2523 2387 proprii
2566 2319 2699 2372 iuris

466 2387 711 2441 facienda
746 2390 787 2444 Ι
812 2387 963 2452 VIII,
992 2388 1210 2444 12—13.
1414 2426 1427 2448 ,
1454 2389 1501 2440 7.
1663 2385 1918 2454 relinquit
1940 2386 2110 2452 IVII‚
2137 2390 2214 2443 17.
2242 2388 2566 2441 renuntiatio
2591 2403 2698 2441 non

478 2457 525 2512 Ο
554 2457 696 2524 XVI,
730 2460 777 2515 6.
822 2459 1041 2515 15—16.
1081 2459 1159 2513 18.
1198 2455 1503 2510 reconcilia·
1663 2458 1776 2509 tam
1823 2470 1950 2511 uoce
1995 2471 2156 2525 quam
2201 2457 2380 2511 animo
2416 2460 2470 2511 et
2506 2457 2698 2511 affectu

469 2528 633 2581 tionis
678 2532 1069 2582 sacramentum
1114 2525 1167 2579 la
1205 2527 1277 2580 sis
1318 2524 1385 2578 ad
1424 2540 1505 2579 sa-
1664 2524 1910 2579 facienda
1943 2528 2026 2579 est
2067 2527 2114 2581 Ο
2143 2526 2245 2591 ΙΠ,
2283 2530 2330 2582 7.
2374 2528 2700 2581 renuntiatio

468 2596 637 2651 lutem
676 2598 1029 2651 necessarium
1066 2596 1133 2651 N
1242 2636 1255 2659 ,
1286 2598 1365 2651 18.
1663 2610 1943 2664 perperam
1978 2594 2122 2650 facta
2154 2598 2190 2651 1
2221 2595 2342 2660 VII,
2374 2598 2452 2652 15.
2497 2596 2542 2651 Ο
2569 2596 2700 2661 ΙΙΠ,

364 2665 659 2721 recordatio
730 2670 1032 2721 eccatorum
1067 2682 1171 2735 qua
1198 2666 1401 2719 ratione
1425 2664 1507 2717 in·
1665 2668 1748 2721 20.

472 2736 671 2789 stituen
712 2753 743 2789 a
774 2738 820 2791 C
838 2735 1068 2802 XVIIII,
1097 2738 1178 2791 16.
1212 2734 1326 2798 XX,
1352 2736 1504 2789 6—7.
1562 2733 1896 2803 reprehensio
1943 2734 2196 2788 uitiorum
2241 2738 2296 2789 et
2331 2750 2571 2788 errorum
2607 2734 2702 2789 ad·

471 2808 521 2861 9.
551 2807 631 2861 11.
1665 2802 1887 2856 modum
1923 2802 2072 2857 utilis
2109 2806 2147 2858 1
2176 2802 2296 2870 VH,
2331 2806 2410 2860 13.

366 2874 662 2944 redemptio
697 2876 904 2943 generis
939 2873 1162 2929 humani
1197 2890 1292 2943 per
1336 2872 1507 2927 solum
1561 2872 1840 2927 resticulae
1878 2872 2112 2942 duplices
2145 2896 2205 2917 --
2245 2872 2478 2940 ἀναλάβοι
2516 2876 2556 2928 I
2582 2873 2624 2937 I,
2653 2878 2700 2929 5.

372 3002 378 3010 ,
471 2942 745 2998 Christum
790 2944 905 2998 fieri
948 2944 1125 3014 potuit
1158 2944 1225 3001 N
1256 2942 1387 3007 ΗΠ,
1427 2944 1505 2998 12.
1562 2942 1876 2997 resurrectio
1903 2944 2236 2997 mortuorum
2255 2943 2527 3011 generatio
2545 2959 2703 3012 qnae-

368 3012 674 3067 refectionis
721 3017 933 3083 tempus
981 3014 1113 3067 hora
1158 3028 1297 3065 nona
1346 3012 1393 3067 0
1434 3010 1507 3077 11,
1669 3012 1792 3064 dam
1829 3014 1913 3064 est
1947 3012 2013 3066 N
2043 3011 2105 3075 V,
2135 3015 2184 3066 7.

476 3085 555 3147 11,
584 3085 629 3138 1.
656 3085 739 3139 25.
775 3086 858 3147 26,
886 3086 1038 3140 2—3.
1077 3082 1293 3136 refectio
1328 3081 1508 3135 fratri·
1562 3080 1880 3135 reuersionis
1921 3080 2154 3134 filiorum
2189 3080 2392 3135 Israhel
2438 3082 2496 3135 in
2527 3081 2702 3151 Aegy-

470 3151 571 3205 bus
612 3150 1029 3206 aduentantibus
1064 3153 1261 3205 iterum
1298 3166 1509 3204 sumen·
1666 3152 1822 3220 ptum
1841 3150 2140 3219 explanatio
2159 3150 2443 3219 allegorica
2467 3151 2514 3206 G
2532 3150 2633 3216 III,
2654 3154 2701 3205 7.

474 3221 543 3275 da
585 3222 632 3276 Ο
670 3221 743 3287 II,
781 3224 863 3277 25.
902 3225 983 3277 26.
1039 3238 1071 3274 a
1119 3219 1387 3275 nonnullis
1440 3219 1509 3273 ad
1562 3220 1763 3273 Romae
1789 3236 1883 3273 cur
1907 3219 2130 3274 sabbato
2155 3220 2419 3274 ieiunetur
2445 3220 2596 3284 IIII,
2621 3223 2699 3276 10.
2804 3258 2810 3263 -

474 3306 749 3372 uesperam
796 3290 961 3345 dilata
1012 3290 1172 3372 011,
1210 3292 1293 3354 26,
1331 3291 1378 3345 3.
1428 3304 1508 3343 re·
1563 3290 1806 3370 Romana
1841 3288 2062 3343 ecclesia
2095 3290 2164 3345 N
2269 3290 2374 3358 aes.
2409 3292 2456 3358 5.
2495 3293 2541 3345 1.
2588 3305 2704 3371 eam

474 3358 633 3413 sectio
716 3359 941 3441 uomodo
983 3358 1229 3414 faelenda
1267 3359 1326 3440 ‚G
1365 3358 1509 3440 XXI,
1667 3375 1871 3428 primus
1890 3358 2158 3428 apostolus
2219 3362 2364 3412 etrus
2384 3359 2708 3428 gubernamt

473 3431 555 3484 23.
618 3446 675 3483 re
700 3433 903 3483 ectlone
958 3430 1183 3484 durante
1236 3428 1507 3509 silentium
1669 3430 1735 3483 N
1765 3427 1866 3492 III,
1899 3431 1978 3491 12,
2013 3431 2055 3484 1.

474 3499 795 3553 seruandum
832 3500 875 3554 I
910 3498 1040 3563 1111,
1081 3502 1161 3554 17.
1209 3497 1510 3579 refectionis
1564 3496 1790 3551 Rufinus
1827 3498 1894 3555 N
1925 3496 2045 3563 VII,
2073 3500 2155 3562 27,
2187 3502 2230 3553 1.

474 3566 1510 3719 ἱῖᾓρτῗᾟέἰθιῗιεῖἦεῗῗῇἒιῇ,οιιῖθηὲςῡέῑῗεῑ
1564 3635 1848 3718 sabbatum
1920 3653 1951 3690 a
2019 3636 2214 3690 ieiunio
2273 3636 2520 3718 liberum·
2564 3636 2706 3719 apud

475 3706 893 3761 extraordinaria
926 3706 1132 3761 inlicita
1167 3710 1223 3759 et
1254 3705 1512 3787 sacrilega
1670 3704 1966 3786 Qnentales
2005 3704 2046 3761 Ι
2078 3705 2180 3769 111,
2215 3710 2263 3761 9.
2314 3706 2522 3760 sabbati
2569 3721 2706 3786 u1g13

474 3777 517 3831 Ι
550 3774 690 3841 IIII,
730 3779 809 3833 18.
857 3776 917 3841 V,
953 3780 1037 3833 20.
1076 3778 1159 3831 23.
1209 3775 1511 3829 refeouoms
1668 3774 1770 3827 hae
1807 3775 1848 3829 Ι
1875 3774 1977 3839 ΙΠ,
2008 3778 2160 3832 8—9.
2200 3775 2422 3829 sabbato
2460 3775 2705 3829 monachi

474 3845 659 3899 horam
706 3849 1037 3900 anteuertere
1091 3848 1183 3899 aut
1224 3844 1511 3913 praeterire
1669 3843 1748 3897 Ae
1819 3844 1920 3913 ptii
1957 3843 2340 3898 sollemnitates
2385 3845 2442 3898 in
2489 3844 2710 3899 ecclesia

474 3915 531 3968 in
576 3916 893 3969 monasterio
936 3915 1187 3968 uitiosum
1233 3913 1280 3968 0
1315 3914 1388 3977 11,
1430 3916 1509 3969 11.
1673 3911 1780 3967 cele
1821 3912 2014 3967 rabant
2048 3915 2089 3967 Ι
2117 3913 2179 3977 V,
2207 3916 2289 3969 26.

480 3988 558 4040 17.
598 3984 661 4049 V,
691 3986 769 4039 ll.
805 3983 953 4050 XXI,
978 3986 1061 4040 23.
1566 3981 1897 4036 Sabellianus
1933 3984 2002 4039 N
2033 3982 2123 4047 VI,
2159 3987 2207 4047 5,
2234 3986 2283 4038 3.
2323 3982 2610 4037 Sabelliani
2647 3985 2715 4038 N

368 4054 675 4122 Regnorum
710 4052 848 4107 liber
890 4054 937 4109 0
968 4053 1031 4119 V,
1060 4056 1139 4118 12,
1173 4055 1223 4107 4.
1261 4052 1352 4117 VI,
1378 4054 1426 4118 3,
1460 4054 1509 4106 4.
1669 4051 1714 4115 Ι,
1740 4055 1788 4116 2,
1825 4055 1870 4108 1.

370 4139 595 4192 regnum
622 4121 887 4177 caelorum
911 4122 1175 4191 quomodo
1199 4120 1511 4191 111101103εο-
1568 4120 1900 4175 Sabellianus
1935 4122 2125 4177 adiect.
2152 4122 2219 4179 N
2250 4120 2341 4186 VI,
2373 4126 2419 4186 5,
2450 4126 2474 4177 1
2515 4128 2566 4177 et
2599 4125 2649 4178 4.

475 4192 605 4247 dum
655 4194 703 4247 C
738 4192 783 4257 Ι,
824 4194 904 4257 13,
940 4194 987 4247 6.
1046 4206 1269 4260 regnum
1326 4190 1410 4245 dei
1459 4193 1514 4245 et
1568 4190 1856 4244 Sabellius:
1892 4198 2058 4261 yenet.
2088 4190 2286 4245 Sabelli
2323 4192 2389 4245 N
2420 4191 2463 4258 I,
2489 4194 2538 4255 2,
2564 4194 2613 4246 2.

474 4278 701 4331 regnum
748 4261 945 4316 diaboli
994 4262 1052 4315 in
1098 4276 1203 4330 quo
1257 4261 1515 4314 consistat
1567 4260 1856 4314 sacerdotis
1879 4276 2074 4314 munus
2107 4260 2153 4315 Ο
2183 4260 2314 4325 1111,
2344 4262 2386 4315 1.
2418 4262 2487 4317 Ν
2504 4260 2597 4325 VI,
2628 4264 2705 4316 11.

483 4331 530 4386 0
559 4331 603 4397 Ι,
634 4333 712 4388 13.
1671 4329 1913 4384 sacerdos
1946 4330 2242 4384 orationem
2274 4329 2546 4385 concludit
2571 4332 2610 4385 Ι
2635 4329 2709 4395 II,

368 4400 587 4470 regulus
624 4400 963 4470 euangelicus
1006 4400 1053 4455 0
1082 4398 1235 4465 XIII,
1264 4401 1343 4465 16,
1370 4402 1416 4455 2.
1676 4401 1756 4464 10,
1786 4401 1832 4454 1.

2297 4504 2400 4557 86*
