3167 4975
2444 457 2656 515 CXIII

359 625 658 690 instituta
702 627 800 690 est
858 625 1109 707 retinui,
1169 623 1707 709 paragraphorum
1767 643 2061 689 numeros
2121 627 2430 690 lectorum
2485 645 2658 690 com-

359 731 653 796 moditati
699 731 1031 795 consulens
1080 729 1372 795 omnibus
1406 730 1657 812 scriptis
1690 729 1826 812 ipse
1857 730 2086 794 addidi.
2137 731 2302 812 quod
2334 731 2414 794 ad
2443 731 2656 795 ortho-

359 836 695 919 graphiam
756 835 1003 916 attinet,
1068 853 1105 900 3
1161 835 1379 899 formis
1426 835 1618 918 uulgo
1662 835 1932 917 receptis
1975 852 2115 899 raro
2163 837 2226 898 et
2279 836 2356 899 iis
2405 839 2656 900 tantum

360 941 517 1004 locis
576 939 835 1019 recessi,
905 939 1017 1003 ubi
1074 959 1185 1022 per
1245 939 1531 1003 codicum
1593 956 1972 1004 consensum
2031 939 2135 1004 uel
2193 959 2306 1022 per
2363 940 2654 1004 lectionis

360 1047 748 1110 uetustatem
788 1043 1038 1109 licebat.
1110 1044 1355 1108 namin
1385 1043 1505 1108 hac
1535 1063 1602 1107 re
1633 1043 1936 1108 librorum
1983 1043 2342 1109 auctoritati
2388 1061 2513 1109 non
2560 1045 2657 1109 ni-

362 1149 565 1212 mium
612 1147 1017 1212 tribuendum
1064 1167 1201 1212 esse
1248 1149 1527 1232 ipsorum
1574 1149 2032 1231 discrepantiae
2093 1167 2284 1230 quam
2344 1149 2656 1213 latissime

361 1257 651 1336 patentes
700 1253 855 1317 satis
902 1253 1357 1317 demonstrant.
1434 1253 1498 1316 id
1557 1271 1759 1334 unum
1804 1257 2016 1317 autem
2063 1272 2166 1317 me
2211 1253 2474 1336 adsequi
2528 1272 2656 1318 non

362 1357 642 1441 potuisse
704 1357 923 1438 fateor,
986 1360 1058 1421 ut
1116 1357 1184 1422 in
1244 1357 1615 1422 consonanti
1661 1379 1691 1419 e
1737 1361 1882 1440 post
1925 1379 1972 1419 ω
2019 1361 2126 1422 3111
2169 1359 2503 1423 retinenda
2547 1361 2658 1422 3111

362 1461 713 1526 omittenda
754 1462 1065 1526 rationem
1111 1466 1351 1527 certam
1390 1460 1813 1526 obseruarem.
1862 1463 2346 1528 consonantium
2377 1462 2656 1526 adsimu-

361 1567 687 1646 lationem,
732 1565 845 1629 ubi
888 1586 999 1650 per
1044 1585 1243 1631 unum
1290 1585 1401 1630 seu
1447 1567 1659 1649 plures
1706 1566 1950 1630 codices
1996 1567 2248 1648 licebat,
2309 1567 2514 1631 reieci.
2589 1567 2656 1631 in

362 1671 519 1754 ipsis
580 1669 787 1734 uerbis
850 1671 1169 1754 scriptoris
1230 1671 1636 1735 restituendis
1686 1672 1850 1736 solos
1897 1670 2090 1736 libros
2138 1673 2401 1754 respexi,
2459 1672 2655 1756 scrip-

364 1778 543 1838 turae
603 1775 899 1858 uulgatae
944 1775 1072 1839 fere
1118 1775 1439 1839 mentione
1485 1792 1612 1839 non
1660 1775 1830 1839 facta
1874 1775 1998 1839 nisi
2044 1775 2132 1840 eis
2179 1776 2354 1856 locis,
2417 1775 2526 1840 ubi
2582 1793 2658 1839 03

364 1897 511 1944 011111
556 1898 681 1944 11110
722 1880 999 1944 alteroue
1042 1880 1327 1944 codicum
1368 1880 1683 1944 consentit
1723 1883 1832 1944 aut
1863 1879 1971 1943 ubi
2003 1881 2078 1944 de
2109 1880 2376 1946 lectione
2423 1880 2655 1965 tradita

362 1984 780 2048 recedendum
844 1989 995 2049 erat.
1076 1985 1185 2066 qui
1252 1984 1445 2069 igitur
1504 2003 1690 2050 nosse
1753 1985 1927 2049 uolet
1987 1989 2298 2067 quantum
2359 2004 2474 2050 nos
2534 1985 2656 2049 hac

365 2088 639 2153 editione
700 2089 1168 2172 profecerimuS,
1233 2108 1379 2152 eum
1424 2093 1668 2154 textum
1713 2094 2004 2155 nostrum
2051 2109 2196 2154 cum
2240 2090 2381 2172 ipsa
2425 2088 2653 2154 Gazaei

364 2192 532 2276 (siue
592 2191 877 2276 Ouyckii)
941 2197 1048 2258 aut
1113 2193 1427 2259 Ciacconii
1489 2194 1761 2258 editione
1825 2195 2105 2258 conferre
2166 2194 2498 2277 oportebit.
2575 2213 2654 2259 ne

368 2314 519 2361 uero
564 2299 757 2362 lector
804 2298 991 2362 certis
1037 2296 1417 2380 quibusdam
1448 2298 1716 2379 indiciiS,
1764 2299 1995 2380 quibus
2044 2298 2496 2382 scripturarum
2526 2299 2656 2362 dis-

364 2402 755 2484 crepantiam
798 2405 967 2467 recte
1015 2403 1347 2486 aestimare
1392 2404 1614 2486 possit,
1661 2421 1932 2485 usquam
1962 2404 2362 2484 destituatur,
2407 2405 2654 2486 praeter

363 2508 479 2571 illa
522 2525 680 2589 quae
726 2526 917 2591 supra
958 2508 1087 2573 iam
1134 2508 1457 2591 disputata
1503 2511 1652 2572 sunt
1699 2509 1892 2572 etiam
1940 2509 2003 2572 in
2059 2508 2264 2574 indice
2321 2507 2658 2573 uerborum

366 2614 433 2675 et
489 2611 877 2676 locutionum
939 2630 1043 2676 eos
1103 2612 1273 2676 locos
1319 2612 1583 2696 respexi,
1647 2612 1755 2676 ubi
1816 2613 1892 2676 de
1939 2630 2090 2676 uera
2133 2612 2401 2677 lectione
2449 2613 2660 2694 aliqua

366 2714 675 2779 dubitatio
724 2716 869 2779 oriri
912 2720 1175 2799 poterat.
1256 2717 1336 2780 cf.
1384 2715 1682 2779 accedere
1727 2720 1791 2781 et
1836 2715 2255 2779 eaetrimecuS.
2309 2715 2658 2779 adcommo-

368 2818 533 2882 dare
564 2824 628 2884 et
656 2818 1071 2883 commodare.
1108 2818 1333 2906 alapa.
1369 2818 1690 2905 alioquin.
1725 2819 2008 2884 arbitra.
2057 2818 2436 2906 conpellere.
2487 2820 2656 2883 dein.

370 2921 585 2987 delere
616 2928 678 2989 et
709 2922 984 2988 diluere.
1033 2922 1369 3011 effe-ruens.
1418 2924 1727 3010 equidem.
1769 2946 2078 2988 eoecessuS.
2113 2924 2346 2989 excire.
2381 2946 2658 2988 emerere.

368 3029 640 3115 eaeiqere.
673 3028 1028 3093 eaete‘ndere.
1062 3028 1391 3114 facultas.
1426 3029 1790 3115 fruticare.
1825 3030 1900 3093 in
1915 3028 2260 3115 futu-rum.
2295 3028 2657 3093 humilitas.

367 3133 444 3197 in
490 3153 635 3199 cum
682 3134 805 3199 abl.
853 3154 965 3218 pro
1014 3154 1217 3199 accus,
1266 3133 1536 3196 initium
1581 3133 2049 3197 conum-sionis.
2116 3134 2353 3220 liquor.
2415 3156 2658 3221 magne.

368 3260 533 3323 opus
575 3243 639 3303 et
676 3240 786 3304 rel.
834 3240 1046 3322 itaque
1091 3240 1459 3323 priusquam
1507 3240 1583 3303 de
1631 3240 1942 3323 scriptura
1970 3244 2222 3324 recepta
2249 3258 2662 3324 praepropere

368 3343 698 3423 iudicetur,
746 3344 931 3408 index
976 3346 1171 3409 uelim
1216 3345 1600 3425 consulatur,
1648 3363 1770 3427 quo
1817 3345 2100 3429 inspecto
2149 3345 2477 3428 apparebit
2520 3346 2663 3428 plu-

368 3448 547 3512 rimis
594 3448 745 3513 locis
794 3468 895 3512 me
940 3468 1064 3514 non
1112 3454 1347 3513 temere
1393 3466 1596 3531 neque
1645 3450 1778 3513 sine
1824 3450 2087 3530 ratione,
2145 3450 2254 3513 sed
2301 3469 2420 3513 usu
2467 3450 2662 3533 scrip-

370 3554 523 3617 toris
594 3554 930 3637 diligenter
998 3555 1351 3618 examinato
1424 3554 1625 3617 critici
1697 3573 1926 3619 mun-us
1995 3554 2218 3638 egisse.
2318 3558 2661 3637 utcumque

370 3661 584 3721 autem
644 3657 765 3721 uiri
819 3658 985 3721 docti
1032 3658 1107 3721 de
1152 3657 1364 3721 labore
1413 3677 1551 3721 ineo
1600 3677 1786 3739 quem
1835 3658 2121 3722 Cassiani
2167 3657 2344 3723 libris
2399 3678 2511 3742 per
2557 3678 2663 3723 sex

372 3779 569 3825 annos
632 3762 983 3825 indefessus
1042 3764 1480 3845 praestiteram
1544 3762 1940 3842 iudicabunt,
2008 3763 2068 3827 id
2130 3781 2240 3846 pro
2304 3767 2472 3829 certo
2535 3764 2663 3828 scio

371 3885 575 3948 neque
608 3865 889 3930 subsidia
920 3867 1137 3930 critica
1168 3867 1326 3930 meis
1360 3867 1620 3931 meliora
1650 3886 1817 3931 nunc
1857 3868 2156 3950 temporis
2203 3885 2386 3951 posse
2433 3886 2663 3951 conpa-

369 3971 496 4034 rari
529 3990 730 4053 neque
763 3971 1079 4035 diuersam
1111 3972 1395 4036 codicum
1428 3972 1933 4035 aestii'uationem
1967 3971 2238 4035 aliamue
2262 3972 2573 4036 rationem
2596 3972 2662 4036 in

370 4076 510 4158 ipsa
534 4075 681 4139 crisi
705 4076 1053 4141 factitanda
1078 4075 1429 4140 adhibitam
1454 4077 1567 4140 ulli
1599 4076 1698 4140 his
1733 4076 2024 4159 operibus
2058 4076 2483 4141 emolumento
2509 4077 2657 4141 fore.

458 4179 535 4244 In
580 4178 705 4244 fine
749 4180 1156 4263 praefationis
1201 4181 1475 4263 primum
1524 4180 1680 4245 mihi
1726 4184 1934 4265 grates
1984 4180 2260 4263 agendae
2316 4183 2466 4244 sunt
2510 4182 2663 4245 uiris

371 4282 595 4365 doctiS,
644 4284 752 4367 qui
795 4283 990 4349 libros
1037 4303 1229 4349 manu
1277 4285 1541 4368 scriptos
1590 4286 1655 4349 111
1703 4303 1916 4348 meum
1962 4303 2150 4349 usum
2198 4284 2666 4369 inuestigarunt

371 4388 842 4473 descripserunt
875 4393 1342 4473 excerpserunt:
1394 4393 1532 4453 tum
1562 4389 1937 4473 praepositis
1969 4388 2516 4472 bibliothecarum,
2558 4390 2665 4472 qui

478 4509 609 4551 xvn.
638 4510 755 4552 cm.
787 4514 826 4551 1.
2319 4495 2351 4542 8
