3167 4975
276 1592 329 1631 10

278 2115 329 2154 15

276 3163 328 3201 25

963 449 1193 500 contra
1228 447 1610 500 Nestorium
1647 447 1756 500 lib.
1783 447 1906 510 vn,
1944 450 2094 503 8—9.
2547 447 2674 512 365

384 623 747 705 priusquam
794 622 929 705 ipse
974 623 1293 706 quippiam
1338 626 1482 706 post
1526 627 1735 687 ortum
1789 641 1972 686 suum
2021 622 2273 702 diceret,
2331 623 2674 687 aduentum

385 745 569 790 suum
631 730 693 789 et
736 727 1005 790 terrenis
1064 727 1299 810 pariter
1360 731 1425 791 et
1484 727 1712 791 diuinis
1774 727 2042 791 testibus
2103 727 2461 807 declarauit‚
2525 727 2674 792 dum

384 832 567 895 stella
609 831 862 912 indicat,
911 832 1059 895 dum
1108 832 1275 918 magi
1308 832 1586 910 adorant,
1635 833 1786 896 dum
1819 833 2026 915 angeli
2061 831 2457 896 annuntiant.
2527 831 2676 914 quid

384 937 629 1017 quaeris
677 936 989 1017 amplius?
1052 935 1253 1000 adhuc
1312 953 1433 999 uox
1494 937 1661 1000 illius
1723 935 1950 1000 silebat
2009 937 2072 1000 in
2119 938 2302 1000 terris
2365 941 2426 1000 et
2478 936 2674 1000 honor

380 1040 547 1104 illius
592 1041 721 1105 iam
768 1041 1083 1105 clamabat
1128 1041 1193 1104 in
1241 1042 1430 1104 caelo.
1508 1041 1768 1105 latuisse
1825 1060 1970 1124 ergo
2017 1041 2080 1104 in
2129 1060 2199 1105 eo
2249 1059 2320 1104 ac
2366 1042 2559 1105 latere
2605 1044 2674 1104 tu

382 1145 571 1210 deum
618 1146 813 1209 dicis?
860 1149 926 1209 at
970 1163 1095 1210 non
1140 1143 1259 1209 hoc
1303 1144 1670 1229 prophetae,
1717 1164 1842 1236 non
1873 1146 2282 1228 patriarchae,
2331 1165 2456 1210 non
2502 1147 2676 1209 deni-

384 1269 503 1332 que
562 1252 661 1316 lex
721 1251 1017 1314 uniuersa
1073 1251 1395 1334 praedixit.
1488 1269 1614 1314 non
1679 1250 1974 1315 dicebant
2034 1251 2200 1314 enim
2259 1252 2674 1331 latitaturum,

384 1355 487 1438 qui
543 1359 883 1419 uenturum
945 1355 1239 1419 omnibus
1300 1354 1764 1439 praedicebant.
1861 1373 2049 1435 erraS,
2111 1355 2324 1420 infelix
2386 1355 2674 1436 caecitaS,

383 1477 603 1523 causas
646 1459 1130 1543 blasphemandi
1175 1477 1481 1542 quaerens
1538 1463 1604 1524 et
1663 1478 1789 1524 non
1848 1459 2198 1524 inuenienS.
2276 1463 2344 1523 tu
2393 1479 2538 1524 eum
2583 1461 2675 1524 la-

381 1564 577 1627 tuisse
641 1564 831 1628 etiam
875 1568 1019 1646 post
1080 1565 1423 1628 aduentum
1484 1583 1671 1629 suum
1718 1564 1902 1628 dicis:
1966 1583 2080 1647 ego
2145 1583 2288 1628 eum
2343 1583 2460 1628 nec
2504 1565 2674 1647 prius

382 1668 635 1751 quidem
680 1669 939 1734 latuisse
984 1669 1321 1753 comprobo
1369 1689 1557 1752 quam
1599 1670 1858 1734 ueniret.
1930 1669 2236 1752 numquid
2267 1669 2434 1733 enim
2480 1670 2676 1753 patri-

382 1773 640 1838 archam
683 1775 863 1838 illum
910 1774 1225 1855 eximium,
1272 1775 1372 1838 cui
1417 1775 1800 1839 uocabulum
1830 1773 1987 1838 uisio
2035 1775 2133 1837 dei
2177 1775 2526 1856 praesentis
2557 1775 2678 1838 im-

381 1879 611 1962 posuit,
644 1879 749 1961 qui
780 1898 854 1943 ex
885 1879 1374 1962 subplantatoris
1407 1879 1660 1944 nomine
1692 1878 1756 1942 in
1791 1879 2086 1942 Israhelis
2119 1897 2349 1943 nomen
2375 1879 2674 1958 ascendit,

383 1983 685 2065 numquid
732 1987 1199 2048 sacramentum
1245 1984 1549 2048 nascituri
1580 2003 1653 2048 ex
1684 1983 1928 2070 uirgine
1973 1983 2076 2047 dei
2119 1984 2347 2048 latuit?
2397 1984 2500 2064 qui
2531 2001 2676 2046 cum

384 2088 749 2170 mysterium
798 2089 1048 2152 futurae
1102 2089 1551 2153 incarnationis
1609 2108 1683 2152 ex
1728 2088 2190 2152 concertatione
2235 2089 2530 2152 luctantis
2577 2107 2676 2152 se-

384 2210 529 2255 cum
582 2192 855 2256 hominis
918 2194 1299 2277 agnouisset,
1360 2193 1547 2274 uidi,
1609 2194 1832 2275 inquit,
1895 2193 2111 2258 deum
2172 2193 2364 2257 facie
2427 2193 2514 2256 ad
2574 2193 2678 2256 fa-

384 2297 598 2378 ciem,
647 2302 720 2362 et
765 2299 977 2362 salua
1013 2298 1219 2363 facta
1258 2303 1372 2363 est
1412 2299 1660 2363 anima
1698 2317 1875 2364 mea.
1931 2299 2098 2380 quid,
2131 2317 2382 2380 quaeso,
2415 2297 2676 2378 uiderat,

382 2405 455 2466 ut
498 2401 729 2466 uidisse
778 2421 845 2467 se
892 2403 1079 2467 deum
1126 2403 1449 2468 crederet?
1512 2403 1818 2486 numquid
1875 2403 2038 2468 inter
2082 2403 2336 2486 fulgura
2395 2423 2463 2466 se
2511 2403 2566 2466 ei
2612 2404 2676 2466 et

380 2508 654 2571 tonitrua
699 2509 851 2572 deus
897 2509 1161 2592 protulit
1208 2512 1317 2573 aut
1360 2513 1637 2574 reserato
1683 2509 2061 2573 intrinsecus
2109 2510 2280 2573 caelo
2339 2526 2674 2573 coruscans

382 2631 448 2675 se
498 2611 553 2676 ei
598 2613 786 2677 facies
834 2614 1179 2678 diuinitatis
1225 2614 1537 2680 ostendit?
1585 2613 1743 2678 nihil
1789 2615 2002 2696 utique
2049 2632 2286 2695 eorum,
2349 2614 2458 2677 sed
2506 2634 2539 2677 e
2585 2613 2677 2677 di-

380 2734 565 2780 uerso
626 2716 830 2801 magis
885 2718 1042 2782 uidit
1087 2718 1409 2783 hominem
1466 2722 1530 2782 et
1584 2718 1846 2801 agnouit
1891 2719 2096 2782 deum.
2175 2736 2210 2781 0
2257 2738 2404 2781 uere
2449 2718 2675 2801 dignus

382 2820 633 2904 indepto
696 2821 947 2885 nomine
1009 2826 1073 2886 et
1132 2824 1241 2904 qui
1300 2823 1700 2888 interioribus
1763 2824 1966 2906 magis
2023 2840 2208 2904 quam
2271 2822 2676 2886 exterioribus

382 2926 579 2989 oculis
612 2925 901 2991 uocabuli
948 2946 987 2990 a
1032 2926 1145 2991 deo
1192 2928 1323 2992 dati
1354 2927 1585 2991 meruit
1631 2927 2024 3011 dignitatem.
2081 2928 2428 2991 luctantem
2461 2946 2672 2991 secum

382 3032 725 3094 humanam
788 3031 1063 3114 speciem
1122 3031 1378 3096 uidebat
1439 3035 1502 3096 et
1562 3032 1774 3095 uidere
1831 3052 1896 3095 se
1953 3032 2143 3096 deum
2187 3030 2672 3115 protestabatur.

384 3134 624 3199 sciebat
668 3136 901 3218 utique,
950 3136 1112 3219 quod
1158 3136 1269 3201 illa
1312 3136 1588 3201 hominis
1621 3137 1859 3219 species
1910 3137 2008 3199 dei
2039 3137 2270 3201 ueritas
2307 3139 2459 3217 erat,
2507 3138 2674 3218 quia,

381 3242 447 3303 in
494 3258 619 3323 qua
664 3244 813 3304 tunc
860 3244 995 3305 erat
1040 3242 1245 3324 specie
1292 3241 1445 3305 deus
1492 3242 1687 3323 uisuS,
1747 3242 1812 3305 in
1876 3260 1950 3305 ea
2010 3246 2144 3305 erat
2205 3242 2434 3325 speciei
2477 3242 2674 3325 ipsius

2724 2409 2758 2464 3

382 3347 601 3427 postea
644 3346 910 3409 ueritate
956 3349 1281 3410 uenturus.
1360 3365 1744 3430 quamquam
1791 3346 1939 3429 quid
1985 3347 2304 3429 miremur,
2361 3348 2414 3411 si
2458 3351 2670 3412 tantus
2719 3355 2756 3409 4

380 3449 738 3531 patriarcha
784 3450 1209 3515 indubitanter
1254 3451 1516 3516 credidit
1561 3451 1729 3534 quod
1785 3452 1839 3517 ei
1894 3452 2028 3535 ipse
2072 3470 2184 3535 per
2230 3470 2297 3517 se
2344 3453 2498 3517 deus
2543 3456 2676 3517 tam

594 3683 682 3754 16]
723 3683 855 3740 een.
881 3687 967 3749 32,
994 3688 1078 3741 30.

472 3888 498 3941 1
536 3886 661 3954 post
695 3884 898 3955 ortum]
936 3886 1119 3953 pastor
1152 3886 1335 3938 tamen
1366 3885 1471 3954 (tii)
1495 3887 1571 3941 M
1671 3889 1704 3942 2
1741 3888 1797 3939 et
1829 3892 1955 3941 ante
1979 3885 2204 3939 terrenis
2237 3904 2339 3943 om.
2365 3888 2441 3942 M
2535 3888 2570 3942 4
2603 3884 2674 3941 si-

376 3971 516 4025 lebit
541 3976 609 4042 p¹
734 3976 767 4027 6
805 3972 879 4041 at]
920 3988 991 4025 an
1026 3973 1102 4028 M
1207 3975 1237 4027 7
1275 3972 1559 4027 latiturum
1597 3974 1673 4028 Μ
1779 3976 1814 4029 8
1849 3974 1972 4041 quia
2009 3975 2085 4029 M
2189 3973 2574 4042 praedicabant
2607 3976 2683 4030 M

380 4062 449 4115 10
484 4074 611 4127 ergo
650 4060 719 4115 N
844 4061 905 4115 11
946 4075 1069 4113 cum
1106 4058 1273 4129 probo
1302 4078 1347 4130 p
1427 4059 1664 4129 approbo
1698 4062 1799 4115 Mv
1921 4060 2226 4128 patriarcha
2260 4062 2326 4115 N
2447 4064 2512 4117 13
2549 4062 2674 4116 sub-

376 4145 643 4215 plantoris
666 4147 738 4201 M
838 4144 1001 4200 utrm
1021 4148 1097 4201 Μ
1158 4146 1361 4200 israelis
1389 4164 1435 4217 p
1545 4150 1610 4204 14
1636 4146 1880 4215 nunquid
1904 4149 1980 4203 M
2079 4151 2144 4204 15
2181 4148 2482 4202 misterium
2508 4150 2674 4219 NMp

377 4232 465 4302 ex]
502 4236 559 4286 et
594 4234 663 4288 N
762 4234 828 4289 16
864 4232 997 4287 dfim
1024 4235 1099 4289 M
1200 4237 1265 4291 18
1301 4250 1355 4288 se
1390 4240 1517 4289 ante
1554 4234 1715 4287 deum
1752 4252 1853 4291 om.
1879 4236 1955 4290 M
2051 4234 2264 4303 fulgora
2298 4236 2382 4291 N¹
2491 4239 2556 4293 19
2592 4253 2674 4291 re-

378 4322 623 4389 separato
659 4321 728 4376 N
844 4323 915 4376 22
938 4320 1179 4389 inde'pto
1215 4323 1290 4376 M
1399 4324 1469 4377 23
1502 4321 1772 4376 uocabula
1797 4365 1807 4376 .
1838 4364 1850 4376 .
1878 4365 1889 4377 .
1917 4322 2048 4376 datu
2084 4325 2160 4378 M
2269 4321 2570 4391 dignitante
2606 4325 2684 4380 M

376 4407 620 4461 luctante
655 4409 731 4463 M
827 4410 896 4463 26
933 4408 1146 4477 speciei]
1188 4408 1359 4477 specie
1395 4412 1501 4479 ΜΡ
1607 4412 1673 4465 27
1713 4410 1855 4478 quod
1893 4412 1959 4465 N
2061 4412 2130 4467 28
2165 4426 2261 4479 per
2297 4428 2352 4464 se
2388 4430 2488 4467 om.
2521 4430 2565 4483 p

487 4510 617 4553 xvn.
647 4512 762 4553 cus.
785 4515 822 4553 1.
2291 4504 2355 4551 31
