3167 4975
1162 427 1317 481 lust.
1358 427 1465 482 lib.
1508 428 1575 485 11.
1621 430 1836 484 15—-18.
2559 431 2636 492 31

354 605 708 687 apostolum
770 603 931 668 tradi
978 603 1269 684 Satanae,
1332 607 1395 667 et
1441 605 1728 686 quisquis
1775 605 2043 668 orationi
2087 605 2243 684 eiuS,
2307 609 2642 687 antequam

352 709 689 791 recipiatur
737 727 773 772 a
819 709 1081 788 seniore,
1138 707 1602 772 inconsiderata
1645 709 1879 792 pietate
1925 713 2247 792 permotus
2297 710 2646 774 communi-

354 832 494 876 care
562 813 1073 896 praesumpserit,
1143 813 1491 896 conplicem
1560 833 1628 876 se
1696 813 2119 878 damnationis
2190 814 2324 878 eius
2393 815 2644 894 efficiat,

354 919 609 981 tradens
657 917 895 981 scilicet
958 921 1159 981 semet
1204 917 1414 1001 ipsum
1468 918 1822 981 uoluntarie
1869 916 2160 998 Satanae,
2222 919 2322 982 cui
2369 919 2474 982 ille
2535 937 2644 1001 pro

272 1037 299 1076 τι
355 1023 452 1086 sui
513 1026 722 1086 reatus
784 1022 1221 1087 emendatione
1282 1022 1489 1086 fuerat
1535 1022 1904 1105 deputatus:
1967 1022 2031 1086 in
2079 1041 2149 1086 eo
2213 1024 2311 1087 uel
2375 1025 2644 1087 maxime

246 1571 299 1610 lo

240 2616 299 2655 20

352 1127 608 1210 grauius
658 1127 895 1190 crimen
940 1127 1286 1206 incurre11S‚
1333 1127 1499 1208 quod
1531 1145 1676 1190 cum
1726 1127 1832 1191 illo
1867 1146 1932 1190 se
1979 1128 2081 1191 uel
2117 1127 2644 1193 confabulationis

352 1231 454 1294 uel
514 1231 813 1295 orationis
870 1232 1307 1296 communione
1356 1231 1676 1294 miscendo
1739 1231 2040 1294 maiorem
2088 1231 2181 1295 illi
2233 1237 2490 1314 generet
2551 1233 2646 1296 in-

355 1336 657 1399 solentiae
704 1335 988 1399 fomitem
1052 1339 1115 1399 et
1161 1336 1624 1399 contumaciam
1687 1335 2108 1417 delinquentis
2157 1335 2220 1398 in
2267 1337 2446 1418 peius
2495 1355 2644 1400 enu-

355 1441 521 1504 triat.
594 1441 1015 1523 perniciosum
1064 1459 1335 1523 namque
1399 1440 1702 1505 solacium
1751 1439 2034 1504 tribuens
2097 1459 2200 1504 cor
2247 1441 2380 1504 eius
2443 1442 2645 1524 magis

354 1545 681 1628 magisque
743 1547 931 1609 faciet
990 1545 1269 1608 indurari
1330 1564 1443 1608 nec
1502 1545 1829 1608 humiliari
1889 1565 2032 1608 eum
2095 1545 2277 1624 sinet,
2341 1544 2418 1608 ob
2483 1547 2646 1626 quod

352 1649 559 1738 fuerat-
605 1653 991 1733 segregatuS,
1056 1652 1118 1712 et
1176 1668 1287 1732 per
1346 1649 1464 1712 hoc
1510 1649 1613 1712 uel
1675 1649 2166 1732 increpationem
2215 1650 2474 1713 senioris
2523 1635 2644 1714 non

354 1754 566 1838 magni
614 1755 882 1837 pendere
928 1754 1028 1817 uel
1078 1753 1550 1818 dissimulanter
1597 1755 1672 1817 dc
1721 1753 2150 1818 satisfactione
2205 1758 2269 1817 et
2314 1755 2502 1818 uenia
2546 1773 2649 1818 co-

352 1859 570 1942 gitare.

439 1963 641 2026 XVII.
689 1963 754 2025 Is
803 1967 1035 2043 aut-em,
1085 1962 1183 2026 cui
1230 1962 1507 2046 religiosi
1555 1967 1902 2026 conuentus
1952 1965 2356 2028 commonitio
2405 1965 2503 2028 uel
2548 1984 2648 2046 sy—

276 2091 299 2129 ·›
356 2085 583 2131 naxeos
631 2084 781 2130 cura
824 2067 1262 2146 committitur,
1311 2085 1437 2131 non
1484 2068 1725 2150 passim
1770 2071 1840 2130 ut
1886 2067 2140 2131 libitum
2189 2073 2430 2132 estnec
2463 2073 2648 2151 prout

356 2175 537 2235 nocte
593 2171 783 2235 fuerit
830 2173 1302 2254 expergefaetus
1361 2175 1469 2234 aut
1517 2172 1911 2254 oportunitas
1961 2191 2106 2235 eum
2163 2173 2369 2236 somni
2415 2174 2646 2256 proprii

354 2295 465 2340 seu
520 2275 815 2340 insomnii
872 2275 1251 2355 cohortatur,
1316 2276 1541 2339 fratres
1606 2276 1798 2340 etiam
1855 2277 1930 2339 ad
1989 2277 2333 2340 cotidianas
2395 2277 2646 2360 uigilias

355 2381 736 2444 exsuscitare
797 2381 1165 2464 praesumit,
1230 2381 1359 2459 sed,
1423 2381 1716 2460 quamuis
1780 2399 1924 2443 eum
1985 2382 2370 2444 consuetudo
2426 2382 2648 2445 diurna

354 2485 509 2549 hora
569 2484 753 2549 solita
815 2485 1112 2569 euigilare
1174 2485 1506 2568 conpellat,
1572 2490 1785 2549 tamen
1843 2485 2108 2549 sollicite
2166 2485 2647 2568 frequenterque

354 2590 683 2654 stellarum
731 2609 915 2653 cursu
962 2589 1412 2673 praestitutum
1459 2590 1963 2673 congregationis
2021 2594 2271 2672 tempus
2320 2591 2648 2673 explorans

354 2695 431 2758 ad
491 2695 844 2759 orationum
907 2712 1011 2757 eos
1069 2694 1299 2759 inuit-at
1354 2693 1653 2774 officium,
1717 2714 1793 2757 ne
1851 2694 1912 2758 in
1969 2699 2233 2775 utroque
2289 2696 2648 2759 inueniatur

352 2800 664 2879 incautus,
705 2799 757 2863 si
800 2800 898 2862 uel
944 2799 1280 2881 obpressus
1315 2816 1533 2862 somno
1566 2802 1875 2862 statutam
1909 2799 2109 2862 noctis
2151 2800 2648 2883 transgrediatur

351 2903 573 2968 horam
612 2905 713 2967 uel
756 2904 1019 2967 eandem
1060 2905 1443 2967 dormiturus
1486 2908 1674 2985 atque
1715 2903 1793 2966 ad
1836 2921 2128 2968 somnum
2171 2904 2439 2967 festinus
2483 2906 2646 2968 anti-

351 3010 537 3092 cipet,
585 3012 648 3073 et
694 3028 817 3073 non
860 3012 993 3073 tam
1034 3008 1239 3073 officio
1280 3009 1547 3091 spiritali
1590 3009 1690 3071 uel
1735 3008 1928 3090 quieti
1969 3009 2252 3073 omnium
2294 3010 2644 3072 deseruisse

350 3132 542 3195 quam
590 3114 824 3195 requiei
874 3132 1022 3177 suae
1070 3113 1453 3177 satisfecisse
1501 3113 1806 3176 credatur.

439 3218 674 3281 XVIII.
722 3218 859 3282 Hoc
905 3236 1150 3299 quoque
1198 3236 1381 3281 nosse
1430 3217 1732 3280 debemus
1781 3236 1818 3280 a
1863 3236 2127 3300 uespera
2167 3217 2436 3298 sabbati,
2485 3236 2644 3299 quae

349 3322 612 3386 lucescit
641 3322 708 3386 in
740 3322 905 3385 diem
939 3322 1345 3401 dominicum,
1379 3341 1575 3403 usque
1610 3321 1672 3385 in
1708 3340 2034 3405 uesperam
2069 3327 2435 3403 sequentem
2479 3323 2644 3405 apud

564 3460 615 3527 1]
655 3460 722 3513 ef.
762 3460 789 3512 I
828 3460 945 3514 Cor.
973 3463 1021 3521 5,
1050 3464 1097 3514 5.

442 3604 466 3655 1
509 3598 807 3667 apostolum
846 3601 988 3654 HL:
1033 3599 1257 3669 apostoli
1296 3599 1618 3653 sententiam
1661 3600 1746 3653 Ge>
1790 3602 1860 3667 ct'.
1897 3600 1944 3665 1,
1978 3605 2029 3667 9,
2053 3606 2104 3653 2.
2133 3601 2283 3667 1111,
2309 3604 2392 3653 34.
2428 3601 2490 3668 V,
2515 3604 2566 3667 2,
2591 3604 2642 3653 2.

350 3692 400 3753 4,
424 3692 474 3742 2.
510 3688 605 3755 VI,
632 3694 679 3741 6.
708 3688 850 3753 XII,
874 3692 961 3755 27,
988 3692 1018 3741 1
1128 3690 1160 3741 3
1186 3686 1401 3755 dampu.
1425 3688 1479 3741 L
1589 3690 1622 3739 6
1647 3686 1692 3739 si
1722 3688 1772 3741 G
1845 3684 1930 3739 uel
1947 3693 2076 3755 post
2101 3703 2155 3739 se
2181 3704 2281 3743 om.
2310 3688 2426 3741 HL
2521 3703 2644 3740 con-

351 3773 706 3827 fabulationes
732 3776 807 3828 L1
904 3778 933 3830 7
962 3774 1047 3827 uel
1072 3774 1326 3827 orationis
1352 3792 1452 3830 01η.
1475 3775 1527 3828 L
1626 3773 2004 3827 communione*-
2028 3774 2102 3828 G²
2175 3774 2542 3827 commonione
2566 3776 2642 3828 L¹

350 3864 385 3917 8
411 3861 797 3915 contumatiam
822 3862 875 3915 L
982 3862 1186 3915 nutriat
1215 3862 1266 3915 (τ’
1372 3866 1404 3917 9
1431 3861 1682 3917 solatium
1708 3862 1762 3916 L
1865 3860 2038 3928 magis
2065 3862 2338 3928 magisque
2370 3862 2448 3915 G.-
2473 3861 2643 3928 magis

349 3946 513 4002 faciet
550 3948 823 4016 iii-agisque
862 3950 929 4003 ΙΙ
996 3949 1165 4017 magis
1204 3966 1265 4002 ao
1304 3949 1473 4015 magis
1498 3950 1585 4003 Lv
1695 3952 1758 4003 10
1795 3948 1925 4001 sinit
1957 3950 2065 4002 HL
2173 3948 2239 4001 ob
2276 3948 2377 4001 hoc
2414 3947 2556 4015 quod
2583 3949 2652 4003 H

352 4038 417 4091 14
466 4035 589 4089 XVI
640 4036 705 4090 ΙΙ
805 4036 1153 4089 communitio
1200 4037 1283 4090 ΙΙ1
1392 4036 1636 4104 synaxios
1687 4036 1760 4089 6¹
1833 4034 2069 4088 sinaxeos
2118 4037 2184 4089 II
2291 4039 2353 4090 16
2399 4034 2638 4102 sompni*

350 4123 389 4191 (i
415 4124 571 4191 eras.)
599 4125 649 4177 L
756 4123 983 4193 propriis
1000 4140 1131 4177 eum
1157 4123 1331 4177 somni
1350 4125 1419 4179 H
1521 4126 1582 4179 17
1611 4121 1898 4191 insompnii
1917 4124 1970 4177 L
2078 4122 2261 4175 cottid.
2282 4124 2360 4175 L²
2469 4126 2533 4177 18
2560 4138 2643 4173 ex-

350 4212 516 4265 citare
564 4212 679 4266 HL
784 4214 1091 4280 praesumat
1135 4212 1211 4266 L¹
1318 4214 1387 4267 20
1432 4210 1750 4280 praestitum
1799 4210 1866 4264 11
1965 4208 2239 4277 inplorans
2277 4210 2346 4263 ΙΙ
2446 4212 2512 4263 22
2551 4224 2644 4277 op-

348 4316 569 4369 praesus
605 4300 659 4353 L
782 4301 851 4353 23
888 4314 1170 4366 sompnum
1211 4299 1265 4353 L
1354 4298 1620 4365 anteeipet
1661 4298 1727 4351 II
1843 4298 1912 4350 26
1951 4295 2104 4349 XVII
2144 4298 2212 4349 II
2313 4313 2528 4364 uespere.
2570 4298 2642 4349 6¹

348 4389 419 4445 27
458 4402 621 4455 usque
662 4386 715 4439 111
757 4386 866 4441 Gr.-
902 4402 1067 4453 usque
1104 4384 1173 4438 ad
1212 4387 1355 4441 1ch
1392 4392 1441 4439 et
1480 4386 1660 4440 Paris.
1698 4388 1805 4439 260

2229 4471 2329 4523 10*
