3167 4975
554 424 683 490 270
1369 415 1685 477 Iohannis
1731 422 2035 479 Cassiani

556 601 915 681 scriptum
993 603 1107 663 est
1182 601 1403 664 enim:
1478 600 1650 664 uiuo
1727 618 1890 682 ege,
1967 600 2151 664 dicit
2225 599 2600 678 dominuS,
2676 600 2848 680 quia

554 706 735 769 mihi
780 706 1045 769 flectet
1090 722 1305 769 omne
1350 723 1572 787 genu,
1637 707 1709 767 et
1754 705 1995 768 omnis
2041 705 2302 787 lingua
2347 702 2845 767 confitebitur

554 812 703 875 deo.
779 811 955 875 uides
1017 827 1163 893 ergo
1208 828 1405 874 unum
1453 812 1638 891 atque
1683 809 1850 872 idem
1896 809 2172 873 tribunal
2221 809 2318 872 dei
2363 808 2648 872 futurum
2707 827 2846 871 esse

555 916 717 999 quod
764 915 1014 981 Christi.
1090 915 1387 997 intellege
1452 932 1601 997 ergo
1659 913 2091 978 indubitanter
2137 912 2452 978 Christum
2517 912 2722 993 deum,
2785 914 2850 975 et

554 1021 660 1086 ubi
718 1022 895 1085 uides
939 1019 1425 1103 inseparabilem
1473 1018 1706 1084 Christi
1769 1036 1841 1081 ac
1887 1018 1986 1081 dei
2046 1036 2184 1082 esse
2249 1015 2690 1096 substantiam,
2749 1017 2846 1079 in·
2925 1043 2952 1081 5

555 1124 971 1208 separabilem
1032 1143 1271 1206 quoque
1334 1141 1602 1207 agnosce
1665 1142 1800 1186 esse
1859 1140 2225 1206 personam:
2287 1122 2410 1185 nisi
2461 1121 2642 1201 forte,
2705 1122 2848 1202 quia

556 1230 873 1312 apostolus
939 1230 1005 1292 in
1073 1229 1195 1292 alia
1263 1246 1376 1291 nos
1445 1226 1940 1292 manifestandos
2017 1227 2284 1308 epistula
2359 1229 2504 1290 ante
2573 1225 2848 1289 tribunal

556 1332 810 1414 Christi,
871 1334 935 1396 in
996 1334 1121 1397 alia
1179 1335 1323 1396 ante
1386 1331 1664 1396 tribunal
1725 1330 1826 1395 dei
1881 1332 2048 1411 dixit,
2112 1330 2231 1395 duo
2294 1331 2455 1395 forte
2510 1329 2850 1393 tribunalia

552 1438 747 1501 facias
810 1440 873 1501 et
932 1437 1086 1501 alios
1131 1436 1491 1501 iudicandos
1539 1454 1578 1499 a
1623 1435 1891 1515 Christo,
1939 1436 2092 1499 alios
2139 1452 2178 1498 a
2221 1434 2336 1499 deo
2383 1452 2658 1499 censeas
2737 1432 2848 1497 sed

554 1543 711 1607 haec
754 1542 979 1606 friuola
1025 1546 1091 1605 et
1132 1541 1369 1607 furiosa
1413 1544 1562 1605 sunt
1594 1544 1658 1605 et
1685 1540 2141 1603 insanientibus
2171 1540 2508 1604 insaniora.
2579 1556 2848 1623 agnosce
2905 1564 2960 1601 ιο

559 1665 704 1731 ergo
767 1646 1048 1710 omnium
1098 1646 1441 1725 dominum,
1506 1663 1775 1728 agnosce
1833 1645 2260 1708 uniuersitatis
2306 1643 2514 1723 deum,
2579 1660 2848 1727 agnosce

556 1751 618 1815 in
672 1751 967 1815 tribunali
1029 1750 1126 1813 dei
1186 1750 1459 1814 tribunal
1507 1749 1757 1829 Christi,
1820 1766 2086 1833 agnosce
2149 1749 2212 1811 in
2273 1747 2570 1812 tribunali
2619 1745 2848 1811 Christi

553 1854 829 1920 tribunal
875 1855 993 1936 dei,
1038 1872 1185 1918 ama
1214 1854 1430 1934 uitam,
1477 1872 1624 1919 ama
1653 1855 1923 1918 salutem
1961 1856 2160 1932 tuam,
2208 1870 2352 1916 ama
2383 1870 2422 1915 a
2452 1869 2571 1934 quo
2603 1855 2847 1915 creatus

558 1980 643 2040 eS,
690 1963 899 2023 metue
946 1976 983 2022 a
1028 1976 1148 2040 quo
1194 1959 1575 2022 iudicandus.
1657 1958 1813 2021 uelis
1875 1958 2044 2022 enim
2104 1958 2284 2037 noliS,
2346 1956 2848 2020 manifestandus

554 2067 701 2127 ante
746 2063 1022 2127 tribunal
1070 2062 1299 2128 Christi
1361 2082 1426 2126 es
1473 2066 1537 2126 et
1591 2064 1865 2145 seposita
1923 2062 2264 2144 impietatis
2325 2060 2718 2143 blasphemia
2775 2078 2848 2123 ac
2911 2090 2965 2127 15

554 2167 889 2233 uerborum
935 2168 1281 2232 infidelium
1328 2168 1659 2248 cantilena,
1708 2168 1761 2230 si
1807 2166 1975 2231 aliud
2019 2170 2203 2249 putas
2250 2166 2528 2231 tribunal
2573 2166 2673 2229 dei
2713 2184 2851 2230 esse

557 2292 744 2356 quam
792 2273 1042 2353 Christi,
1103 2274 1317 2337 uenies
1380 2276 1524 2335 ante
1570 2271 1842 2336 tribunal
1893 2269 2124 2335 Christi
2185 2275 2250 2335 et
2296 2271 2576 2334 inuenies
2635 2272 2850 2351 utique

557 2378 930 2442 documento
988 2377 1402 2458 inexplicabili
1464 2377 1672 2457 ipsum
1717 2374 1993 2440 tribunal
2053 2375 2150 2439 dei
2213 2394 2351 2439 esse
2405 2375 2568 2457 quod
2614 2373 2850 2439 Christi

556 2486 874 2566 totamque
920 2484 986 2547 in
1038 2482 1164 2546 filio
1211 2482 1310 2545 dei
1358 2480 1604 2546 Christo
1666 2486 1728 2545 et
1773 2481 1882 2546 filii
1929 2480 2026 2544 dei
2087 2482 2487 2546 maiestatem
2547 2485 2611 2544 et
2652 2480 2846 2562 patris

558 2589 657 2652 dei
701 2589 1065 2670 potentiam.
1145 2605 1285 2651 non
1347 2588 1539 2650 enim
1584 2591 1798 2669 pater
1852 2587 2135 2650 iudicat
2191 2603 2656 2668 quemquam,
2718 2584 2850 2648 sed
2907 2613 2965 2652 20

554 2693 912 2756 iudicium
994 2708 1206 2755 omne
1283 2691 1487 2755 dedit
1557 2691 1750 2773 filio,
1836 2694 1916 2754 ut
1998 2709 2254 2755 omnes
2339 2690 2850 2755 honorificent

556 2797 802 2860 filium
850 2797 1045 2860 sicut
1088 2795 1602 2860 honorificant
1645 2800 1953 2878 patrem.
2023 2796 2130 2878 qui
2160 2795 2328 2859 enim
2359 2797 2552 2878 negat
2579 2797 2848 2877 patrem,

558 2903 623 2965 et
666 2901 885 2965 filium.
963 2902 1201 2964 omnis
1258 2901 1381 2983 qui
1440 2903 1668 2983 negat
1727 2899 2002 2980 filium,
2064 2917 2198 2962 nec
2243 2903 2530 2983 patrem
2590 2897 2844 2962 habet:

555 3006 678 3087 qui
722 3005 1133 3070 confitetur
1174 3005 1453 3085 filium,
1500 3009 1572 3069 et
1617 3009 1902 3087 patrem
1947 3003 2195 3068 habet.
2287 3004 2452 3068 disce
2499 3004 2707 3085 itaque
2753 3003 2850 3066 in-

556 3109 969 3191 separabilem
1018 3129 1154 3184 esse
1198 3111 1394 3192 patris
1459 3128 1531 3173 ac
1576 3109 1687 3172 filii
1733 3110 2056 3190 honorem,
2117 3107 2600 3191 inseparabilem
2645 3107 2848 3190 digni·
2909 3133 2965 3172 εὖ

554 3217 772 3293 tatem,
819 3232 1021 3295 neque
1066 3214 1353 3279 honorari
1398 3213 1596 3277 filium
1643 3215 1776 3278 sine
1821 3217 2000 3297 patre
2047 3231 2163 3277 nec
2207 3218 2450 3296 patrem
2495 3230 2680 3294 posse
2713 3211 2846 3275 sine

556 3317 702 3381 filie.
780 3317 1083 3382 honorare
1128 3322 1338 3382 autem
1386 3317 1572 3381 deum
1619 3337 1691 3382 ac
1737 3319 1834 3382 dei
1878 3318 2079 3398 filium
2126 3319 2246 3380 nisi
2292 3316 2355 3380 in
2403 3315 2650 3381 Christo
2707 3315 2848 3378 uni-

556 3423 767 3504 genito
814 3423 911 3484 dei
956 3421 1082 3485 fflio
1128 3423 1335 3486 nullus
1382 3423 1571 3503 ualet,
1622 3423 1766 3504 quia
1811 3423 2099 3505 spiritum
2147 3422 2354 3504 ipsum
2394 3421 2607 3502 utique
2651 3420 2850 3485 hono-

762 3601 855 3671 20]
892 3601 1006 3656 Ioh.
1034 3605 1081 3666 5,
1109 3604 1329 3658 22-23.
1438 3603 1531 3671 23]
1568 3602 1598 3656 1
1632 3603 1748 3656 Ioh.
1775 3605 1824 3667 2,
1852 3605 1934 3658 23.

645 3769 679 3822 2
704 3766 948 3821 flectetur
970 3769 1108 3837 Mpv
1131 3767 1343 3838 (Παῖς.)
1449 3766 1792 3821 confitebitur
1821 3766 1995 3820 omnis
2019 3765 2205 3835 lingua
2228 3767 2329 3822 Mv
2431 3768 2467 3822 4
2500 3769 2556 3820 et
2589 3765 2756 3820 sicubi
2780 3765 2860 3821 M

554 3857 585 3910 5
610 3853 1017 3924 inseparabilem
1040 3855 1167 3924 Np:
1200 3855 1470 3923 geminam
1498 3855 1716 3925 penitus
1741 3855 1817 3908 Μ
1879 3853 2292 3922 inseparabilem
2316 3853 2528 3923 penitus
2553 3871 2586 3909 υ
2673 3857 2704 3909 7
2737 3853 2849 3922 epi-

552 3940 691 3996 stola
723 3942 863 3997 NM
936 3943 1059 4010 epla
1086 3957 1131 4012 p
1237 3944 1270 3998 8
1308 3940 1706 3996 tribu**na*ali
1741 3941 1810 3996 N
1914 3944 1980 3997 10
2017 3939 2213 3995 fribola
2246 3941 2316 3996 N
2418 3942 2483 3997 12
2518 3941 2576 3994 in
2613 3939 2848 3994 tribunal

554 4027 639 4082 dei
675 4029 743 4084 N
878 4035 1004 4084 ante
1038 4044 1263 4098 agnosce
1297 4029 1367 4084 N
1396 4031 1558 4084 iterat
1593 4030 1764 4084 uerba
1800 4027 2046 4096 Agnosce
2081 4028 2137 4081 in
2175 4027 2432 4082 tribunali
2479 4026 2566 4081 dei
2613 4027 2849 4082 tribunal

552 4116 743 4170 christi
850 4119 913 4172 14
952 4118 1159 4170 metuao
1194 4117 1262 4172 N
1362 4133 1415 4170 es
1452 4115 1770 4169 iudicandus
1799 4133 1843 4185 p
1879 4114 1989 4168 iud.
2027 4131 2082 4168 es
2119 4133 2152 4170 v
2261 4117 2324 4170 17
2361 4115 2542 4168 uenies
2589 4117 2712 4168 ante
2747 4115 2846 4168 tri-

552 4202 718 4257 bunal
756 4203 957 4258 Christi
1002 4221 1101 4259 om.
1140 4204 1217 4258 M
1351 4206 1415 4259 18
1462 4201 1842 4256 documentum
1889 4201 2258 4270 inexplicabile
2293 4203 2372 4256 M
2502 4204 2569 4257 20
2613 4205 2846 4270 potesta—

552 4293 663 4344 tem
701 4293 801 4346 Mv
913 4305 1217 4358 quenquam
1252 4291 1327 4345 M
1430 4293 1496 4346 21
1534 4305 1690 4343 omne
1727 4288 1988 4343 iudicium
2024 4290 2124 4358 ΝΡ
2159 4289 2373 4359 (Uulq.)
2477 4291 2548 4344 23
2584 4291 2636 4341 et
2669 4287 2844 4342 filium

554 4380 713 4446 negat
737 4379 813 4432 M
910 4380 978 4432 26
1013 4377 1281 4430 honorant
1316 4378 1382 4431 N
1484 4393 1652 4444 neque
1687 4379 1896 4446 patrem
1933 4377 2009 4430 M
