3167 4975
1018 448 1368 503 uerborum
1406 456 1466 504 et
1505 450 1967 505 elocutionum.
2534 449 2658 515 501

322 621 585 691 praebitio
632 622 787 676 solita
833 625 874 677 Ι
911 622 1050 688 ΙΠΙ,
1092 626 1174 679 21.
1228 624 1379 693 panis
1424 624 1496 695 ΟΙ

430 691 611 755 VIIII,
637 695 719 755 21,
740 694 787 747 2.
828 709 950 746 cum
983 694 1031 745 ei
1054 693 1185 747 haec
1209 692 1466 762 praebitio

432 762 621 815 merito
649 760 929 815 deberetur
954 761 1155 826 XVIII,
1185 766 1264 826 11,
1284 765 1332 817 3.
1372 779 1466 817 110-

1627 623 1756 677 dum
1810 624 1987 692 aliqua
2039 624 2228 677 fuisset
2283 624 2662 679 constitutione

1625 694 1869 761 praefixa.
1908 692 2052 757 XXI,
2090 696 2140 757 5,
2167 697 2199 748 6
2237 693 2304 747 ad
2341 709 2474 762 quae
2511 710 2662 763 prae-

1625 762 1760 816 fixae
1796 762 1931 831 legis
1967 763 2250 817 seueritate
2288 766 2568 831 coguntur.

432 833 571 883 strae
609 831 937 884 necessitatis
961 830 1193 895 XXIIII,
1235 835 1357 895 1,2;
1396 834 1463 900 cf.
1521 832 1889 900 praefigurare.
1946 833 1987 886 Ι
2013 832 2067 896 1,
2107 836 2160 895 1,
2195 835 2228 887 2
2265 832 2354 900 qui
2400 832 2457 886 iu
2493 833 2664 886 ueteri

435 902 520 963 11,
542 903 575 954 2
600 907 651 955 et
672 902 719 955 4.
759 904 1041 968 parentum
1080 904 1160 963 12,
1190 905 1233 956 1.

324 985 513 1038 praece
552 969 626 1022 tio
674 992 735 1014 =
784 970 945 1023 iussio
1001 969 1048 1024 C
1086 969 1249 1033 XIII,
1300 974 1378 1034 15,
1415 973 1462 1025 3.

434 1038 481 1091 Χ
531 1038 577 1102 Ι,
618 1040 696 1093 15.
735 1038 878 1102 XXI,
920 1041 1000 1103 14,
1026 1042 1074 1094 2.

322 1122 683 1177 praecessores
718 1108 888 1161 nostri
933 1108 979 1163 Ο
1008 1108 1240 1172 XVIIII,
1278 1112 1325 1173 6,
1352 1112 1399 1163 3.

322 1176 735 1245 praecipitanter
771 1177 942 1231 fertur
986 1178 1051 1231 ad
1099 1178 1233 1233 uitia
1277 1194 1466 1232 concu-

428 1246 687 1327 piscentia
721 1248 895 1301 carnis
940 1247 987 1302 G
1013 1246 1149 1311 IIII,
1189 1250 1267 1309 11,
1294 1251 1341 1302 2.

322 1331 637 1384 praecipuus
656 1315 895 1369 omnium
912 1316 1175 1371 iustorum
1204 1316 1251 1371 Ο
1262 1316 1465 1381 XXIII,

430 1388 479 1447 5,
504 1386 566 1447 3;
604 1387 671 1454 cf.
712 1384 945 1439 eximius.

322 1470 778 1534 praecognoscere.
818 1456 860 1509 Ι
886 1454 1017 1519 ΙΙΙΙ,
1044 1458 1074 1509 7
1113 1456 1169 1508 111
1206 1471 1269 1507 ea
1292 1455 1464 1522 (insti-

430 1523 657 1589 tutione)
700 1521 789 1576 lon
830 1540 863 1576 a
906 1524 1279 1579 exercitatione
1316 1540 1465 1593 prae-

428 1592 689 1661 cognitus,
718 1592 765 1647 0
836 1592 955 1657 VII,
980 1596 1060 1656 25,
1086 1595 1150 1648 14
1172 1610 1294 1647 011111
1322 1594 1392 1647 sit
1416 1594 1463 1647 ei

1627 904 1946 955 testamento
1982 901 2310 969 uirginitatis
2334 900 2488 954 flores
2513 918 2661 969 prae—

1627 970 1906 1038 figurabat.
1967 974 2012 1034 1,
2043 974 2074 1025 5
2121 974 2183 1025 ut
2226 974 2380 1039 gestu
2429 970 2662 1038 corporis

1627 1040 1708 1093 sui
1745 1040 2004 1109 passionis
2029 1040 2140 1093 eius
2163 1040 2546 1108 praefiguraret
2582 1040 2663 1093 in-

1627 1109 1805 1163 iurias.
1868 1112 1898 1163 7
1955 1109 2050 1177 qui
2100 1108 2445 1189 professionis
2505 1109 2662 1162 huius

1625 1178 2048 1247 praefigurauere
2075 1178 2243 1231 lineas
2279 1179 2386 1231 iam
2412 1180 2470 1232 in
2497 1179 2662 1231 ueteri

1625 1248 1959 1301 testamento.
2007 1246 2054 1301 0
2081 1247 2264 1311 XIIII,
2301 1251 2350 1311 8,
2375 1250 2408 1302 2
2445 1264 2506 1301 ea
2530 1264 2662 1315 quae

1624 1317 1681 1370 in
1718 1317 1942 1371 ueritate
1979 1320 2130 1385 gesta
2165 1320 2291 1371 sunt
2328 1317 2545 1370 alterius
2583 1334 2663 1369 sa-

1626 1387 1882 1440 cramenti
1921 1386 2146 1439 formam
2173 1386 2556 1455 praefigurasse
2582 1386 2660 1439 di-

1627 1458 1835 1508 cuntur.
1873 1455 2073 1519 XVIII,
2103 1458 2182 1519 15,
2209 1459 2242 1511 8
2267 1456 2323 1508 in
2357 1455 2662 1509 adulescen-

1626 1523 1702 1577 tia
1727 1541 1821 1577 sua
1839 1524 2050 1577 futurae
2076 1524 2270 1578 indolis
2293 1524 2490 1578 indicia
2514 1541 2660 1593 prae—

1626 1594 1877 1661 figurans.

428 1666 552 1715 ante
588 1664 767 1715 ortum
804 1662 1216 1731 uniuscuiusque
1252 1678 1465 1731 praeco·
1519 1662 1898 1732 praefiguratio
1970 1680 2029 1716 00
2095 1664 2200 1717 oris
2274 1668 2328 1717 et
2387 1664 2663 1731 sanguinis

428 1730 611 1797 gnitus
644 1730 781 1783 finis

324 1799 608 1867 praeconia
643 1801 907 1853 uirtutum
945 1801 986 1854 Ι
1013 1800 1107 1863 XI,
1149 1804 1230 1864 10,
1261 1805 1303 1856 1.
1346 1804 1424 1857 11.

322 1884 663 1936 praecurrere
690 1867 983 1923 aduentum
1012 1868 1213 1924 domini
1249 1871 1294 1925 Ο
1314 1870 1466 1934 VIII,

432 1941 483 2001 4,
508 1941 555 1993 2.

322 2022 631 2075 praecursor
668 2006 870 2061 domini
914 2008 961 2061 G
991 2007 1163 2071 XVII,
1189 2011 1234 2064 9.
1277 2011 1344 2064 N
1372 2008 1464 2073 VI,

430 2078 514 2140 23,
538 2078 587 2131 4.

322 2144 517 2213 praeda
548 2168 607 2189 =
636 2146 925 2215 praedatio.
973 2146 1019 2201 0
1049 2147 1113 2211 X,
1143 2149 1223 2211 11,
1247 2150 1280 2202 3
1318 2164 1371 2200 se
1398 2147 1464 2202 ab

428 2214 797 2269 insidiantium
820 2216 1019 2285 praeda
1043 2215 1307 2270 desiderat
1344 2224 1465 2271 con*

430 2284 608 2337 tutari.

1626 1731 1824 1786 Christi
1879 1732 1926 1787 0
1967 1732 2014 1785 X
2075 1733 2147 1795 II,
2195 1736 2244 1797 8,
2281 1736 2327 1787 5.
2389 1732 2456 1786 ob
2511 1750 2663 1801 prae-

1625 1802 2000 1870 figurationem
2021 1802 2340 1871 spiritalium
2368 1818 2664 1855 sacramen-

1627 1874 1806 1924 torum
1843 1870 2016 1935 XVII,
2055 1874 2134 1935 19,
2160 1874 2208 1926 4.

1520 1939 1822 2009 praefocare
1877 1940 2216 1994 cenodoxiam
2279 1940 2326 1997 G
2373 1940 2436 2003 V,
2495 1942 2575 2003 10,
2613 1942 2661 1995 4.

1625 2009 1794 2077 princi
1835 2010 1916 2063 ale
1955 2009 2126 2063 cordis
2163 2008 2284 2073 VII,
2326 2014 2405 2071 12,
2427 2012 2474 2065 3.
2513 2026 2661 2063 men-

1625 2082 1734 2132 tem
1813 2082 1987 2133 aetore
2043 2079 2296 2132 uitiorum
2351 2078 2465 2143 XX,
2521 2082 2570 2141 9,
2617 2083 2661 2134 1.

1624 2148 2075 2217 pestilentissimis
2123 2147 2326 2202 cloacae
2371 2147 2662 2203 factoribus

1625 2216 1918 2286 praefocari
1975 2218 2096 2280 XX,
2151 2220 2227 2273 10.
2293 2246 2356 2257 -
2418 2220 2460 2273 Ι
2505 2216 2575 2281 V,
2613 2220 2660 2271 6.

1635 2287 1681 2342 0
1710 2286 1913 2350 XXIII,
1943 2290 2022 2351 11,
2049 2288 2096 2341 3.

320 2352 687 2421 praedicabilis
713 2352 909 2422 ubique
928 2355 1199 2409 Scitiotica
1218 2355 1465 2410 heremus
1517 2355 1895 2425 praeiudicare.
1950 2355 1996 2411 G
2027 2356 2100 2419 II,
2142 2360 2220 2419 13,
2247 2360 2280 2412 3
2318 2372 2541 2424 quorum
2579 2373 2662 2410 ca-

436 2422 483 2476 0
514 2422 713 2488 XVIII,
755 2426 836 2488 15,
867 2428 909 2479 l.

318 2492 615 2560 praedicari
659 2494 717 2546 in
754 2493 979 2547 diuersis
1016 2494 1207 2548 studiis
1253 2511 1313 2548 ac
1357 2496 1464 2549 uir-

427 2562 632 2616 tutibus
686 2563 732 2616 0
772 2563 955 2626 XIIII,
983 2567 1029 2618 6.
1078 2581 1174 2616 nec
1217 2565 1275 2617 in
1313 2564 1465 2618 donis

428 2631 527 2695 dei,
554 2631 644 2685 sed
669 2633 847 2701 potius
872 2649 933 2685 ex
952 2633 1179 2702 propriis
1200 2635 1464 2688 uirtutum

424 2700 689 2755 fructibus
732 2701 1149 2770 praedicandum
1194 2721 1305 2756 esse
1348 2703 1463 2768 XV,

429 2773 477 2833 6,
506 2774 550 2826 1.

316 2839 645 2907 praedicatio
690 2840 736 2895 G
765 2840 889 2904 XX,
926 2845 975 2904 8,
1001 2845 1048 2896 5.
1098 2841 1386 2909 apostolica
1432 2845 1473 2897 Ι

1625 2426 1813 2479 nitiem
1872 2426 2119 2479 inimicus
2176 2426 2242 2479 ad
2299 2426 2662 2496 deceptionem

1625 2497 1892 2549 iuniorum
1938 2497 1995 2549 in
2039 2496 2401 2565 praeiudicata
2436 2497 2663 2550 auctori-

1625 2567 1736 2618 tate
1759 2581 2070 2634 proponens,
2109 2565 2233 2629 XII,
2259 2570 2306 2630 8,
2327 2569 2360 2620 2
2387 2583 2482 2619 1100
2515 2583 2662 2634 prae-

1623 2634 1872 2688 iudicatis
1908 2633 2302 2702 inexpertorum
2340 2635 2662 2688 definitioni-

1623 2703 1723 2757 bus
1748 2703 2068 2772 adquiescet.
2104 2705 2235 2758 ibid.
2258 2705 2303 2770 §.
2325 2707 2357 2758 3
2384 2721 2576 2772 quaeso
2603 2708 2660 2757 ut

1625 2790 1729 2826 non
1785 2775 1906 2826 ante
1962 2772 2325 2841 praeiudicata
2384 2772 2660 2826 nobiscum

1625 2859 1655 2895 0
1693 2842 1870 2895 11110110
1907 2842 2181 2910 disceptet.

421 2927 507 2977 pr.
544 2910 591 2976 §-
626 2913 673 2965 8.
725 2909 836 2972 ΙΙΙ,
874 2914 923 2972 9,
962 2913 1005 2966 1.
1061 2911 1303 2978 gentium
1340 2910 1463 2976 VII,
1520 2927 1646 2980 prae
1670 2928 1820 2980 egere
1865 2911 1910 2966 G
1951 2911 2023 2974 ΙΙ,
2066 2915 2145 2966 14.
2182 2911 2314 2973 IIII,
2353 2916 2398 2974 1,
2428 2914 2471 2965 1.
2510 2911 2662 2972 ΧΙῙΙ,

430 2980 508 3041 17,
533 2981 581 3032 4.
630 2979 778 3031 uerbi
814 2979 878 3043 X,
917 2982 965 3042 8,
1000 2983 1047 3034 2.
1104 2997 1135 3032 a
1172 2980 1463 3035 ostolorum

438 3047 657 3112 CXXI,
695 3051 851 3110 20,2.
894 3077 955 3087 —-
998 3048 1119 3103 NI
1152 3089 1163 3111 ,
1202 3052 1460 3111 4‚4et5.

319 3116 656 3183 praedicator
692 3117 957 3184 euangelii
993 3119 1034 3172 Ι
1062 3117 1127 3180 X,
1165 3123 1213 3182 8,
1243 3122 1287 3174 1.

318 3185 627 3252 praedurati
664 3186 951 3241 sceleribus
997 3186 1043 3241 Ο
1073 3186 1165 3250 VI,
1196 3191 1276 3251 11,
1299 3191 1329 3242 7
1368 3189 1459 3256 (cf.

426 3255 473 3322 ξ.
514 3255 581 3322 8).
646 3255 785 3309 001111
837 3256 1228 3324 praedurantur
1281 3256 1463 3322 VIIII,

322 3327 748 3462 praggtizineula
784 3395 826 3448 I
852 3393 983 3458 1111,
1026 3395 1104 3448 10.

318 3461 599 3530 praeferre.
639 3463 680 3516 Ι
707 3462 769 3526 V,
804 3465 852 3525 4,
883 3467 908 3518 1
948 3462 1081 3517 alius
1109 3463 1463 3518 continentiae

430 3531 629 3584 uirtute
677 3532 987 3600 praefertur.
1046 3530 1165 3595 VII,
1217 3535 1295 3596 17,
1335 3535 1359 3588 1
1410 3551 1463 3587 se

428 3601 561 3653 ciuis
596 3600 826 3654 Romani
864 3600 1124 3669 dignitate
1149 3601 1461 3669 praela-tum.

1631 2985 1710 3043 15,
1740 2983 1782 3036 1.
1821 2981 1994 3044 XVII,
2022 2985 2070 3044 8,
2090 2983 2138 3035 2.
2178 2985 2262 3045 25,
2289 2984 2366 3035 14.
2405 2981 2520 3043 XX,
2549 2983 2594 3045 1,
2617 2983 2662 3035 2.

1626 3049 1828 3112 XXIII,
1867 3053 1916 3112 3,
1947 3054 1990 3105 1.
2029 3053 2095 3104 Ν
2125 3049 2248 3114 VII,
2285 3053 2369 3112 30,
2395 3054 2443 3104 2.

1518 3118 1812 3188 praelibare
1854 3142 1913 3163 =
1955 3123 2110 3173 antea
2136 3120 2290 3172 uesci.
2339 3120 2384 3174 G
2415 3119 2488 3182 ΙΙ,
2527 3122 2664 3182 26,2

1626 3205 1730 3241 11110
1767 3189 2066 3256 paxamatio
2091 3189 2398 3256 praelibate.
2423 3219 2487 3226 —
2527 3196 2662 3257 trop.

1633 3256 1680 3312 0
1710 3257 1832 3321 VII,
1870 3261 1917 3322 6,
1943 3261 1977 3312 4
2025 3258 2126 3310 nisi
2174 3258 2264 3326 qui
2310 3274 2425 3310 eam
2477 3257 2664 3326 (pleni-

1627 3327 1890 3395 tudinem)
1951 3325 2124 3380 adhuc
2186 3327 2241 3380 iu
2295 3327 2395 3380 1100
2457 3327 2664 3380 saeculo

1625 3397 1832 3464 positus
1884 3395 2206 3464 praelibarit.
2273 3397 2339 3450 N
2377 3395 2508 3460 VII,
2546 3400 2595 3460 2,
2636 3399 2661 3451 1

1621 3466 1933 3534 priusquam
1981 3465 2044 3518 de
2087 3465 2172 3519 his
2209 3465 2366 3519 rebus
2402 3465 2547 3534 loqui
2586 3466 2665 3518 in-

1625 3534 1762 3656 gipio
1789 3551 1923 3656 quals·
1931 3534 2171 3656 ι1100ςί11111
2204 3535 2357 3588 libris
2383 3535 2664 3603 superiori-

1663 3621 1724 3656 us
1760 3619 1924 3672 praei
1967 3621 2068 3657 aui.

434 3669 481 3724 0
499 3668 649 3732 VIII,
679 3672 799 3732 10,1
831 3670 888 3722 in
916 3671 1181 3737 nequitiae
1208 3671 1464 3738 tergiuer-
1519 3672 1834 3741 praelocare.
1875 3675 1915 3727 I
1930 3673 1994 3736 V,
2020 3675 2104 3736 23,
2129 3677 2162 3728 2
2200 3690 2330 3742 quos
2355 3673 2422 3726 ad
2447 3673 2664 3726 imitan-

426 3739 629 3792 satione
668 3739 856 3792 ceteris
932 3739 1251 3793 raeferretur
1280 3739 1465 3795 bestiis

425 3811 613 3862 terrae.
629 3837 693 3845 —
710 3830 765 3854 =
785 3807 891 3862 cele
930 3825 1059 3862 rare.
1082 3808 1127 3863 Ο
1140 3808 1234 3873 XI,
1259 3813 1318 3864 11
1342 3827 1463 3863 cum

1627 3740 1756 3794 (111111
1794 3742 1968 3809 gratia
1994 3741 2192 3796 Christi
2230 3742 2476 3797 omnibus
2513 3759 2662 3811 prae-

1626 3810 1838 3864 locauit.

424 3893 541 3931 eam
578 3877 899 3945 (caritatem)
936 3881 1087 3932 tauta
1122 3877 1277 3930 laude
1314 3895 1464 3947 prae·
1519 3878 2003 3949 praelocutionibus
2057 3879 2269 3934 blandis
2324 3880 2482 3934 fallax
2534 3881 2664 3934 insi-

424 3945 625 4000 tuleris.
681 3945 863 4010 XIIII,
911 3951 958 4010 7,
995 3951 1027 4002 5
1073 3946 1213 4015 quod
1261 3947 1463 4001 factum

1626 3948 1800 4002 diator
1835 3949 1936 4002 hoc
1973 3949 2128 4016 egisti
2165 3950 2232 4004 N
2263 3948 2384 4013 VH,
2423 3953 2471 4013 6,
2496 3952 2545 4004 4.

426 4014 589 4070 abbas
616 4015 881 4068 Iohannes
907 4015 1035 4069 licet
1058 4033 1269 4069 summa
1295 4017 1463 4070 admi·
1519 4016 1836 4086 praeludens
1874 4021 1996 4071 ante
2032 4017 2212 4071 oculos
2258 4019 2436 4086 imago
2474 4018 2662 4072 uerbo-

426 4085 629 4138 ratione
678 4085 1017 4154 praetulerit;
1077 4089 1146 4154 cf.
1201 4087 1463 4154 Εοεπεεή,

426 4155 683 4208 Zeitschr.
721 4157 762 4222 f.
791 4156 840 4209 d.
868 4160 1049 4209 (istm.
1088 4157 1280 4224 (ἕψητε.
1310 4161 1462 4222 1887,

418 4241 479 4292 p.
503 4227 587 4278 93.
668 4251 675 4262 ·

1628 4103 1747 4140 rum
1793 4086 1880 4140 uel
1931 4103 2180 4140 sensuum
2235 4087 2281 4142 G
2312 4087 2500 4150 VIIII,
2537 4091 2586 4151 3,
2614 4091 2660 4142 3.

1625 4157 1912 4209 criminum
1949 4159 2071 4210 ante
2097 4155 2276 4210 oculos
2313 4157 2488 4225 imago
2513 4174 2662 4226 prae-

1625 4224 1817 4280 luserit
1849 4225 1966 4290 XX,
2005 4228 2053 4289 5,
2082 4229 2128 4280 2.

319 4293 610 4362 praefigere
648 4315 709 4336 =
748 4292 1060 4373 praecipere.
1126 4291 1172 4346 0
1208 4292 1358 4357 VIII,
1396 4296 1465 4350 22
1519 4295 1860 4364 praeminere.
1919 4294 1966 4349 Ο
1996 4294 2058 4358 X,
2096 4297 2145 4358 2,
2171 4297 2204 4349 3
2241 4295 2564 4364 perfectione
2603 4311 2662 4348 ac

429 4377 551 4414 cum
588 4361 930 4416 seiunctionis
968 4360 1305 4416 obseruantia
1342 4379 1463 4416 nec-

1627 4364 1848 4418 scientia
1918 4363 2166 4418 omnibus
2239 4364 2328 4432 qui
2393 4367 2546 4418 erant
2609 4366 2662 4419 in
