3167 4975
2435 444 2650 502 LXXI

356 633 474 697 que
525 614 834 679 librorum
881 613 1155 679 familiae
1199 613 1444 698 positus
1491 614 1596 693 sit,
1641 613 1809 677 haud
1854 630 1995 677 raro
2042 612 2261 677 arbitri
2308 614 2444 677 uice
2504 614 2647 678 fun-

354 720 539 803 gitur.
591 719 804 802 itaque
848 738 907 802 p.
957 715 1106 799 548,
1143 717 1218 780 17
1269 719 1452 783 unice
1497 736 1721 782 uerum
1767 720 1865 782 est
1898 738 2031 801 pro
2078 714 2357 780 uilibus.
2415 718 2479 781 in
2526 715 2659 779 BF

357 844 390 887 e
425 820 809 908 probilibus
855 824 1098 888 factum
1145 827 1241 887 est
1277 820 1783 907 probabilibus:
1829 823 1995 905 quod
2044 826 2255 887 autem
2304 823 2367 887 in
2399 827 2447 905 β
2478 826 2650 887 extat

345 949 480 1012 pro
536 925 793 1011 leuibus
851 927 1106 993 arbitrio
1153 927 1621 1011 interpolatoris
1654 926 1933 992 debetur.
1982 964 2069 973 —
2114 925 2263 1009 599,
2296 924 2335 989 8
2382 928 2449 992 111
2489 925 2544 990 O
2584 931 2649 991 et

345 1030 669 1117 profestis
730 1036 794 1097 et
853 1030 1201 1095 tuebamur
1259 1037 1428 1097 recte
1475 1052 1541 1097 se
1603 1032 1815 1097 habet.
1894 1033 1962 1097 in
2009 1030 2140 1094 BF
2176 1050 2323 1096 cum
2368 1030 2565 1095 etiam
2611 1052 2645 1095 e

359 1140 658 1219 sequente
685 1156 872 1202 uersu
901 1138 1289 1221 inrepsisset,
1309 1158 1364 1221 p
1393 1138 1458 1201 in
1491 1134 1737 1221 pse-stis
1784 1156 1895 1222 per
1942 1134 2407 1221 neglegentiam
2453 1137 2645 1201 omis-

357 1260 500 1307 sum
544 1245 658 1307 est.
715 1278 796 1288 —
847 1240 994 1323 623,
1033 1241 1108 1304 17
1156 1242 1533 1325 particulam
1577 1249 1656 1318 et,
1704 1260 1863 1323 quae
1909 1245 2055 1325 post
2114 1249 2207 1303 est
2262 1241 2328 1305 in
2388 1240 2647 1322 reliquis

355 1346 532 1411 libris
578 1346 908 1427 exciderat,
963 1347 1242 1411 seruauit
1293 1343 1366 1408 0.
1443 1346 1722 1411 familiae
1774 1350 1822 1427 β
1876 1346 2285 1429 interpolator
2340 1364 2485 1409 cum
2541 1345 2647 1408 de-

356 1452 592 1517 fectum
637 1452 961 1532 sensisset,
1007 1450 1123 1535 qui
1167 1451 1444 1515 intrusit.
1495 1451 1735 1516 similes
1765 1452 1887 1515 loci
1918 1454 2069 1515 sunt
2099 1448 2248 1531 648,
2282 1448 2317 1511 7
2368 1448 2513 1534 quis
2546 1448 2647 1513 ita

355 1554 739 1619 solitudinis
799 1564 1044 1619 secreta
1101 1562 1382 1618 sectatus
1443 1564 1535 1617 est
1588 1554 1701 1639 (et)
1752 1554 2223 1619 uniuersorum
2264 1552 2647 1617 ‘mortalium

355 1660 682 1724 consortia
729 1658 1097 1724 declinauit
1145 1661 1231 1744 (et
1275 1679 1396 1725 om.
1433 1658 1586 1722 BF:
1632 1660 2226 1744 uniuersorumque
2255 1663 2303 1740 β
2334 1678 2408 1723 ex
2452 1660 2646 1723 inter-

355 1766 718 1851 polatione),
782 1764 930 1847 631,
977 1764 1018 1828 9
1082 1786 1226 1829 cum
1285 1787 1492 1829 omnes
1553 1764 1725 1852 (nos)
1768 1786 1897 1828 non
1942 1763 2470 1842 similitudinem,
2531 1763 2647 1828 sed

356 1870 699 1935 ueritatem
734 1870 992 1955 peccati
1036 1870 1109 1933 in
1155 1892 1352 1933 came
1395 1879 1724 1956 qestemus,
1786 1869 1935 1951 639,
1966 1867 2047 1933 27
2094 1868 2473 1955 potiantur,
2532 1868 2647 1954 (et)

360 1974 434 2037 de
467 1974 832 2061 iqnominia
862 1974 1000 2058 (ubi
1032 1976 1096 2040 in
1126 1980 1175 2056 β
1196 1996 1274 2038 ac
1303 1976 1754 2059 interpolatum
1786 1974 1929 2059 est).
1961 2012 2048 2021 —
2080 1972 2227 2056 705,
2261 1973 2296 2036 7
2330 1974 2397 2038 111
2430 1973 2645 2039 arche-

355 2084 502 2164 typo
559 2082 862 2164 scriptum
915 2080 1038 2145 fuit
1083 2078 1329 2165 adepti,
1385 2081 1550 2163 quod
1606 2077 1660 2142 O
1712 2080 2030 2164 integrum
2086 2078 2381 2143 seruauit.
2459 2079 2525 2143 in
2572 2096 2645 2143 eo

1937 2185 2085 2224 nandi

359 2241 568 2301 autem
615 2238 825 2303 codice
872 2258 904 2301 e
950 2256 1072 2321 quo
1117 2234 1250 2299 BF
1283 2236 1599 2301 fluxerunt
1644 2237 1852 2301 extitit
1896 2233 2145 2321 adepti,
2207 2237 2373 2300 unde
2419 2235 2645 2297 nancti

355 2342 420 2407 in
438 2340 498 2403 Z
511 2346 718 2407 ortum
744 2346 857 2407 est.
885 2378 972 2387 ——
987 2346 1310 2426 praeterea
1326 2342 1402 2405 cf.
1426 2362 1484 2425 p.
1508 2338 1657 2422 512,
1674 2340 1772 2405 15.
1794 2339 2059 2420 520,11.
2079 2338 2227 2421 546,
2250 2338 2348 2404 10.
2370 2338 2518 2421 563,
2536 2338 2639 2404 21.

355 2443 622 2527 566,19.
657 2444 926 2528 596,14.
963 2444 1190 2528 625,7.
1227 2444 1375 2528 646,
1393 2444 1453 2510 2.
1491 2444 1760 2528 665,18.
1797 2442 2063 2526 678,14.
2102 2442 2249 2526 684,
2268 2443 2370 2509 25.
2407 2440 2554 2526 688,
2585 2444 2639 2509 1.

437 2657 766 2722 Postremo
813 2657 1146 2721 dicendum
1194 2661 1292 2721 est
1337 2655 1539 2722 tribus
1585 2656 1741 2720 locis
1790 2675 1889 2718 me
1936 2673 2175 2719 errasse
2221 2656 2287 2719 in
2335 2655 2645 2738 scriptura

354 2779 540 2844 quam
570 2763 845 2846 recipere
878 2761 1083 2826 debui.
1132 2781 1191 2845 p.
1226 2760 1376 2843 531,
1410 2759 1445 2822 7
1481 2761 1547 2825 111
1576 2757 1711 2822 BF
1732 2763 1898 2824 recte
1928 2760 2055 2844 legi
2086 2757 2394 2822 inuidiae
2425 2767 2644 2822 autem

353 2865 546 2950 quasi
589 2889 634 2928 a
678 2863 901 2952 ‘requlo
931 2874 1222 2950 serpente
1253 2863 1533 2950 effusum
1562 2863 1761 2926 uirus
1802 2863 2012 2926 uitam
2040 2862 2255 2948 ipsam
2300 2861 2642 2949 reliyionis

353 2992 432 3033 ac
458 2969 649 3054 fidei,
687 2969 1091 3056 priusquam
1123 2969 1195 3032 in
1225 2991 1494 3054 corpore
1522 2968 1856 3032 sentiatur
1888 2968 2048 3051 (scil.
2084 2969 2307 3052 uirus),
2349 2966 2644 3032 excludit

349 3075 652 3160 probatur
697 3077 831 3141 loco
879 3074 1074 3140 simili
1104 3095 1163 3158 p.
1199 3071 1347 3155 213,
1378 3072 1420 3137 5
1465 3070 1540 3136 ob
1584 3071 1767 3136 illud
1795 3070 2213 3157 mortiferum
2242 3072 2439 3135 uirus
2472 3071 2645 3158 quod

341 3179 744 3266 priusquam
769 3179 1098 3243 sentiatur
1122 3177 1464 3242 interimit.
1505 3215 1578 3224 --
1617 3199 1676 3262 p.
1706 3176 1853 3259 654,
1879 3177 1919 3241 3
1944 3176 2105 3262 quia
2125 3178 2400 3262 recipere
2432 3177 2638 3242 debui.

351 3305 500 3351 nam
560 3306 620 3370 p.
656 3283 804 3364 663,
837 3283 921 3347 23
982 3304 1175 3369 quam
1237 3301 1360 3348 non
1409 3284 1485 3347 ad
1531 3285 1743 3348 locum
1789 3283 2133 3367 scripturae
2187 3283 2501 3367 pertinere
2548 3284 2642 3347 ui-

350 3391 553 3454 detur.
599 3425 688 3436 —
716 3409 775 3473 p.
813 3387 961 3470 705,
1000 3387 1078 3451 16
1126 3408 1270 3452 cum
1317 3386 1611 3452 omnibus
1644 3389 1818 3453 codd.
1868 3390 2115 3472 praeter
2155 3386 2208 3449 O
2241 3387 2642 3453 scribendum

351 3499 486 3559 erat
528 3493 670 3557 siue
715 3493 986 3557 societas
1031 3489 1324 3578 copulae,
1388 3512 1532 3556 cum
1594 3489 1833 3576 copula
1894 3493 2247 3573 frequenter
2303 3493 2379 3555 de
2424 3493 2643 3557 matri-

351 3599 562 3663 monio
623 3599 893 3663 dicatur:
957 3598 1034 3662 cf.
1085 3602 1300 3662 tamen
1344 3597 1501 3662 Inst.
1546 3597 1631 3677 II,
1677 3594 1777 3677 12,
1810 3596 1851 3660 3
1898 3617 2081 3681 quem
2124 3594 2456 3659 societas
2503 3617 2641 3681 ope-

353 3702 632 3766 rationis
677 3700 790 3765 uel
844 3699 1288 3788 discipulatus
1335 3710 1395 3764 et
1455 3699 1855 3786 disciplinae
1900 3698 2158 3764 inbutio
2206 3699 2639 3787 copulauit.

439 3961 627 4044 GAP.
682 3961 798 4044 VI.
865 3959 988 4044 DE
1053 3959 1562 4044 CODIOIBUS
1629 3959 2117 4043 LIBRORUM
2186 3959 2555 4043 CONTRA

1207 4097 1791 4183 NESTORIUM.

444 4275 498 4341 1.
559 4276 707 4342 Cod.
762 4277 914 4341 bibl.
981 4277 1552 4341 armamentarii
1608 4277 2075 4340 Parisiensis
2141 4296 2200 4340 n.
2248 4273 2379 4338 483
2433 4273 2649 4356 (antea
2740 4273 2820 4338 N

353 4379 512 4464 448)
544 4401 703 4446 saec.
734 4381 996 4461 X—XI,
1043 4382 1280 4446 formae
1321 4381 1599 4460 maioriS,
1646 4381 1752 4445 fol.
1791 4378 1935 4460 116,
1967 4381 2071 4445 fol.
2114 4378 2318 4442 1-—61
2357 4379 2643 4444 Cassiani
