3167 4975
491 429 576 494 82
1299 428 1615 482 Iohannis
1662 427 1963 483 Cassiani

489 610 563 670 ut
606 606 884 688 primum
929 609 1188 669 naturas
1235 623 1450 669 eorum
1497 609 1631 668 tam
1678 605 1976 685 minutas,
2023 609 2157 668 tam
2203 606 2479 670 oce-ultas
2521 611 2777 689 tamque

491 711 788 774 obscuras
837 710 1217 794 inuestigare
1265 709 1593 792 condigne,
1655 709 1877 772 deinde
1924 727 2145 773 causas
2207 711 2547 774 eorundem
2602 711 2779 775 suffi-

492 817 728 880 cienter
775 834 1096 898 exponere,
1145 815 1330 878 tertio
1377 817 1448 877 ut
1493 815 1713 878 idonee
1760 815 2112 879 curationes
2154 834 2367 879 eorum
2402 834 2475 879 ac
2504 818 2781 882 remedia

490 921 806 1005 possimus
855 919 1100 984 inferre.

578 1025 660 1090 II.
719 1026 998 1105 Quarum
1058 1024 1426 1106 passionum
1488 1041 1713 1087 causae
1776 1024 2337 1105 quemadmodum,
2400 1045 2546 1090 cum
2606 1032 2779 1110 pate·
2858 1043 2885 1082 ⁵

491 1132 694 1194 factae
755 1130 992 1194 fuerint
1053 1128 1496 1193 traditionibus
1569 1128 1915 1207 seniorum,
1986 1127 2065 1191 ab
2134 1130 2428 1194 omnibus
2497 1133 2782 1215 protinus

491 1237 939 1318 agnoscuntur,
993 1235 1084 1298 ita
1127 1234 1495 1317 priusquam
1539 1232 1919 1313 reuelentur,
1984 1251 2130 1297 cum
2178 1234 2254 1298 ab
2302 1235 2457 1317 ipsis
2504 1237 2785 1302 uniuersi

490 1343 815 1403 uastemur
877 1343 941 1404 et
998 1339 1064 1403 in
1127 1339 1371 1402 cunctis
1431 1337 1796 1402 hominibus
1856 1339 2277 1420 inmorentur,
2348 1340 2426 1404 ab
2490 1342 2783 1407 omnibus

491 1445 877 1528 ignorantur.
928 1462 1152 1507 uerum
1197 1461 1304 1506 eas
1349 1443 1442 1507 ita
1485 1461 1601 1507 nos
1650 1443 2048 1524 aliquatenus
2082 1445 2389 1528 explicare
2422 1465 2605 1529 posse
2638 1467 2783 1512 con-

489 1549 764 1629 fidimuS,
813 1549 865 1612 si
913 1547 1468 1613 intercessionibus
1515 1549 1746 1612 uestris
1795 1550 1872 1612 ad
1918 1567 2033 1612 nos
2079 1568 2325 1631 quoque
2372 1551 2477 1615 ille
2524 1553 2783 1637 qui·per
2838 1576 2887 1614 ιο

409 1663 426 1686 ⁶
492 1655 746 1719 Esaiam
778 1654 1059 1736 prolatus
1094 1657 1192 1718 est
1221 1672 1428 1718 sermo
1461 1653 1701 1718 domini
1733 1654 2065 1738 dirigatur:
2116 1673 2247 1738 ego
2294 1658 2467 1719 ante
2514 1659 2585 1720 te
2633 1657 2781 1721 ibo:

492 1763 564 1824 et
607 1761 956 1842 potentes
1003 1761 1249 1822 terrae
1295 1757 1741 1822 humiliabo:
1790 1762 2049 1842 portas
2092 1777 2347 1823 aereas
2380 1764 2783 1842 conteram,

492 1867 562 1927 et
608 1866 864 1927 uectes
911 1863 1198 1926 ferreos
1245 1863 1737 1946 confringam.
1804 1866 1876 1928 et
1922 1865 2249 1947 aperiam
2296 1865 2436 1929 tibi
2487 1866 2785 1930 thesau-

491 1987 610 2032 ros
657 1967 1176 2050 absconditos,
1239 1971 1313 2032 et
1375 1987 1647 2032 arcana
1694 1971 2185 2048 secretorum,
2248 1972 2319 2033 ut
2378 1989 2493 2035 nos
2542 1989 2784 2054 quoque

492 2073 758 2136 uerbum
805 2073 904 2136 dei
950 2073 1326 2156 praecedens
1373 2073 1649 2155 primum
1698 2077 1899 2136 terrae
1945 2078 2196 2137 nostrae
2241 2078 2530 2158 potentes
2577 2077 2787 2141 humi·
2844 2098 2891 2139 ιτ,

492 2178 623 2257 liet,
685 2177 748 2240 id
794 2179 892 2242 est
937 2177 1053 2250 has
1091 2178 1353 2241 easdem
1401 2197 1555 2260 quas
1606 2196 1959 2262 expugnare
2022 2180 2311 2261 cupimus
2375 2181 2589 2244 noxias
2644 2199 2787 2264 pas-

494 2283 699 2346 siones
747 2283 1241 2346 dominationem
1273 2282 1396 2346 sibi
1443 2301 1514 2346 ac
1547 2283 1942 2366 tyrannidem
1976 2285 2416 2349 saeuissimam
2460 2285 2527 2349 in
2575 2290 2785 2350 nostro

491 2387 743 2451 mortali
807 2405 1062 2470 corpore
1123 2387 1551 2468 uindicanteS,
1623 2405 1852 2469 easque
1920 2389 2117 2453 faciat
2182 2389 2465 2472 indagini
2534 2393 2787 2453 nostrae

493 2496 679 2575 atque
741 2492 1112 2575 expositioni
1159 2492 1596 2573 subcumbere,
1660 2497 1723 2556 et
1777 2494 1867 2558 ita
1926 2512 2039 2557 nos
2100 2495 2512 2578 ignorationis
2572 2501 2786 2577 portas

493 2597 832 2681 effringens
881 2616 952 2661 ac
998 2598 1298 2661 uitiorum
1342 2600 1556 2661 nectes
1606 2598 2071 2661 excludentium
2118 2616 2231 2662 nos
2267 2618 2303 2661 a
2332 2618 2483 2662 uera
2524 2601 2788 2665 seientia
2839 2623 2891 2661 πο

491 2705 819 2767 conterens
867 2702 946 2767 ad
992 2705 1376 2765 secretorum
1421 2706 1781 2767 nostrorum
1830 2720 2059 2766 arcana
2102 2704 2405 2785 perducat
2452 2722 2523 2767 ac
2564 2724 2787 2769 seeun-

491 2810 643 2872 dum
691 2808 1044 2890 apostolum
1092 2807 1489 2871 inluminatis
1550 2807 1734 2871 nobis
1780 2808 2021 2871 reuelet
2067 2826 2141 2871 ea
2200 2826 2360 2889 quae
2409 2813 2559 2873 sunt
2622 2809 2707 2873 ab
2726 2828 2787 2873 s-

492 2913 796 2977 condita
855 2910 1338 2975 tenebrarum
1401 2913 1475 2975 et
1535 2912 1984 2975 manifestet
2044 2913 2369 2977 consilia
2430 2914 2787 2987 cordium,

494 3023 566 3082 ut
613 3018 702 3081 sic
749 3018 825 3081 ad
888 3019 1122 3080 taetras
1170 3016 1469 3080 uitiorum
1532 3015 1825 3080 tenebras
1886 3017 2243 3099 purissimis
2291 3017 2485 3081 oculis
2544 3019 2789 3081 animae

493 3124 896 3205 penetrantes
960 3122 1313 3204 patefacere
1361 3139 1466 3184 eas
1515 3139 1588 3184 ac
1646 3122 1985 3203 producere
2047 3123 2363 3205 possimus
2422 3123 2499 3186 ad
2559 3123 2787 3203 lucem,
2844 3144 2895 3183 25

494 3245 839 3307 causasque
909 3242 1123 3289 earum
1193 3229 1378 3307 atque
1447 3228 1707 3289 naturas
1767 3226 1887 3306 his,
1958 3227 2064 3308 qui
2132 3228 2234 3290 uel
2297 3230 2633 3291 caruerunt
2700 3228 2788 3291 eis

491 3331 592 3394 uel
642 3331 844 3394 adhue
905 3328 1168 3413 obligati
1225 3333 1393 3410 sunt,
1455 3330 1728 3412 pandere
1775 3331 2121 3412 ualeamuS,
2184 3335 2249 3395 et
2292 3332 2385 3396 ita
2445 3332 2787 3396 secundum

703 3476 790 3545 11]
829 3476 966 3530 Esai.
993 3479 1075 3539 45,
1103 3479 1253 3531 2—3.
1363 3476 1453 3545 22]
1492 3476 1520 3529 I
1548 3476 1667 3531 Cor.
1694 3478 1744 3541 4,
1772 3480 1819 3532 5.

582 3613 607 3665 1
647 3611 760 3661 tam
797 3607 1047 3663 obscuras
1085 3610 1138 3662 A
1263 3611 1297 3663 2
1334 3608 1643 3661 eorumdem
1687 3608 1805 3663 01'2
1928 3624 2109 3662 eorum
2152 3610 2273 3663 GT¹
2396 3612 2429 3664 3
2465 3610 2687 3663 tertium
2728 3610 2794 3665 H

490 3699 710 3751 idoneae
751 3698 904 3753 &AT
971 3696 1185 3749 idoneas
1211 3698 1280 3750 H
1378 3699 1410 3751 4-
1447 3712 1730 3765 possumus
1758 3698 1912 3751 ΗΙΤι
2018 3700 2049 3751 5
2088 3713 2314 3765 quarum
2344 3740 2353 3751 .
2385 3740 2395 3750 .
2426 3740 2436 3751 .
2465 3697 2785 3765 quemadmo

490 3804 645 3841 enan.
675 3788 736 3839 in
768 3786 814 3840 G
917 3788 948 3839 6
973 3787 1227 3853 protenus
1253 3784 1338 3838 Η1
1443 3788 1475 3838 9
1501 3784 1816 3851 ignorentur
1839 3785 1949 3838 LT
2048 3782 2199 3836 nobis
2230 3783 2277 3838 0
2378 3783 2706 3853 aliquatinus
2732 3786 2785 3839 A

494 3877 555 3928 11
585 3873 772 3925 isaiam
793 3874 846 3926 A
918 3890 949 3925 a
975 3872 1081 3925 dfio
1107 3874 1160 3926 L
1233 3888 1328 3937 ego
1356 3874 1534 3924 autem
1562 3873 1685 3923 ante
1712 3872 1779 3925 H
1848 3874 1908 3926 14
1937 3871 2168 3923 archana
2196 3872 2443 3925 G¹HLT
2511 3874 2574 3927 15
2602 3870 2695 3924 dffi
2722 3872 2791 3925 H

493 3965 558 4017 16
595 3960 816 4013 eandem
853 3960 925 4013 G¹
1035 3962 1098 4014 17
1136 3959 1236 4011 hac
1265 3958 1339 4011 G¹
1450 3961 1514 4013 18
1551 3957 1895 4011 nendicantes
1923 3959 2005 4012 Ηι
2112 3974 2300 4025 easque
2334 3976 2434 4013 om.
2466 3960 2535 4012 H
2633 3957 2784 4010 inda-

490 4047 612 4115 gine
640 4048 722 4100 H¹
831 4050 895 4102 19
931 4046 1101 4114 adque
1134 4045 1179 4099 (J
1285 4043 1635 4098 subcumbere
1672 4046 1752 4099 L:
1786 4043 2129 4097 succumbere
2164 4046 2276 4100 rell.
2388 4061 2483 4098 nos
2525 4046 2785 4099 CG¹HT:

491 4135 546 4187 in
573 4152 668 4186 nos
693 4135 744 4188 L
806 4136 1015 4187 nostrae
1045 4134 1174 4187 G²vt
1203 4150 1303 4187 om.
1332 4134 1384 4185 A
1493 4132 1841 4200 ignorationis
1868 4131 2021 4184 nobis
2046 4134 2099 4186 A
2208 4135 2274 4187 20
2300 4132 2695 4185 extrudentium
2723 4148 2783 4184 ac

491 4238 618 4274 uera
641 4220 762 4289 (οηι.
786 4222 902 4289 nos)
924 4223 991 4276 H
1056 4221 1124 4273 ad
1149 4237 1332 4273 ueram
1367 4220 1643 4273 scientiam
1668 4222 1721 4274 L
1792 4222 1856 4275 21
1886 4222 2190 4272 nostrorum
2217 4236 2311 4273 nos
2331 4222 2416 4275 Ar
2476 4235 2694 4273 suorum
2720 4220 2790 4273 H

491 4308 722 4362 archana
755 4310 824 4363 H
911 4311 978 4363 24
1015 4308 1219 4361 thetras
1256 4307 1309 4362 L
1413 4310 1580 4360 tetras
1618 4308 1732 4361 rell.
1830 4306 2036 4359 animae
2073 4306 2241 4359 oculis
2278 4308 2386 4361 AL
2490 4309 2559 4361 26
2597 4322 2782 4359 eorum

493 4396 663 4467 adque
704 4396 750 4453 G
