<?xml version="1.0" encoding="UTF-8"?>
<!DOCTYPE html PUBLIC "-//W3C//DTD XHTML 1.0 Transitional//EN"
    "http://www.w3.org/TR/xhtml1/DTD/xhtml1-transitional.dtd">
<html xmlns="http://www.w3.org/1999/xhtml" xml:lang="en" lang="en">
 <head>
  <title>
</title>
<meta http-equiv="Content-Type" content="text/html;charset=utf-8" />
  <meta name='ocr-system' content='tesseract 3.04.00' />
  <meta name='ocr-capabilities' content='ocr_page ocr_carea ocr_par ocr_line ocrx_word'/>
</head>
<body>
  <div class='ocr_page' id='page_1' title='image "./corpusscriptoru28wissgoog_0119.png"; bbox 0 0 3167 4975; ppageno 0'>
   <div class='ocr_carea' id='block_1_1' title="bbox 2495 471 2640 528">
    <p class='ocr_par' dir='ltr' id='par_1_1' title="bbox 2495 471 2640 528">
     <span class='ocr_line' id='line_1_1' title="bbox 2495 471 2640 528; baseline 0 0"><span class='ocrx_word' id='word_1_1' title='bbox 2495 471 2640 528; x_wconf 84' lang='lat' dir='ltr'><em>CXI</em></span> 
     </span>
    </p>
   </div>
   <div class='ocr_carea' id='block_1_2' title="bbox 320 640 2642 4475">
    <p class='ocr_par' dir='ltr' id='par_1_2' title="bbox 320 640 2642 4475">
     <span class='ocr_line' id='line_1_2' title="bbox 344 640 2640 726; baseline -0.002 -19"><span class='ocrx_word' id='word_1_2' title='bbox 344 643 579 725; x_wconf 86' lang='lat' dir='ltr'><em>prodiit</em></span> <span class='ocrx_word' id='word_1_3' title='bbox 622 643 824 707; x_wconf 85' lang='lat' dir='ltr'><em>Duaci</em></span> <span class='ocrx_word' id='word_1_4' title='bbox 870 661 925 706; x_wconf 87' lang='lat' dir='ltr'><em>a.</em></span> <span class='ocrx_word' id='word_1_5' title='bbox 963 642 1133 706; x_wconf 83' lang='lat'>1616</span> <span class='ocrx_word' id='word_1_6' title='bbox 1180 662 1213 705; x_wconf 89' lang='lat' dir='ltr'><em>e</em></span> <span class='ocrx_word' id='word_1_7' title='bbox 1258 642 1676 726; x_wconf 81' lang='lat' dir='ltr'><em>typographia</em></span> <span class='ocrx_word' id='word_1_8' title='bbox 1719 642 2065 706; x_wconf 82' lang='lat' dir='ltr'><em>Baltazaris</em></span> <span class='ocrx_word' id='word_1_9' title='bbox 2111 641 2344 704; x_wconf 87' lang='lat' dir='ltr'><em>Belleri</em></span> <span class='ocrx_word' id='word_1_10' title='bbox 2396 640 2640 705; x_wconf 85' lang='lat' dir='ltr'><em>duobus</em></span> 
     </span>
     <span class='ocr_line' id='line_1_3' title="bbox 346 742 2642 830; baseline -0.002 -20"><span class='ocrx_word' id='word_1_11' title='bbox 346 749 537 812; x_wconf 81' lang='lat' dir='ltr'><em>tomis</em></span> <span class='ocrx_word' id='word_1_12' title='bbox 606 747 722 812; x_wconf 84' lang='lat' dir='ltr'><em>sub</em></span> <span class='ocrx_word' id='word_1_13' title='bbox 792 748 1007 812; x_wconf 78' lang='lat' dir='ltr'><em>titulo:</em></span> <span class='ocrx_word' id='word_1_14' title='bbox 1084 746 1354 809; x_wconf 83' lang='lat' dir='ltr'><em>Ioannis</em></span> <span class='ocrx_word' id='word_1_15' title='bbox 1432 745 1738 810; x_wconf 85' lang='lat' dir='ltr'><em>Cassiani</em></span> <span class='ocrx_word' id='word_1_16' title='bbox 1797 743 2197 830; x_wconf 75' lang='lat' dir='ltr'><em>presbyteri,</em></span> <span class='ocrx_word' id='word_1_17' title='bbox 2266 766 2446 829; x_wconf 85' lang='lat' dir='ltr'><em>quem</em></span> <span class='ocrx_word' id='word_1_18' title='bbox 2513 742 2642 806; x_wconf 86' lang='lat' dir='ltr'><em>alii</em></span> 
     </span>
     <span class='ocr_line' id='line_1_4' title="bbox 344 847 2642 935; baseline -0.002 -22"><span class='ocrx_word' id='word_1_19' title='bbox 344 851 692 929; x_wconf 85' lang='lat' dir='ltr'><em>eremitam,</em></span> <span class='ocrx_word' id='word_1_20' title='bbox 740 850 869 915; x_wconf 91' lang='lat' dir='ltr'><em>alii</em></span> <span class='ocrx_word' id='word_1_21' title='bbox 915 850 1205 914; x_wconf 79' lang='lat' dir='ltr'><strong><em>abbatem</em></strong></span> <span class='ocrx_word' id='word_1_22' title='bbox 1252 861 1662 935; x_wconf 78' lang='lat' dir='ltr'><em>nuncupant,</em></span> <span class='ocrx_word' id='word_1_23' title='bbox 1719 849 1937 935; x_wconf 74' lang='lat' dir='ltr'><em>Opera</em></span> <span class='ocrx_word' id='word_1_24' title='bbox 1983 849 2218 912; x_wconf 86' lang='lat' dir='ltr'><em>omnia.</em></span> <span class='ocrx_word' id='word_1_25' title='bbox 2285 847 2642 912; x_wconf 87' lang='lat' dir='ltr'><em>Novissime</em></span> 
     </span>
     <span class='ocr_line' id='line_1_5' title="bbox 346 951 2641 1043; baseline 0 -27"><span class='ocrx_word' id='word_1_26' title='bbox 346 956 696 1043; x_wconf 76' lang='lat' dir='ltr'><em>recoquita,</em></span> <span class='ocrx_word' id='word_1_27' title='bbox 744 966 1107 1042; x_wconf 73' lang='lat' dir='ltr'><em>repurqata</em></span> <span class='ocrx_word' id='word_1_28' title='bbox 1154 965 1213 1020; x_wconf 92' lang='lat' dir='ltr'><em>et</em></span> <span class='ocrx_word' id='word_1_29' title='bbox 1256 955 1429 1018; x_wconf 87' lang='lat' dir='ltr'><em>notis</em></span> <span class='ocrx_word' id='word_1_30' title='bbox 1476 954 1905 1041; x_wconf 65' lang='lat' dir='ltr'><em>amplissimis</em></span> <span class='ocrx_word' id='word_1_31' title='bbox 1951 953 2322 1018; x_wconf 85' lang='lat' dir='ltr'><em>illustrata.</em></span> <span class='ocrx_word' id='word_1_32' title='bbox 2387 951 2641 1025; x_wconf 87' lang='lat' dir='ltr'><em>Quibus</em></span> 
     </span>
     <span class='ocr_line' id='line_1_6' title="bbox 346 1057 2642 1146; baseline -0.001 -24"><span class='ocrx_word' id='word_1_33' title='bbox 346 1083 663 1124; x_wconf 73' lang='lat' dir='ltr'><em>accessere</em></span> <span class='ocrx_word' id='word_1_34' title='bbox 694 1060 839 1124; x_wconf 86' lang='lat' dir='ltr'><em>alia</em></span> <span class='ocrx_word' id='word_1_35' title='bbox 870 1059 1154 1125; x_wconf 83' lang='lat' dir='ltr'><em>eiusdem</em></span> <span class='ocrx_word' id='word_1_36' title='bbox 1187 1059 1556 1146; x_wconf 74' lang='lat' dir='ltr'><em>arqumenti</em></span> <span class='ocrx_word' id='word_1_37' title='bbox 1597 1058 1936 1144; x_wconf 84' lang='lat' dir='ltr'><em>opuscula,</em></span> <span class='ocrx_word' id='word_1_38' title='bbox 1982 1081 2258 1143; x_wconf 85' lang='lat' dir='ltr'><em>quorum</em></span> <span class='ocrx_word' id='word_1_39' title='bbox 2287 1057 2642 1121; x_wconf 77' lang='lat' dir='ltr'><em>Elenchum</em></span> 
     </span>
     <span class='ocr_line' id='line_1_7' title="bbox 343 1160 2642 1250; baseline -0.002 -22"><span class='ocrx_word' id='word_1_40' title='bbox 343 1185 610 1250; x_wconf 86' lang='lat' dir='ltr'><em>sequens</em></span> <span class='ocrx_word' id='word_1_41' title='bbox 647 1165 906 1250; x_wconf 75' lang='lat' dir='ltr'><em>paqina</em></span> <span class='ocrx_word' id='word_1_42' title='bbox 951 1163 1295 1228; x_wconf 79' lang='lat' dir='ltr'><em>eaehibebit.</em></span> <span class='ocrx_word' id='word_1_43' title='bbox 1344 1163 1583 1228; x_wconf 86' lang='lat' dir='ltr'><em>Studio</em></span> <span class='ocrx_word' id='word_1_44' title='bbox 1631 1174 1691 1226; x_wconf 91' lang='lat' dir='ltr'><em>et</em></span> <span class='ocrx_word' id='word_1_45' title='bbox 1735 1185 1938 1250; x_wconf 75' lang='lat' dir='ltr'><em>opera</em></span> <span class='ocrx_word' id='word_1_46' title='bbox 1982 1162 2065 1225; x_wconf 91' lang='lat' dir='ltr'><em>D.</em></span> <span class='ocrx_word' id='word_1_47' title='bbox 2099 1160 2349 1225; x_wconf 88' lang='lat' dir='ltr'><em>Alardi</em></span> <span class='ocrx_word' id='word_1_48' title='bbox 2396 1160 2642 1226; x_wconf 78' lang='lat' dir='ltr'><em>Gazaei</em></span> 
     </span>
     <span class='ocr_line' id='line_1_8' title="bbox 346 1265 2639 1354; baseline -0.003 -18"><span class='ocrx_word' id='word_1_49' title='bbox 346 1269 619 1354; x_wconf 76' lang='lat' dir='ltr'><em>(Gazet),</em></span> <span class='ocrx_word' id='word_1_50' title='bbox 682 1267 1045 1333; x_wconf 77' lang='lat' dir='ltr'><em>coenobitae</em></span> <span class='ocrx_word' id='word_1_51' title='bbox 1090 1267 1433 1332; x_wconf 89' lang='lat' dir='ltr'><em>Vedastini</em></span> <span class='ocrx_word' id='word_1_52' title='bbox 1478 1267 1622 1332; x_wconf 89' lang='lat' dir='ltr'><em>ord.</em></span> <span class='ocrx_word' id='word_1_53' title='bbox 1655 1267 1998 1332; x_wconf 73' lang='lat' dir='ltr'><em>Benedicti</em></span> <span class='ocrx_word' id='word_1_54' title='bbox 2057 1267 2162 1351; x_wconf 82' lang='lat' dir='ltr'><em>(de</em></span> <span class='ocrx_word' id='word_1_55' title='bbox 2207 1265 2517 1352; x_wconf 82' lang='lat' dir='ltr'><em>l&#39;Abbaye</em></span> <span class='ocrx_word' id='word_1_56' title='bbox 2563 1269 2639 1330; x_wconf 82' lang='lat' dir='ltr'><em>de</em></span> 
     </span>
     <span class='ocr_line' id='line_1_9' title="bbox 344 1372 2638 1462; baseline -0.001 -23"><span class='ocrx_word' id='word_1_57' title='bbox 344 1373 669 1439; x_wconf 78' lang='lat' dir='ltr'><em>St.-Vaast</em></span> <span class='ocrx_word' id='word_1_58' title='bbox 714 1375 789 1438; x_wconf 88' lang='lat' dir='ltr'><em>de</em></span> <span class='ocrx_word' id='word_1_59' title='bbox 835 1375 1060 1439; x_wconf 88' lang='lat' dir='ltr'><em>l’ordre</em></span> <span class='ocrx_word' id='word_1_60' title='bbox 1106 1376 1181 1438; x_wconf 91' lang='lat' dir='ltr'><em>de</em></span> <span class='ocrx_word' id='word_1_61' title='bbox 1214 1375 1564 1439; x_wconf 67' lang='lat' dir='ltr'><em>St-Benoit</em></span> <span class='ocrx_word' id='word_1_62' title='bbox 1611 1374 1647 1437; x_wconf 69' lang='grc' dir='ltr'>ὲ</span> <span class='ocrx_word' id='word_1_63' title='bbox 1676 1372 1918 1456; x_wconf 72' lang='lat' dir='ltr'><em>Artas).</em></span> <span class='ocrx_word' id='word_1_64' title='bbox 1963 1409 2052 1462; x_wconf 22' lang='lat'><em>¹——</em></span> <span class='ocrx_word' id='word_1_65' title='bbox 2101 1375 2269 1436; x_wconf 81' lang='lat' dir='ltr'><em>tomo</em></span> <span class='ocrx_word' id='word_1_66' title='bbox 2309 1373 2512 1456; x_wconf 88' lang='lat' dir='ltr'><em>prime</em></span> <span class='ocrx_word' id='word_1_67' title='bbox 2543 1373 2638 1436; x_wconf 88' lang='lat' dir='ltr'><em>in-</em></span> 
     </span>
     <span class='ocr_line' id='line_1_10' title="bbox 344 1474 2638 1543; baseline -0.002 -1"><span class='ocrx_word' id='word_1_68' title='bbox 344 1483 523 1543; x_wconf 86' lang='lat' dir='ltr'><em>sunt:</em></span> <span class='ocrx_word' id='word_1_69' title='bbox 570 1478 669 1542; x_wconf 88' lang='lat' dir='ltr'><em>De</em></span> <span class='ocrx_word' id='word_1_70' title='bbox 714 1477 1042 1542; x_wconf 87' lang='lat' dir='ltr'><em>institutis</em></span> <span class='ocrx_word' id='word_1_71' title='bbox 1089 1477 1539 1541; x_wconf 86' lang='lat' dir='ltr'><em>coenobiorum</em></span> <span class='ocrx_word' id='word_1_72' title='bbox 1589 1476 1751 1540; x_wconf 88' lang='lat' dir='ltr'><em>libri</em></span> <span class='ocrx_word' id='word_1_73' title='bbox 1797 1474 1943 1539; x_wconf 92' lang='lat' dir='ltr'><em>XII</em></span> <span class='ocrx_word' id='word_1_74' title='bbox 1975 1499 2118 1540; x_wconf 88' lang='lat' dir='ltr'><em>cum</em></span> <span class='ocrx_word' id='word_1_75' title='bbox 2161 1474 2638 1540; x_wconf 83' lang='lat' dir='ltr'><em>commentariis</em></span> 
     </span>
     <span class='ocr_line' id='line_1_11' title="bbox 342 1579 2634 1668; baseline -0.001 -22"><span class='ocrx_word' id='word_1_76' title='bbox 342 1592 405 1646; x_wconf 92' lang='lat' dir='ltr'><em>et</em></span> <span class='ocrx_word' id='word_1_77' title='bbox 434 1581 901 1646; x_wconf 89' lang='lat' dir='ltr'><em>notationibus.</em></span> <span class='ocrx_word' id='word_1_78' title='bbox 934 1582 1193 1668; x_wconf 79' lang='lat' dir='ltr'><em>Requla</em></span> <span class='ocrx_word' id='word_1_79' title='bbox 1225 1581 1289 1646; x_wconf 82' lang='lat' dir='ltr'><em>S.</em></span> <span class='ocrx_word' id='word_1_80' title='bbox 1314 1582 1650 1646; x_wconf 80' lang='lat' dir='ltr'><em>Pachomii</em></span> <span class='ocrx_word' id='word_1_81' title='bbox 1679 1581 1942 1644; x_wconf 78' lang='lat' dir='ltr'><em>scholiis</em></span> <span class='ocrx_word' id='word_1_82' title='bbox 1975 1591 2033 1644; x_wconf 90' lang='lat' dir='ltr'><em>et</em></span> <span class='ocrx_word' id='word_1_83' title='bbox 2063 1581 2234 1644; x_wconf 89' lang='lat' dir='ltr'><em>notis</em></span> <span class='ocrx_word' id='word_1_84' title='bbox 2265 1579 2634 1644; x_wconf 88' lang='lat' dir='ltr'><em>illustrata.</em></span> 
     </span>
     <span class='ocr_line' id='line_1_12' title="bbox 346 1685 2635 1772; baseline -0.001 -23"><span class='ocrx_word' id='word_1_85' title='bbox 346 1685 579 1750; x_wconf 87' lang='lat' dir='ltr'><em>Flores</em></span> <span class='ocrx_word' id='word_1_86' title='bbox 620 1685 927 1751; x_wconf 88' lang='lat' dir='ltr'><em>Cassiani</em></span> <span class='ocrx_word' id='word_1_87' title='bbox 970 1687 1112 1750; x_wconf 87' lang='lat' dir='ltr'><em>siue</em></span> <span class='ocrx_word' id='word_1_88' title='bbox 1158 1686 1563 1750; x_wconf 74' lang='lat' dir='ltr'><em>illustriores</em></span> <span class='ocrx_word' id='word_1_89' title='bbox 1595 1687 1947 1750; x_wconf 87' lang='lat' dir='ltr'><em>sentent-iae</em></span> <span class='ocrx_word' id='word_1_90' title='bbox 1977 1709 2054 1750; x_wconf 80' lang='lat' dir='ltr'><em>eae</em></span> <span class='ocrx_word' id='word_1_91' title='bbox 2085 1685 2299 1771; x_wconf 80' lang='lat' dir='ltr'><em>ipsius</em></span> <span class='ocrx_word' id='word_1_92' title='bbox 2331 1685 2635 1772; x_wconf 81' lang='lat' dir='ltr'><em>operibus</em></span> 
     </span>
     <span class='ocr_line' id='line_1_13' title="bbox 342 1789 2636 1856; baseline 0 -3"><span class='ocrx_word' id='word_1_93' title='bbox 342 1790 663 1855; x_wconf 81' lang='lat' dir='ltr'><em>collectae.</em></span> <span class='ocrx_word' id='word_1_94' title='bbox 711 1791 809 1854; x_wconf 92' lang='lat' dir='ltr'><em>De</em></span> <span class='ocrx_word' id='word_1_95' title='bbox 856 1791 1315 1854; x_wconf 73' lang='lat' dir='ltr'><em>incarnatione</em></span> <span class='ocrx_word' id='word_1_96' title='bbox 1362 1789 1525 1854; x_wconf 82' lang='lat' dir='ltr'><em>libri</em></span> <span class='ocrx_word' id='word_1_97' title='bbox 1568 1790 1710 1854; x_wconf 91' lang='lat' dir='ltr'><em>VII.</em></span> <span class='ocrx_word' id='word_1_98' title='bbox 1772 1829 1853 1837; x_wconf 94' lang='lat'><strong>—</strong></span> <span class='ocrx_word' id='word_1_99' title='bbox 1906 1795 2076 1856; x_wconf 79' lang='lat' dir='ltr'><em>tomo</em></span> <span class='ocrx_word' id='word_1_100' title='bbox 2133 1793 2354 1856; x_wconf 83' lang='lat' dir='ltr'><em>altero:</em></span> <span class='ocrx_word' id='word_1_101' title='bbox 2426 1789 2636 1854; x_wconf 85' lang='lat' dir='ltr'><em>Colla-</em></span> 
     </span>
     <span class='ocr_line' id='line_1_14' title="bbox 344 1892 2636 1980; baseline -0 -22"><span class='ocrx_word' id='word_1_102' title='bbox 344 1895 549 1958; x_wconf 85' lang='lat' dir='ltr'><em>tiones</em></span> <span class='ocrx_word' id='word_1_103' title='bbox 596 1895 828 1958; x_wconf 88' lang='lat' dir='ltr'><em>XXIV</em></span> <span class='ocrx_word' id='word_1_104' title='bbox 852 1895 1329 1960; x_wconf 86' lang='lat' dir='ltr'><em>commentariis</em></span> <span class='ocrx_word' id='word_1_105' title='bbox 1376 1905 1433 1960; x_wconf 93' lang='lat' dir='ltr'><em>et</em></span> <span class='ocrx_word' id='word_1_106' title='bbox 1479 1897 1650 1958; x_wconf 90' lang='lat' dir='ltr'><em>notis</em></span> <span class='ocrx_word' id='word_1_107' title='bbox 1684 1895 2082 1958; x_wconf 84' lang='lat' dir='ltr'><em>illustratae.</em></span> <span class='ocrx_word' id='word_1_108' title='bbox 2129 1893 2442 1980; x_wconf 77' lang='lat' dir='ltr'><em>Dionysii</em></span> <span class='ocrx_word' id='word_1_109' title='bbox 2481 1892 2636 1959; x_wconf 89' lang='lat' dir='ltr'><em>Car-</em></span> 
     </span>
     <span class='ocr_line' id='line_1_15' title="bbox 342 1997 2632 2085; baseline 0.002 -23"><span class='ocrx_word' id='word_1_110' title='bbox 342 2000 643 2064; x_wconf 77' lang='lat' dir='ltr'><em>thusiani</em></span> <span class='ocrx_word' id='word_1_111' title='bbox 670 1999 971 2064; x_wconf 87' lang='lat' dir='ltr'><em>doctrina</em></span> <span class='ocrx_word' id='word_1_112' title='bbox 1002 1999 1324 2064; x_wconf 78' lang='lat' dir='ltr'><em>catholica</em></span> <span class='ocrx_word' id='word_1_113' title='bbox 1356 1997 1714 2064; x_wconf 85' lang='lat' dir='ltr'><em>Collationi</em></span> <span class='ocrx_word' id='word_1_114' title='bbox 1739 1999 1918 2063; x_wconf 92' lang='lat' dir='ltr'><em>XIII</em></span> <span class='ocrx_word' id='word_1_115' title='bbox 1938 1998 2296 2063; x_wconf 88' lang='lat' dir='ltr'><em>substituta</em></span> <span class='ocrx_word' id='word_1_116' title='bbox 2321 2002 2430 2085; x_wconf 89' lang='lat'><em>(=</em></span> <span class='ocrx_word' id='word_1_117' title='bbox 2457 2000 2632 2066; x_wconf 85' lang='lat' dir='ltr'><em>Conl.</em></span> 
     </span>
     <span class='ocr_line' id='line_1_16' title="bbox 340 2103 2634 2190; baseline -0 -21"><span class='ocrx_word' id='word_1_118' title='bbox 340 2105 521 2186; x_wconf 74' lang='lat' dir='ltr'><strong>XIII,</strong></span> <span class='ocrx_word' id='word_1_119' title='bbox 569 2125 701 2189; x_wconf 85' lang='lat' dir='ltr'><em>cap.</em></span> <span class='ocrx_word' id='word_1_120' title='bbox 738 2106 889 2170; x_wconf 92' lang='lat' dir='ltr'><em>XIX</em></span> <span class='ocrx_word' id='word_1_121' title='bbox 938 2107 1103 2189; x_wconf 83' lang='lat' dir='ltr'><em>apud</em></span> <span class='ocrx_word' id='word_1_122' title='bbox 1148 2105 1512 2190; x_wconf 87' lang='lat' dir='ltr'><em>Mignium).</em></span> <span class='ocrx_word' id='word_1_123' title='bbox 1563 2105 1875 2190; x_wconf 75' lang='lat' dir='ltr'><em>Prosperi</em></span> <span class='ocrx_word' id='word_1_124' title='bbox 1924 2103 2090 2168; x_wconf 87' lang='lat' dir='ltr'><em>liber</em></span> <span class='ocrx_word' id='word_1_125' title='bbox 2141 2115 2370 2168; x_wconf 88' lang='lat' dir='ltr'><em>contra</em></span> <span class='ocrx_word' id='word_1_126' title='bbox 2417 2103 2634 2168; x_wconf 81' lang='lat' dir='ltr'><em>Colla-</em></span> 
     </span>
     <span class='ocr_line' id='line_1_17' title="bbox 343 2207 2633 2296; baseline 0 -24"><span class='ocrx_word' id='word_1_127' title='bbox 343 2219 564 2273; x_wconf 82' lang='lat' dir='ltr'><em>torem-.</em></span> <span class='ocrx_word' id='word_1_128' title='bbox 623 2207 898 2295; x_wconf 76' lang='lat' dir='ltr'><em>Cuyckii</em></span> <span class='ocrx_word' id='word_1_129' title='bbox 943 2219 1132 2272; x_wconf 89' lang='lat' dir='ltr'><em>notae</em></span> <span class='ocrx_word' id='word_1_130' title='bbox 1176 2209 1523 2273; x_wconf 88' lang='lat' dir='ltr'><em>censoriae.</em></span> <span class='ocrx_word' id='word_1_131' title='bbox 1576 2208 1842 2272; x_wconf 79' lang='lat' dir='ltr'><em>Statuta</em></span> <span class='ocrx_word' id='word_1_132' title='bbox 1887 2209 2176 2272; x_wconf 87' lang='lat' dir='ltr'><em>duarum</em></span> <span class='ocrx_word' id='word_1_133' title='bbox 2206 2211 2633 2296; x_wconf 77' lang='lat' dir='ltr'><em>conqreqatio·</em></span> 
     </span>
     <span class='ocr_line' id='line_1_18' title="bbox 338 2311 2634 2400; baseline 0 -24"><span class='ocrx_word' id='word_1_134' title='bbox 338 2336 501 2376; x_wconf 86' lang='lat' dir='ltr'><em>num</em></span> <span class='ocrx_word' id='word_1_135' title='bbox 528 2314 672 2378; x_wconf 88' lang='lat' dir='ltr'><em>siue</em></span> <span class='ocrx_word' id='word_1_136' title='bbox 706 2311 1169 2400; x_wconf 72' lang='lat' dir='ltr'><em>Capitulorum</em></span> <span class='ocrx_word' id='word_1_137' title='bbox 1191 2313 1602 2400; x_wconf 76' lang='lat' dir='ltr'><em>qeneralium</em></span> <span class='ocrx_word' id='word_1_138' title='bbox 1625 2313 1766 2376; x_wconf 90' lang='lat' dir='ltr'><em>ord.</em></span> <span class='ocrx_word' id='word_1_139' title='bbox 1783 2312 1862 2377; x_wconf 66' lang='grc' dir='ltr'><em>Β.</em></span> <span class='ocrx_word' id='word_1_140' title='bbox 1888 2313 2246 2377; x_wconf 81' lang='lat' dir='ltr'><em>Benedicti.</em></span> <span class='ocrx_word' id='word_1_141' title='bbox 2301 2312 2634 2378; x_wconf 87' lang='lat' dir='ltr'><em>Ciacconii</em></span> 
     </span>
     <span class='ocr_line' id='line_1_19' title="bbox 339 2417 2634 2505; baseline 0 -24"><span class='ocrx_word' id='word_1_142' title='bbox 339 2418 825 2482; x_wconf 86' lang='lat' dir='ltr'><em>obseruationes</em></span> <span class='ocrx_word' id='word_1_143' title='bbox 886 2419 959 2482; x_wconf 91' lang='lat' dir='ltr'><em>in</em></span> <span class='ocrx_word' id='word_1_144' title='bbox 1027 2417 1437 2483; x_wconf 82' lang='lat' dir='ltr'><em>Cassianum.</em></span> <span class='ocrx_word' id='word_1_145' title='bbox 1498 2417 1752 2482; x_wconf 83' lang='lat' dir='ltr'><em>Indices</em></span> <span class='ocrx_word' id='word_1_146' title='bbox 1815 2429 2127 2505; x_wconf 88' lang='lat' dir='ltr'><em>quattuor</em></span> <span class='ocrx_word' id='word_1_147' title='bbox 2187 2419 2257 2504; x_wconf 88' lang='lat'><em>1)</em></span> <span class='ocrx_word' id='word_1_148' title='bbox 2319 2417 2634 2483; x_wconf 83' lang='lat' dir='ltr'><em>Locorum</em></span> 
     </span>
     <span class='ocr_line' id='line_1_20' title="bbox 336 2523 2634 2611; baseline 0.001 -24"><span class='ocrx_word' id='word_1_149' title='bbox 336 2546 565 2588; x_wconf 83' lang='lat' dir='ltr'><em>sacrae</em></span> <span class='ocrx_word' id='word_1_150' title='bbox 612 2523 987 2609; x_wconf 74' lang='lat' dir='ltr'><em>scripturae</em></span> <span class='ocrx_word' id='word_1_151' title='bbox 1032 2524 1385 2589; x_wconf 80' lang='lat' dir='ltr'><em>secundum</em></span> <span class='ocrx_word' id='word_1_152' title='bbox 1414 2524 1760 2610; x_wconf 78' lang='lat' dir='ltr'><em>uulqatam</em></span> <span class='ocrx_word' id='word_1_153' title='bbox 1790 2524 2150 2588; x_wconf 80' lang='lat' dir='ltr'><em>editionem.</em></span> <span class='ocrx_word' id='word_1_154' title='bbox 2198 2526 2268 2611; x_wconf 83' lang='lat'><em>2)</em></span> <span class='ocrx_word' id='word_1_155' title='bbox 2319 2524 2634 2591; x_wconf 84' lang='lat' dir='ltr'><em>Locorum</em></span> 
     </span>
     <span class='ocr_line' id='line_1_21' title="bbox 336 2628 2632 2714; baseline 0.001 -23"><span class='ocrx_word' id='word_1_156' title='bbox 336 2629 689 2693; x_wconf 88' lang='lat' dir='ltr'><em>secundum</em></span> <span class='ocrx_word' id='word_1_157' title='bbox 734 2629 1095 2693; x_wconf 85' lang='lat' dir='ltr'><em>uersionem</em></span> <span class='ocrx_word' id='word_1_158' title='bbox 1142 2628 1326 2693; x_wconf 81' lang='lat' dir='ltr'><em>LXX</em></span> <span class='ocrx_word' id='word_1_159' title='bbox 1364 2629 1820 2714; x_wconf 71' lang='lat' dir='ltr'><em>interpretum.</em></span> <span class='ocrx_word' id='word_1_160' title='bbox 1881 2628 1954 2714; x_wconf 85' lang='lat'><em>3)</em></span> <span class='ocrx_word' id='word_1_161' title='bbox 2005 2628 2254 2693; x_wconf 81' lang='lat' dir='ltr'><em>Rerum</em></span> <span class='ocrx_word' id='word_1_162' title='bbox 2299 2640 2358 2693; x_wconf 94' lang='lat' dir='ltr'><em>et</em></span> <span class='ocrx_word' id='word_1_163' title='bbox 2403 2653 2632 2694; x_wconf 87' lang='lat' dir='ltr'><em>uocum</em></span> 
     </span>
     <span class='ocr_line' id='line_1_22' title="bbox 336 2732 2630 2820; baseline 0.001 -23"><span class='ocrx_word' id='word_1_164' title='bbox 336 2732 759 2817; x_wconf 87' lang='lat' dir='ltr'><em>quarundam</em></span> <span class='ocrx_word' id='word_1_165' title='bbox 802 2734 875 2796; x_wconf 90' lang='lat' dir='ltr'><em>in</em></span> <span class='ocrx_word' id='word_1_166' title='bbox 922 2744 1101 2797; x_wconf 70' lang='lat' dir='ltr'><em>tex-tu</em></span> <span class='ocrx_word' id='word_1_167' title='bbox 1154 2732 1460 2798; x_wconf 87' lang='lat' dir='ltr'><em>Cassiani</em></span> <span class='ocrx_word' id='word_1_168' title='bbox 1506 2734 2004 2797; x_wconf 86' lang='lat' dir='ltr'><em>occurrentium.</em></span> <span class='ocrx_word' id='word_1_169' title='bbox 2067 2734 2139 2820; x_wconf 85' lang='lat'><em>4)</em></span> <span class='ocrx_word' id='word_1_170' title='bbox 2197 2734 2280 2797; x_wconf 90' lang='lat' dir='ltr'><em>In</em></span> <span class='ocrx_word' id='word_1_171' title='bbox 2332 2756 2630 2799; x_wconf 87' lang='lat' dir='ltr'><em>commen-</em></span> 
     </span>
     <span class='ocr_line' id='line_1_23' title="bbox 336 2836 2630 2924; baseline 0.002 -24"><span class='ocrx_word' id='word_1_172' title='bbox 336 2836 524 2901; x_wconf 84' lang='lat' dir='ltr'><em>taria</em></span> <span class='ocrx_word' id='word_1_173' title='bbox 570 2848 627 2901; x_wconf 85' lang='lat' dir='ltr'><em>et</em></span> <span class='ocrx_word' id='word_1_174' title='bbox 671 2838 1052 2903; x_wconf 83' lang='lat' dir='ltr'><em>notationes.</em></span> <span class='ocrx_word' id='word_1_175' title='bbox 1114 2876 1195 2885; x_wconf 88' lang='grc'>-</span> <span class='ocrx_word' id='word_1_176' title='bbox 1244 2857 1366 2921; x_wconf 89' lang='lat' dir='ltr'><em>quo</em></span> <span class='ocrx_word' id='word_1_177' title='bbox 1413 2840 1672 2903; x_wconf 88' lang='lat' dir='ltr'><em>consilio</em></span> <span class='ocrx_word' id='word_1_178' title='bbox 1720 2838 2002 2904; x_wconf 80' lang='lat' dir='ltr'><em>Gazaeus</em></span> <span class='ocrx_word' id='word_1_179' title='bbox 2057 2840 2396 2905; x_wconf 78' lang='lat' dir='ltr'><em>editionem</em></span> <span class='ocrx_word' id='word_1_180' title='bbox 2449 2860 2630 2924; x_wconf 82' lang='lat' dir='ltr'><em>para-</em></span> 
     </span>
     <span class='ocr_line' id='line_1_24' title="bbox 338 2942 2627 3028; baseline 0 -22"><span class='ocrx_word' id='word_1_181' title='bbox 338 2943 521 3025; x_wconf 86' lang='lat' dir='ltr'><em>uerit‚</em></span> <span class='ocrx_word' id='word_1_182' title='bbox 568 2944 703 3028; x_wconf 88' lang='lat' dir='ltr'><em>ipse</em></span> <span class='ocrx_word' id='word_1_183' title='bbox 749 2944 816 3008; x_wconf 88' lang='lat' dir='ltr'><em>in</em></span> <span class='ocrx_word' id='word_1_184' title='bbox 861 2944 1249 3027; x_wconf 80' lang='lat' dir='ltr'><em>praefatione</em></span> <span class='ocrx_word' id='word_1_185' title='bbox 1306 2945 1586 3028; x_wconf 78' lang='lat' dir='ltr'><em>exponit:</em></span> <span class='ocrx_word' id='word_1_186' title='bbox 1651 2942 1728 3007; x_wconf 83' lang='lat' dir='ltr'><em>de</em></span> <span class='ocrx_word' id='word_1_187' title='bbox 1792 2952 1990 3021; x_wconf 76' lang='lat' dir='ltr'><em>textu,</em></span> <span class='ocrx_word' id='word_1_188' title='bbox 2051 2944 2276 3026; x_wconf 87' lang='lat' dir='ltr'><em>inquit,</em></span> <span class='ocrx_word' id='word_1_189' title='bbox 2340 2945 2627 3007; x_wconf 81' lang='lat' dir='ltr'><em>auctoris</em></span> 
     </span>
     <span class='ocr_line' id='line_1_25' title="bbox 334 3046 2627 3134; baseline 0.002 -26"><span class='ocrx_word' id='word_1_190' title='bbox 334 3046 756 3134; x_wconf 73' lang='lat' dir='ltr'><em>repurqando</em></span> <span class='ocrx_word' id='word_1_191' title='bbox 802 3058 920 3111; x_wconf 64' lang='lat' dir='ltr'><em>aiat</em></span> <span class='ocrx_word' id='word_1_192' title='bbox 960 3047 1385 3133; x_wconf 84' lang='lat' dir='ltr'><em>reformando</em></span> <span class='ocrx_word' id='word_1_193' title='bbox 1431 3070 1561 3110; x_wconf 91' lang='lat' dir='ltr'><em>non</em></span> <span class='ocrx_word' id='word_1_194' title='bbox 1607 3069 1990 3134; x_wconf 78' lang='lat' dir='ltr'><em>maqnopere</em></span> <span class='ocrx_word' id='word_1_195' title='bbox 2035 3046 2470 3111; x_wconf 81' lang='lat' dir='ltr'><em>laborandum</em></span> <span class='ocrx_word' id='word_1_196' title='bbox 2501 3050 2627 3113; x_wconf 80' lang='lat' dir='ltr'><em>eaei-</em></span> 
     </span>
     <span class='ocr_line' id='line_1_26' title="bbox 331 3151 2628 3237; baseline 0.001 -24"><span class='ocrx_word' id='word_1_197' title='bbox 331 3151 624 3229; x_wconf 83' lang='lat' dir='ltr'><em>stimaui,</em></span> <span class='ocrx_word' id='word_1_198' title='bbox 672 3175 814 3215; x_wconf 84' lang='lat' dir='ltr'><em>cum</em></span> <span class='ocrx_word' id='word_1_199' title='bbox 858 3152 1021 3215; x_wconf 88' lang='lat' dir='ltr'><em>satis</em></span> <span class='ocrx_word' id='word_1_200' title='bbox 1054 3152 1457 3215; x_wconf 88' lang='lat' dir='ltr'><em>emendatum</em></span> <span class='ocrx_word' id='word_1_201' title='bbox 1490 3162 1547 3214; x_wconf 91' lang='lat' dir='ltr'><em>et</em></span> <span class='ocrx_word' id='word_1_202' title='bbox 1578 3151 1982 3215; x_wconf 86' lang='lat' dir='ltr'><em>enucleatum</em></span> <span class='ocrx_word' id='word_1_203' title='bbox 2011 3152 2195 3215; x_wconf 88' lang='lat' dir='ltr'><em>nobis</em></span> <span class='ocrx_word' id='word_1_204' title='bbox 2237 3151 2628 3237; x_wconf 84' lang='lat' dir='ltr'><em>reliquerint</em></span> 
     </span>
     <span class='ocr_line' id='line_1_27' title="bbox 338 3253 2626 3341; baseline 0 -22"><span class='ocrx_word' id='word_1_205' title='bbox 338 3253 668 3341; x_wconf 79' lang='lat' dir='ltr'><em>Cuyckius</em></span> <span class='ocrx_word' id='word_1_206' title='bbox 716 3266 773 3319; x_wconf 94' lang='lat' dir='ltr'><em>et</em></span> <span class='ocrx_word' id='word_1_207' title='bbox 825 3254 1228 3334; x_wconf 84' lang='lat' dir='ltr'><em>Ciacconius,</em></span> <span class='ocrx_word' id='word_1_208' title='bbox 1275 3256 1420 3319; x_wconf 85' lang='lat' dir='ltr'><em>uiri</em></span> <span class='ocrx_word' id='word_1_209' title='bbox 1470 3254 1824 3319; x_wconf 83' lang='lat' dir='ltr'><em>doctissimi</em></span> <span class='ocrx_word' id='word_1_210' title='bbox 1854 3266 1912 3320; x_wconf 89' lang='lat' dir='ltr'><em>et</em></span> <span class='ocrx_word' id='word_1_211' title='bbox 1943 3256 2440 3322; x_wconf 87' lang='lat' dir='ltr'><em>accuratissimi.</em></span> <span class='ocrx_word' id='word_1_212' title='bbox 2488 3280 2626 3321; x_wconf 88' lang='lat' dir='ltr'><em>con·</em></span> 
     </span>
     <span class='ocr_line' id='line_1_28' title="bbox 331 3358 2623 3447; baseline 0.002 -26"><span class='ocrx_word' id='word_1_213' title='bbox 331 3358 463 3423; x_wconf 89' lang='lat' dir='ltr'><em>tuli</em></span> <span class='ocrx_word' id='word_1_214' title='bbox 507 3369 718 3424; x_wconf 89' lang='lat' dir='ltr'><em>tamen</em></span> <span class='ocrx_word' id='word_1_215' title='bbox 764 3384 907 3423; x_wconf 88' lang='lat' dir='ltr'><em>cum</em></span> <span class='ocrx_word' id='word_1_216' title='bbox 954 3360 1205 3445; x_wconf 81' lang='lat' dir='ltr'><em>aliquot</em></span> <span class='ocrx_word' id='word_1_217' title='bbox 1250 3359 1738 3447; x_wconf 78' lang='lat' dir='ltr'><em>eaeemplaribus</em></span> <span class='ocrx_word' id='word_1_218' title='bbox 1786 3371 1924 3424; x_wconf 88' lang='lat' dir='ltr'><em>tum</em></span> <span class='ocrx_word' id='word_1_219' title='bbox 1968 3361 2217 3425; x_wconf 76' lang='lat' dir='ltr'><em>eaecusis</em></span> <span class='ocrx_word' id='word_1_220' title='bbox 2275 3372 2411 3425; x_wconf 86' lang='lat' dir='ltr'><em>tum</em></span> <span class='ocrx_word' id='word_1_221' title='bbox 2454 3384 2623 3441; x_wconf 65' lang='lat' dir='ltr'><em>mss„</em></span> 
     </span>
     <span class='ocr_line' id='line_1_29' title="bbox 330 3463 2622 3551; baseline 0.002 -24"><span class='ocrx_word' id='word_1_222' title='bbox 330 3474 391 3527; x_wconf 89' lang='lat' dir='ltr'><em>et</em></span> <span class='ocrx_word' id='word_1_223' title='bbox 433 3463 710 3528; x_wconf 80' lang='lat' dir='ltr'><em>subinde</em></span> <span class='ocrx_word' id='word_1_224' title='bbox 770 3465 1088 3550; x_wconf 83' lang='lat' dir='ltr'><em>quaedam</em></span> <span class='ocrx_word' id='word_1_225' title='bbox 1152 3464 1296 3529; x_wconf 83' lang='lat' dir='ltr'><em>loca</em></span> <span class='ocrx_word' id='word_1_226' title='bbox 1352 3464 1436 3528; x_wconf 87' lang='lat' dir='ltr'><em>ab</em></span> <span class='ocrx_word' id='word_1_227' title='bbox 1498 3464 1643 3528; x_wconf 86' lang='lat' dir='ltr'><em>illis</em></span> <span class='ocrx_word' id='word_1_228' title='bbox 1695 3466 2167 3551; x_wconf 79' lang='lat' dir='ltr'><em>praetermissa</em></span> <span class='ocrx_word' id='word_1_229' title='bbox 2227 3478 2346 3531; x_wconf 89' lang='lat' dir='ltr'><em>aut</em></span> <span class='ocrx_word' id='word_1_230' title='bbox 2405 3468 2622 3531; x_wconf 88' lang='lat' dir='ltr'><em>minus</em></span> 
     </span>
     <span class='ocr_line' id='line_1_30' title="bbox 330 3568 2622 3657; baseline 0.003 -26"><span class='ocrx_word' id='word_1_231' title='bbox 330 3590 613 3655; x_wconf 77' lang='lat' dir='ltr'><em>eaepensa</em></span> <span class='ocrx_word' id='word_1_232' title='bbox 636 3571 896 3633; x_wconf 79' lang='lat' dir='ltr'><em>correaei</em></span> <span class='ocrx_word' id='word_1_233' title='bbox 920 3581 1038 3634; x_wconf 88' lang='lat' dir='ltr'><em>aut</em></span> <span class='ocrx_word' id='word_1_234' title='bbox 1069 3570 1341 3649; x_wconf 79' lang='lat' dir='ltr'><em>excussi,</em></span> <span class='ocrx_word' id='word_1_235' title='bbox 1375 3579 1435 3633; x_wconf 89' lang='lat' dir='ltr'><em>et</em></span> <span class='ocrx_word' id='word_1_236' title='bbox 1458 3568 1762 3633; x_wconf 82' lang='lat' dir='ltr'><em>adhibita</em></span> <span class='ocrx_word' id='word_1_237' title='bbox 1793 3570 1986 3634; x_wconf 86' lang='lat' dir='ltr'><em>etiam</em></span> <span class='ocrx_word' id='word_1_238' title='bbox 2007 3570 2318 3657; x_wconf 72' lang='lat' dir='ltr'><em>Dionysii</em></span> <span class='ocrx_word' id='word_1_239' title='bbox 2349 3570 2622 3637; x_wconf 81' lang='lat' dir='ltr'><em>Carthu·</em></span> 
     </span>
     <span class='ocr_line' id='line_1_31' title="bbox 326 3673 2620 3762; baseline 0.002 -26"><span class='ocrx_word' id='word_1_240' title='bbox 326 3674 507 3737; x_wconf 89' lang='lat' dir='ltr'><em>siani</em></span> <span class='ocrx_word' id='word_1_241' title='bbox 560 3675 983 3761; x_wconf 76' lang='lat' dir='ltr'><em>paraphrasi</em></span> <span class='ocrx_word' id='word_1_242' title='bbox 1047 3673 1251 3739; x_wconf 85' lang='lat' dir='ltr'><em>lucem</em></span> <span class='ocrx_word' id='word_1_243' title='bbox 1311 3674 1555 3738; x_wconf 88' lang='lat' dir='ltr'><em>asciui:</em></span> <span class='ocrx_word' id='word_1_244' title='bbox 1616 3696 1800 3759; x_wconf 85' lang='lat' dir='ltr'><em>quem</em></span> <span class='ocrx_word' id='word_1_245' title='bbox 1861 3686 2067 3739; x_wconf 82' lang='lat' dir='ltr'><em>tamen</em></span> <span class='ocrx_word' id='word_1_246' title='bbox 2109 3678 2620 3762; x_wconf 77' lang='lat' dir='ltr'><em>paraphrastem</em></span> 
     </span>
     <span class='ocr_line' id='line_1_32' title="bbox 332 3776 2618 3865; baseline 0.002 -24"><span class='ocrx_word' id='word_1_247' title='bbox 332 3776 561 3862; x_wconf 88' lang='lat' dir='ltr'><em>(salua</em></span> <span class='ocrx_word' id='word_1_248' title='bbox 607 3780 777 3842; x_wconf 85' lang='lat' dir='ltr'><em>tant-i</em></span> <span class='ocrx_word' id='word_1_249' title='bbox 822 3779 966 3842; x_wconf 88' lang='lat' dir='ltr'><em>uiri</em></span> <span class='ocrx_word' id='word_1_250' title='bbox 998 3779 1415 3865; x_wconf 88' lang='lat' dir='ltr'><em>auctoritate)</em></span> <span class='ocrx_word' id='word_1_251' title='bbox 1465 3801 1950 3865; x_wconf 81' lang='lat' dir='ltr'><em>nonnumquam</em></span> <span class='ocrx_word' id='word_1_252' title='bbox 1980 3778 2060 3843; x_wconf 88' lang='lat' dir='ltr'><em>ab</em></span> <span class='ocrx_word' id='word_1_253' title='bbox 2094 3782 2384 3844; x_wconf 84' lang='lat' dir='ltr'><em>auctoris</em></span> <span class='ocrx_word' id='word_1_254' title='bbox 2415 3792 2618 3846; x_wconf 91' lang='lat' dir='ltr'><em>mente</em></span> 
     </span>
     <span class='ocr_line' id='line_1_33' title="bbox 326 3882 2618 3969; baseline 0.003 -24"><span class='ocrx_word' id='word_1_255' title='bbox 326 3904 405 3945; x_wconf 89' lang='lat' dir='ltr'><em>ac</em></span> <span class='ocrx_word' id='word_1_256' title='bbox 446 3882 766 3947; x_wconf 87' lang='lat' dir='ltr'><em>sentent-ia</em></span> <span class='ocrx_word' id='word_1_257' title='bbox 812 3882 1149 3947; x_wconf 88' lang='lat' dir='ltr'><em>aberrasse</em></span> <span class='ocrx_word' id='word_1_258' title='bbox 1200 3883 1566 3948; x_wconf 89' lang='lat' dir='ltr'><em>submonui.</em></span> <span class='ocrx_word' id='word_1_259' title='bbox 1617 3922 1702 3933; x_wconf 93' lang='lat'><em>--</em></span> <span class='ocrx_word' id='word_1_260' title='bbox 1747 3902 1871 3950; x_wconf 91' lang='lat' dir='ltr'><em>non</em></span> <span class='ocrx_word' id='word_1_261' title='bbox 1919 3885 2110 3969; x_wconf 84' lang='lat' dir='ltr'><em>igitur</em></span> <span class='ocrx_word' id='word_1_262' title='bbox 2157 3887 2222 3950; x_wconf 89' lang='lat' dir='ltr'><em>in</em></span> <span class='ocrx_word' id='word_1_263' title='bbox 2255 3888 2462 3951; x_wconf 81' lang='lat' dir='ltr'><em>animo</em></span> <span class='ocrx_word' id='word_1_264' title='bbox 2495 3888 2618 3953; x_wconf 84' lang='lat' dir='ltr'><em>fuit</em></span> 
     </span>
     <span class='ocr_line' id='line_1_34' title="bbox 325 3986 2616 4074; baseline 0.001 -21"><span class='ocrx_word' id='word_1_265' title='bbox 325 3986 568 4054; x_wconf 82' lang='lat' dir='ltr'><em>Gazaeo</em></span> <span class='ocrx_word' id='word_1_266' title='bbox 600 3990 783 4054; x_wconf 87' lang='lat' dir='ltr'><em>nouis</em></span> <span class='ocrx_word' id='word_1_267' title='bbox 816 3988 1112 4055; x_wconf 85' lang='lat' dir='ltr'><em>subsidiis</em></span> <span class='ocrx_word' id='word_1_268' title='bbox 1148 3991 1423 4074; x_wconf 81' lang='lat' dir='ltr'><em>adgestis</em></span> <span class='ocrx_word' id='word_1_269' title='bbox 1466 3994 1709 4055; x_wconf 84' lang='lat' dir='ltr'><em>textum</em></span> <span class='ocrx_word' id='word_1_270' title='bbox 1757 3990 2076 4073; x_wconf 84' lang='lat' dir='ltr'><em>scriptoris</em></span> <span class='ocrx_word' id='word_1_271' title='bbox 2127 3991 2474 4055; x_wconf 84' lang='lat' dir='ltr'><em>emendare.</em></span> <span class='ocrx_word' id='word_1_272' title='bbox 2553 3996 2616 4057; x_wconf 86' lang='lat' dir='ltr'><em>et</em></span> 
     </span>
     <span class='ocr_line' id='line_1_35' title="bbox 330 4096 2614 4179; baseline 0.002 -21"><span class='ocrx_word' id='word_1_273' title='bbox 330 4112 551 4159; x_wconf 83' lang='lat' dir='ltr'><em>reuera</em></span> <span class='ocrx_word' id='word_1_274' title='bbox 596 4100 767 4161; x_wconf 82' lang='lat' dir='ltr'><em>totus</em></span> <span class='ocrx_word' id='word_1_275' title='bbox 814 4114 851 4160; x_wconf 81' lang='lat' dir='ltr'><strong>a</strong></span> <span class='ocrx_word' id='word_1_276' title='bbox 896 4096 1207 4179; x_wconf 85' lang='lat' dir='ltr'><em>prioribus</em></span> <span class='ocrx_word' id='word_1_277' title='bbox 1252 4098 1483 4179; x_wconf 79' lang='lat' dir='ltr'><em>pendet</em></span> <span class='ocrx_word' id='word_1_278' title='bbox 1530 4114 1686 4177; x_wconf 89' lang='lat' dir='ltr'><em>quos</em></span> <span class='ocrx_word' id='word_1_279' title='bbox 1731 4096 1966 4177; x_wconf 75' lang='lat' dir='ltr'><em>laudat,</em></span> <span class='ocrx_word' id='word_1_280' title='bbox 2028 4096 2117 4160; x_wconf 83' lang='lat' dir='ltr'><em>ita</em></span> <span class='ocrx_word' id='word_1_281' title='bbox 2175 4100 2388 4161; x_wconf 88' lang='lat' dir='ltr'><em>tamen</em></span> <span class='ocrx_word' id='word_1_282' title='bbox 2435 4101 2506 4161; x_wconf 87' lang='lat' dir='ltr'><em>ut</em></span> <span class='ocrx_word' id='word_1_283' title='bbox 2549 4098 2614 4162; x_wconf 91' lang='lat' dir='ltr'><em>in</em></span> 
     </span>
     <span class='ocr_line' id='line_1_36' title="bbox 322 4199 2614 4284; baseline 0.001 -21"><span class='ocrx_word' id='word_1_284' title='bbox 322 4200 692 4264; x_wconf 85' lang='lat' dir='ltr'><em>uniuersum</em></span> <span class='ocrx_word' id='word_1_285' title='bbox 742 4199 1000 4284; x_wconf 80' lang='lat' dir='ltr'><em>Cuyckii</em></span> <span class='ocrx_word' id='word_1_286' title='bbox 1046 4204 1287 4265; x_wconf 79' lang='lat' dir='ltr'><em>textum</em></span> <span class='ocrx_word' id='word_1_287' title='bbox 1333 4201 1571 4264; x_wconf 85' lang='lat' dir='ltr'><em>reddat.</em></span> <span class='ocrx_word' id='word_1_288' title='bbox 1637 4219 1762 4281; x_wconf 88' lang='lat' dir='ltr'><em>qua</em></span> <span class='ocrx_word' id='word_1_289' title='bbox 1803 4201 1868 4265; x_wconf 91' lang='lat' dir='ltr'><em>in</em></span> <span class='ocrx_word' id='word_1_290' title='bbox 1913 4220 1982 4265; x_wconf 83' lang='lat' dir='ltr'><em>re</em></span> <span class='ocrx_word' id='word_1_291' title='bbox 2026 4220 2293 4283; x_wconf 87' lang='lat' dir='ltr'><em>prauum</em></span> <span class='ocrx_word' id='word_1_292' title='bbox 2339 4201 2614 4266; x_wconf 89' lang='lat' dir='ltr'><em>hominis</em></span> 
     </span>
     <span class='ocr_line' id='line_1_37' title="bbox 322 4304 2612 4389; baseline 0.001 -22"><span class='ocrx_word' id='word_1_293' title='bbox 322 4304 625 4368; x_wconf 88' lang='lat' dir='ltr'><em>iudicium</em></span> <span class='ocrx_word' id='word_1_294' title='bbox 683 4304 879 4369; x_wconf 83' lang='lat' dir='ltr'><em>fuisse</em></span> <span class='ocrx_word' id='word_1_295' title='bbox 935 4305 1481 4388; x_wconf 84' lang='lat' dir='ltr'><em>deprehendimus,</em></span> <span class='ocrx_word' id='word_1_296' title='bbox 1538 4306 1703 4387; x_wconf 89' lang='lat' dir='ltr'><em>quod</em></span> <span class='ocrx_word' id='word_1_297' title='bbox 1757 4306 1950 4369; x_wconf 82' lang='lat' dir='ltr'><em>etiam</em></span> <span class='ocrx_word' id='word_1_298' title='bbox 1997 4306 2266 4389; x_wconf 84' lang='lat' dir='ltr'><em>epistula</em></span> <span class='ocrx_word' id='word_1_299' title='bbox 2309 4306 2420 4370; x_wconf 85' lang='lat' dir='ltr'><em>illa</em></span> <span class='ocrx_word' id='word_1_300' title='bbox 2464 4305 2612 4370; x_wconf 89' lang='lat' dir='ltr'><em>sub-</em></span> 
     </span>
     <span class='ocr_line' id='line_1_38' title="bbox 320 4406 2610 4475; baseline 0 -2"><span class='ocrx_word' id='word_1_301' title='bbox 320 4408 537 4475; x_wconf 83' lang='lat' dir='ltr'><em>ditieia</em></span> <span class='ocrx_word' id='word_1_302' title='bbox 596 4406 664 4473; x_wconf 84' lang='lat' dir='ltr'><em>S.</em></span> <span class='ocrx_word' id='word_1_303' title='bbox 718 4406 1007 4473; x_wconf 87' lang='lat' dir='ltr'><em>Castor-is</em></span> <span class='ocrx_word' id='word_1_304' title='bbox 1070 4408 1159 4472; x_wconf 89' lang='lat' dir='ltr'><em>ad</em></span> <span class='ocrx_word' id='word_1_305' title='bbox 1202 4408 1529 4473; x_wconf 79' lang='lat' dir='ltr'><em>Domuum</em></span> <span class='ocrx_word' id='word_1_306' title='bbox 1584 4406 1970 4472; x_wconf 85' lang='lat' dir='ltr'><em>Cassianum</em></span> <span class='ocrx_word' id='word_1_307' title='bbox 2031 4408 2322 4473; x_wconf 87' lang='lat' dir='ltr'><em>abbatem</em></span> <span class='ocrx_word' id='word_1_308' title='bbox 2375 4410 2610 4473; x_wconf 90' lang='lat' dir='ltr'><em>Massi-</em></span> 
     </span>
    </p>
   </div>
  </div>
 </body>
</html>
