3167 4975
480 418 564 482 26
1296 416 1612 470 Iohannis
1661 413 1965 469 Cassiani

476 577 773 657 uidelicet
816 593 1223 676 neglegenter
1269 591 1509 672 offerat,
1558 590 1829 656 secundo
1876 590 2044 671 quod
2089 590 2558 673 indisciplinato
2615 594 2773 653 stre-

474 698 612 780 pitu
662 697 917 761 alterins
966 715 1231 779 quoque,
1280 696 1387 779 qui
1432 696 1700 760 forsitan
1731 695 2036 760 intentius
2083 712 2257 758 orare
2303 694 2530 777 potuit,
2579 694 2772 758 inter-

476 801 630 885 cipit
677 821 953 866 sensum.
1002 802 1263 883 ideoque
1308 800 1705 885 praecipiunt
1752 817 1890 863 eam
1938 799 2125 863 celeri
2169 798 2292 862 fine
2339 798 2646 878 concludi,
2694 817 2773 862 ne

479 907 637 971 forte
669 905 1132 970 inmorantibus
1165 905 1347 970 nobis
1394 906 1461 968 in
1508 923 1581 968 ea
1625 904 2044 968 redundantia
2087 903 2396 985 quaedam
2444 903 2614 986 sputi
2662 921 2772 966 seu

479 1009 794 1093 flegmatis
854 1011 1274 1094 interrumpat
1334 1013 1588 1074 nostrae
1634 1009 1934 1073 orationis
1997 1026 2339 1072 excessum.
2433 1012 2496 1071 et
2540 1007 2769 1072 idcirco
2809 1025 2876 1062 ·⁵

475 1116 625 1178 ‹lum
675 1116 881 1180 adhuc
926 1117 1130 1179 feruet
1174 1115 1352 1179 uelut
1398 1134 1429 1178 e
1476 1114 1765 1178 faucibus
1829 1113 2068 1177 inimici
2114 1113 2414 1177 uelociter
2472 1112 2773 1196 rapienda

476 1222 593 1300 est,
656 1221 765 1302 qui
808 1221 1026 1302 procul
1088 1219 1297 1299 dubio,
1360 1237 1505 1282 cum
1567 1219 1654 1282 sit
1713 1218 1895 1282 nobis
1957 1236 2204 1301 semper
2261 1217 2554 1297 infestuS,
2619 1222 2770 1281 tunc

476 1324 747 1388 maxime
810 1325 1061 1388 adsistit
1122 1323 1425 1403 infestior,
1487 1341 1632 1387 cum
1694 1326 1911 1388 contra
1971 1342 2036 1386 se
2099 1321 2318 1386 offerre
2379 1339 2492 1386 nos
2555 1341 2770 1404 preces

475 1428 728 1492 domino
775 1428 939 1491 uelle
984 1428 1345 1512 peruiderit‚
1408 1427 1896 1510 cogitationibus
1961 1445 2072 1490 seu
2119 1427 2386 1490 diuersis
2448 1425 2770 1491 umoribus

475 1532 761 1596 excitatis
810 1532 1117 1595 abducere
1164 1536 1446 1596 mentem
1492 1535 1778 1596 nostram
1823 1549 1862 1595 a
1901 1530 2376 1615 supplicationis
2421 1529 2769 1594 intentione
2825 1545 2876 1584 ιο

476 1636 783 1700 festinans
825 1640 888 1700 et
928 1655 1039 1720 per
1069 1636 1187 1700 hoc
1219 1654 1357 1700 eam
1391 1636 1740 1718 tepefacere
1773 1653 1810 1700 a
1841 1639 2058 1719 coepto
2088 1635 2333 1699 feruore
2365 1635 2768 1698 contendens.

474 1741 888 1822 quamobrem
935 1741 1152 1805 utilius
1200 1745 1461 1805 censent
1513 1740 1740 1804 breues
1789 1740 2046 1822 quidem
2106 1740 2419 1804 orationes
2467 1739 2577 1803 sed
2638 1756 2770 1802 cre-

472 1844 781 1909 berrimas
828 1845 990 1908 fieri:
1055 1845 1209 1909 illud
1256 1845 1509 1926 quidem
1556 1849 1629 1908 ut
1676 1845 2066 1927 frequentius
2127 1843 2318 1908 deum
2363 1844 2769 1927 deprecantes

472 1949 703 2032 iugiter
750 1950 953 2013 eidem
1000 1949 1331 2013 cohaerere
1372 1950 1709 2032 possimus,
1757 1950 1874 2013 hoc
1922 1967 2070 2013 uero
2115 1953 2187 2012 ut
2233 1948 2590 2014 insidiantis
2637 1948 2770 2012 dia-

475 2053 603 2117 boli
648 2054 871 2134 iacula,
935 2071 1095 2135 quae
1140 2052 1423 2136 infligere
1489 2053 1670 2117 nobis
1721 2057 1870 2118 tunc
1929 2054 2261 2136 praecipue
2307 2071 2452 2116 cum
2514 2071 2766 2117 oramus
2825 2066 2874 2105 15

474 2158 733 2239 insistit,
783 2159 1103 2223 succincta
1144 2157 1456 2222 breuitate
1503 2158 1800 2222 uitemuS.

560 2263 671 2326 XI.
720 2263 803 2326 Et
856 2263 1083 2328 idcirco
1146 2282 1225 2326 ne
1270 2262 1547 2345 psalmos
1609 2263 1864 2344 quidem
1911 2263 2102 2346 ipsoS,
2166 2281 2323 2345 quos
2384 2263 2448 2326 in
2511 2281 2770 2346 congre-

472 2368 726 2450 gatione
759 2368 1119 2448 decantant,
1152 2367 1520 2431 continuata
1550 2367 1810 2432 student
1838 2368 2348 2451 pronuntiatione
2379 2368 2768 2448 concludere,

476 2472 581 2536 sed
632 2490 737 2537 eos
784 2490 895 2557 pro
942 2492 1201 2536 numero
1248 2491 1549 2537 uersuum
1597 2471 1842 2537 duabus
1875 2472 1976 2537 uel
2023 2472 2228 2538 tribus
2259 2471 2767 2537 intercisionibus

474 2596 619 2641 cum
664 2578 1019 2642 orationum
1066 2578 1497 2642 interiectione
1543 2578 1779 2641 diuisos
1819 2578 2170 2642 distinctim
2215 2577 2766 2661 particulatimque
2809 2590 2874 2629 ‘2⁰

474 2685 938 2746 consummant.
1018 2699 1143 2745 non
1192 2682 1359 2745 enim
1408 2683 1814 2746 multitudine
1861 2701 2179 2762 uersuum,
2237 2683 2344 2747 sed
2392 2682 2624 2745 mentis
2671 2682 2768 2747 in-

474 2786 839 2869 tellegentia
884 2786 1296 2867 delectantur,
1361 2786 1517 2849 illud
1562 2790 1698 2850 tota
1755 2786 1991 2850 uirtute
2037 2790 2382 2851 sectantes:
2445 2786 2766 2868 psallam

392 2903 407 2925 ‘
478 2890 776 2974 spiritu,
839 2889 1159 2971 psallam
1208 2893 1278 2953 et
1324 2894 1588 2954 mente.
1683 2891 1941 2971 ideoque
1987 2891 2208 2954 utilius
2251 2888 2491 2954 habent
2551 2891 2765 2953 decem

474 3014 695 3066 uersus
742 3012 887 3057 cum
932 2993 1293 3059 rationabili
1326 2995 1762 3077 adsignatione
1801 2995 2062 3074 cantari,
2110 3012 2302 3075 quam
2347 2998 2553 3058 totum
2598 2995 2767 3077 psal-

476 3118 651 3163 mum
698 3118 843 3161 cum
890 3098 1257 3162 confusione
1303 3100 1534 3162 mentis
1581 3098 1836 3179 effundi,
1899 3116 2057 3181 quae
2105 3116 2578 3181 nonnumquam
2623 3116 2766 3181 pro·
2819 3112 2871 3151 2⁵

474 3204 831 3267 nuntiantis
879 3204 1282 3267 festinatione
1328 3206 1685 3285 generatur,
1739 3204 1892 3267 dum
1937 3204 2330 3268 residuorum
2375 3204 2766 3287 psalmorum

474 3309 578 3389 qui
626 3307 1002 3371 decantandi
1042 3311 1193 3371 sunt
1240 3308 1497 3372 modum
1542 3326 2000 3390 numerumque
2047 3308 2450 3373 considerans
2496 3326 2622 3372 non
2671 3308 2766 3371 di-

474 3413 879 3477 stinctionem
913 3431 1215 3476 sensuum
1257 3412 1660 3476 audientibus
1708 3412 1920 3477 studet
1965 3414 2256 3496 pandere,
2305 3414 2414 3476 sed
2462 3413 2538 3477 ad
2575 3412 2763 3475 finem

476 3534 776 3601 synaxeos
806 3522 1101 3601 properat
1146 3518 1491 3601 peruenire.
1542 3517 1810 3598 denique
1858 3518 1911 3581 si
1958 3518 2272 3601 quispiam
2314 3516 2628 3580 iuniorum
2662 3518 2760 3579 uel

681 3676 773 3745 22]
810 3674 838 3728 1
874 3673 993 3729 eor.
1034 3677 1116 3739 14,
1156 3676 1237 3729 15.

558 3827 595 3879 4
631 3823 785 3879 nobis
821 3842 921 3880 om.
960 3825 1078 3879 HL
1184 3826 1217 3878 5
1256 3822 1373 3877 ideo
1412 3823 1481 3877 H
1579 3823 1613 3877 8
1651 3820 1916 3875 imfcstior
1949 3822 2024 3877 L¹
2147 3778 2492 3877 9¹'umoribus
2529 3822 2599 3877 ΙΙ
2662 3821 2760 3876 hu-

473 3937 710 3991 moribus
739 3938 844 3993 GL
956 3940 1016 3992 11
1057 3953 1089 3989 a
1124 3902 1277 4005 septo
1306 3936 1384 3990 G:
1409 3953 1441 3989 a
1466 3938 1619 4005 cepto
1647 3936 1857 3991 SH²L²
1916 3937 2132 4003 accepto
2159 3936 2318 3989 H¹L¹
2419 3938 2483 3990 13
2510 3934 2640 3988 diim
2669 3937 2763 3991 Ht-

478 4028 539 4080 14
579 4024 783 4079 diabuli
820 4025 957 4079 ΗΠ
1070 4026 1133 4079 15
1172 4027 1287 4077 tum
1326 4025 1393 4078 H
1506 4027 1570 4078 16
1607 4023 1846 4077 succinta
1881 4024 1934 4077 L
2061 4026 2124 4077 17
2163 4022 2270 4076 XII
2306 4024 2375 4077 H
2495 4024 2558 4077 19
2597 4023 2760 4075 inter-

474 4111 761 4166 cisionibus
802 4112 954 4167 &8²0
998 4112 1090 4179 (cf.
1126 4112 1283 4180 infra
1317 4111 1369 4180 ἕ.
1408 4116 1445 4165 2
1488 4110 1767 4179 psallentis
1811 4110 2112 4179 progressio
2157 4110 2379 4163 senioris
2425 4109 2761 4163 iutereiditur

472 4198 707 4269 plausu):
746 4196 1212 4252 intercessionibus
1251 4199 1490 4253 S¹HL¹r
1562 4196 1908 4251 incisionibus
1931 4199 2009 4251 11²
2113 4200 2181 4251 22
2219 4200 2372 4250 tanta
2396 4198 2464 4251 Π
2562 4199 2631 4251 23
2669 4196 2757 4248 de-

474 4288 578 4340 cim
615 4302 797 4339 uersos
832 4286 917 4340 Η1
1030 4288 1099 4341 25
1136 4302 1259 4339 eum
1297 4304 1397 4340 om..
1436 4286 1511 4340 L¹
1638 4283 1974 4337 confussione
2011 4286 2094 4338 11¹
2218 4288 2288 4340 26
2323 4287 2648 4351 generantur
2682 4285 2758 4338 L¹

471 4377 539 4430 29
578 4375 815 4429 sinaxeos
852 4374 967 4430 ,ΒΗ
