3167 4975
1138 457 1297 510 Inst.
1334 455 1443 512 lib.
1484 457 1557 521 n,
1589 461 1667 514 18.
1715 458 1820 523 111,
1851 462 1894 514 1.
2578 459 2663 524 33

453 635 557 697 VI.
610 633 787 714 Quod
830 633 989 698 nihil
1032 633 1115 698 sit
1154 651 1193 698 a
1234 632 1586 698 senioribus
1603 588 2016 700 ”inmutatum
2048 636 2124 700 de
2157 637 2415 719 antiquo
2449 636 2662 700 ordine

366 739 774 822 psalmorum,
821 757 967 802 cum
1012 738 1329 803 matutina
1374 742 1756 803 statueretur
1803 740 2214 804 sollemnitas,

454 844 591 908 VII.
644 843 822 924 Quod
870 843 947 924 ei,
995 844 1103 925 qui
1148 843 1227 908 ad
1274 844 1568 908 diurnam
1613 844 1982 925 orationem,
2038 848 2376 926 antequam
2421 847 2662 929 primus

368 949 622 1013 finiatur
667 948 973 1031 psalmuS,
1020 967 1147 1013 non
1194 949 1553 1028 occurrerit,
1602 949 1944 1013 oratorium
1989 949 2246 1014 introire
2287 969 2412 1015 non
2451 951 2660 1030 liceat,

285 1069 313 1108 ⁵
370 1054 435 1118 in
483 1053 807 1118 nocturnis
852 1057 1067 1118 autem
1112 1072 1310 1136 usque
1357 1053 1436 1117 ad
1480 1052 1674 1117 finem
1731 1054 1987 1118 secundi
2039 1054 2272 1138 psalmi
2328 1054 2660 1120 ueniabilis

366 1177 543 1222 mora
588 1159 689 1222 sit.

454 1263 625 1327 VIII.
670 1262 964 1346 Uigiliae,
997 1281 1157 1345 quae
1191 1281 1229 1326 a
1259 1280 1523 1346 uespera
1552 1263 1980 1327 inlucescente
2027 1262 2290 1328 sabbato
2337 1264 2660 1329 celebran-

365 1371 488 1448 tur,
536 1386 726 1450 quem
772 1367 1076 1451 temporis
1123 1367 1381 1431 modum
1414 1371 1675 1432 teneant
1705 1369 1807 1431 uel
1840 1386 1961 1450 quo
1994 1368 2210 1432 ordine
2244 1369 2653 1434 celebrentur.

454 1473 657 1538 VIIII.
708 1472 912 1554 Quare
956 1473 1383 1537 inlucescente
1429 1473 1531 1536 die
1579 1471 1831 1536 sabbati
1875 1473 2131 1556 uigiliae
2179 1477 2454 1538 statutae
2509 1475 2658 1555 sint,

256 1595 311 1632 ιο
366 1581 427 1642 et
473 1595 663 1659 quare
709 1597 820 1661 per
865 1595 1117 1642 omnem
1159 1576 1483 1642 Orientem
1530 1575 1842 1641 absolutio
1888 1577 2106 1643 ieiunii
2151 1577 2216 1642 in
2263 1578 2362 1642 die
2409 1578 2658 1643 sabbati

361 1685 821 1765 praesumatur.

448 1787 524 1850 X.
574 1786 755 1851 Unde
800 1786 1041 1850 factum
1087 1785 1190 1864 sit,
1238 1785 1403 1867 quod
1450 1785 1515 1849 in
1562 1784 1718 1848 urbe
1763 1786 1862 1849 die
1909 1785 2175 1850 sabbato
2221 1785 2552 1852 ieiunetur.

446 1892 557 1955 XI.
605 1892 681 1955 In
737 1908 858 1973 quo
914 1889 1263 1954 dominicae
1318 1889 1443 1953 diei
1498 1889 1892 1955 sollemnitas
1947 1889 2026 1954 ab
2083 1891 2349 1955 aliorum
2410 1892 2655 1956 dierum

360 1995 812 2061 consuetudine
858 1994 1109 2058 diuersa
1154 1997 1463 2058 teneatur.

252 2117 305 2155 ιε’»
448 2102 589 2165 XII.
640 2099 881 2181 Quibus
928 2098 1170 2179 diebuS,
1218 2117 1363 2162 cum
1409 2117 1567 2162 cena
1612 2099 1914 2164 fratribus
1959 2099 2308 2180 exhibetur,
2355 2100 2432 2165 ab
2481 2121 2656 2166 acce-

360 2204 655 2269 dentibus
717 2204 796 2268 ad
855 2203 1260 2268 refectionem
1320 2204 1606 2286 psalmus
1667 2222 1792 2268 non
1853 2203 2114 2285 dicatur,
2179 2205 2342 2269 sicut
2401 2205 2536 2270 fieri
2589 2207 2656 2270 in

359 2309 641 2393 prandiis
689 2309 867 2373 solet.

446 2521 495 2583 Ι.
545 2519 639 2583 De
686 2521 987 2582 nocturno
1035 2518 1391 2582 orationum
1437 2521 1498 2581 et
1541 2518 1930 2601 psalmorum
1979 2518 2182 2599 modo,
2241 2518 2500 2601 quinam
2545 2539 2656 2602 per

356 2625 721 2708 Aegyptum
782 2622 1113 2703 habeatur,
1176 2622 1450 2687 donante
1512 2622 1646 2703 (160,
1709 2626 2018 2705 quantum
2081 2624 2356 2687 tenuitas
2417 2624 2657 2707 ingenii

248 2744 303 2782 20
360 2730 561 2794 nostri
604 2727 977 2811 praeualuit,
1026 2726 1292 2793 arbitror
1334 2728 1713 2811 expeditum.
1793 2746 1962 2791 nunc
2002 2728 2079 2791 de
2119 2728 2654 2793 sollemnitatibus

358 2834 600 2914 tertiae,
643 2835 853 2897 sextae
892 2850 1219 2916 nonaeque
1261 2833 1610 2897 secundum
1649 2834 1937 2916 regulam
1975 2834 2501 2898 monasteriorum
2532 2836 2656 2899 Pa-

357 2939 667 3004 laestinae
713 2938 814 3001 uel
847 2937 1345 3021 Mesopotamiae
1390 2938 1574 3002 nobis
1623 2941 1720 3003 est
1765 2938 2222 3019 disserendum,
2270 2942 2344 3003 ut
2387 2940 2655 3023 praefati

360 3062 579 3108 sumus
626 3043 694 3107 in
739 3044 1015 3127 prologo,
1072 3043 1521 3127 perfectionem
1572 3042 2034 3127 Aegyptiorum
2090 3046 2154 3108 et
2204 3043 2654 3108 inimitabilem

358 3147 727 3233 disciplinae
772 3148 1045 3231 rigorem
1091 3148 1316 3213 horum
1359 3148 1671 3213 institutis
1719 3148 2138 3213 moderantes

568 3283 660 3354 23]
699 3286 745 3353 ξ.
773 3287 821 3340 9.

448 3420 477 3473 1
517 3420 746 3485 antequo
770 3417 847 3471 L¹
953 3419 986 3471 2
1025 3416 1172 3485 cum]
1210 3414 1353 3485 quod
1377 3418 1446 3471 H
1544 3418 1808 3470 statuerat
1844 3414 2032 3469 sollem
2067 3416 2196 3484 (3ἰοὶ
2231 3417 2376 3471 nihil
2409 3418 2570 3484 eras.)
2595 3418 2664 3472 Η

356 3506 393 3561 4
437 3504 623 3557 finitus
667 3504 738 3557 Η
871 3503 1105 3557 occurrit
1148 3504 1218 3559 H
1352 3506 1383 3558 5
1428 3502 1625 3571 psalmi
1671 3502 1892 3557 secundi
1937 3505 2006 3558 H
2141 3506 2171 3558 7
2209 3503 2556 3557 inluciscente
2592 3506 2663 3559 Η

357 3596 394 3649 9
436 3590 784 3645 inluciscente
830 3592 899 3646 H
1006 3594 1133 3645 sunt
1177 3591 1294 3646 HL
1419 3593 1484 3646 12
1532 3591 1604 3644 sit
1648 3591 1736 3645 H:
1781 3593 1862 3644 est
1903 3592 1960 3645 L
2081 3590 2140 3645 in
2176 3590 2306 3645 urbe
2343 3608 2494 3645 roma
2528 3592 2652 3659 (om.

359 3678 469 3747 die)
503 3679 557 3734 L
665 3681 732 3734 13
770 3676 1033 3731 dominice
1070 3678 1141 3733 H
1204 3677 1459 3731 dominici
1494 3678 1613 3745 (ult.
1653 3676 1672 3730 i
1707 3679 1770 3732 in
1803 3678 1940 3745 ras.)
1973 3678 2028 3733 L
2139 3680 2202 3734 15
2240 3694 2402 3732 caena
2438 3695 2561 3733 cum
2591 3680 2662 3734 H

362 3765 429 3820 ab
468 3784 569 3821 om.
596 3766 693 3821 Hv
801 3767 865 3820 17
902 3764 1122 3834 prandis-
1159 3766 1230 3820 H

448 3852 649 3921 Incipit
668 3852 733 3906 de
755 3853 1007 3907 canonico
1029 3851 1343 3907 diurnarum
1363 3853 1668 3907 orationum
1688 3856 1741 3907 et
1757 3852 2088 3922 psalmorum
2115 3852 2273 3905 modo
2297 3852 2434 3907 liber
2461 3852 2576 3907 -m-
2602 3854 2653 3908 G

356 3940 561 4011 Incipit
582 3939 719 3994 liber
756 3940 944 3995 tertius
982 3939 1047 3995 de
1084 3940 1337 3995 canonico
1373 3940 1677 3994 orationum
1714 3945 1768 3995 ct
1791 3939 2122 4010 psalmorum
2147 3940 2308 3994 modo
2334 3958 2497 4009 quam
2520 3941 2655 3995 hora

356 4027 521 4083 tertia
545 4030 692 4081 sexta
708 4044 849 4081 nona
868 4027 1172 4098 psalluntur
1190 4028 1261 4083 H
1357 4027 1557 4097 Incipit
1582 4026 1648 4081 (16
1674 4028 2050 4082 canonicarum
2073 4070 2258 4083 ......
2279 4044 2410 4081 num
2435 4032 2489 4081 et
2513 4028 2653 4097 psal-

358 4176 572 4214 morum
625 4160 787 4213 horae
841 4158 1031 4213 tertiae
1086 4162 1139 4213 et
1192 4162 1367 4213 sextae
1422 4176 1559 4213 none
1609 4122 1890 4228 que''liber
1909 4122 2094 4213 ''modo
2141 4160 2434 4229 (tran-spos.
2480 4178 2547 4214 m.
2593 4161 2653 4227 1)

356 4246 522 4301 tertiu
552 4289 563 4302 .
592 4290 603 4301 .
633 4291 643 4301 .
682 4248 736 4301 L
846 4250 909 4303 18
945 4264 1230 4302 numerum
1265 4265 1367 4303 om.
1398 4246 1451 4302 G
1556 4245 1780 4301 modum
1814 4248 1890 4301 L¹
2011 4249 2076 4303 19
2115 4246 2220 4300 diio
2259 4247 2328 4301 H
2442 4250 2511 4302 20
2547 4246 2652 4299 sol-

352 4332 729 4389 lemnitatibus
768 4335 859 4404 (cf.
887 4351 1005 4404 cap.
1032 4338 1068 4389 3
1103 4335 1249 4401 init.)
1292 4336 1365 4389 G:
1404 4333 1768 4389 sollemnitate
1805 4336 1954 4389 HLv
2057 4336 2122 4389 21
2169 4332 2460 4403 palestinae
2497 4334 2650 4389 codd.

356 4422 429 4478 22
466 4424 549 4476 est
581 4440 684 4478 om.
722 4424 792 4477 H
890 4424 959 4477 23
994 4421 1381 4477 inemitabilem
1418 4423 1503 4477 H¹
1611 4424 1679 4477 24
1715 4422 2000 4475 institutiis
2037 4422 2114 4475 L¹
