3167 4975
478 1106 513 1159 αι

564 398 691 463 268
1380 398 1698 454 Iohannis
1745 399 2044 455 Cassiani

565 575 663 639 dic
709 574 881 655 mihi,
928 592 1179 657 quaeso,
1228 574 1279 638 si
1325 574 1439 639 tibi
1486 594 1652 640 nunc
1696 576 2095 659 persequenti
2141 574 2331 639 fidem
2373 575 2747 640 catholicam
2791 575 2852 638 id

562 683 889 764 appareret
934 680 1097 761 quod
1157 679 1472 763 ignoranti
1532 680 1813 763 apostolo
1857 684 2008 744 tunc
2069 680 2372 764 apparuit,
2435 680 2488 743 si
2547 683 2610 743 te
2655 679 2857 762 inopi-

562 787 823 848 nantem
884 786 1071 865 atque
1134 801 1423 847 securum
1466 784 1675 867 fulgor
1733 784 1840 849 ille
1899 784 2315 849 circumdaret
2374 787 2437 847 et
2493 785 2854 865 perculsum

560 893 745 970 atque
776 887 1179 971 perterritum
1209 888 1501 971 splendor
1532 889 1804 953 inmensi
1834 889 2088 953 luminis
2127 891 2558 953 consternaret
2587 888 2854 952 iaceres-

560 1012 681 1075 que
728 993 792 1058 in
838 993 1115 1058 tenebris
1163 994 1483 1058 oculorum
1531 997 1716 1075 atque
1750 1012 2028 1059 errorum
2077 997 2348 1075 tuorum,
2393 1010 2548 1075 quas
2596 992 2712 1057 tibi
2756 993 2852 1057 in-

561 1116 819 1162 mensus
866 1101 930 1162 et
974 1096 1307 1163 ineffabilis
1352 1116 1547 1181 pauor
1593 1097 1820 1163 mentis
1867 1102 2151 1182 augeret:
2207 1098 2306 1163 dic
2351 1098 2524 1178 mihi,
2572 1097 2849 1179 obsecro,

558 1221 705 1267 cum
764 1206 827 1266 te
887 1202 1250 1266 inminentis
1313 1202 1531 1267 mortis
1593 1204 1857 1267 formido
1916 1206 2232 1285 premeret
2291 1208 2356 1267 et
2419 1206 2616 1267 terror
2677 1220 2850 1267 com-

558 1306 859 1372 minantis
905 1306 1174 1390 desuper
1220 1306 1563 1371 maiestatis
1625 1311 1940 1390 urgueret,
2001 1305 2246 1371 audires
2293 1324 2538 1389 quoque
2585 1306 2740 1371 illud
2781 1306 2848 1370 in

557 1416 737 1477 tanta
796 1412 1023 1476 mentis
1085 1411 1447 1476 confusione
1509 1410 1772 1495 dignum
1815 1410 2076 1495 perfidia
2133 1416 2244 1476 tua
2301 1429 2564 1477 nomen:
2627 1410 2848 1477 Saule

558 1515 807 1596 Saule,
855 1516 1025 1598 quid
1071 1534 1181 1580 me
1224 1516 1748 1599 persequeris?
1811 1519 1875 1580 et
1920 1517 2246 1599 quaerenti
2291 1516 2426 1597 tibi,
2473 1517 2612 1598 quis
2660 1519 2844 1595 esset,

554 1620 1033 1704 responderetur
1093 1640 1125 1683 e
1186 1621 1383 1685 caelo:
1455 1638 1586 1703 ego
1648 1640 1808 1685 sum
1869 1620 2080 1685 Iesus
2139 1620 2572 1685 Nazarenus
2632 1639 2846 1702 quem

554 1729 635 1789 tu
679 1725 1187 1809 persequeris:
1236 1724 1383 1807 quid
1428 1724 1710 1789 diceres?
1760 1727 2008 1806 ‘nescio,
2057 1743 2181 1790 non
2213 1726 2292 1789 ad
2337 1726 2594 1807 plenum
2643 1723 2844 1789 adhuc

555 1829 765 1894 credo:
812 1828 1155 1894 deliberare
1188 1830 1457 1911 amplius
1491 1848 1738 1894 mecum
1775 1831 1938 1911 uolo,
1985 1849 2172 1913 quem
2213 1833 2275 1895 te
2315 1850 2452 1895 esse
2492 1830 2844 1893 existimem

554 1935 659 2016 qui
705 1934 781 1997 de
840 1934 1011 1997 caelo
1056 1934 1348 2015 loquariS‚
1410 1935 1515 2016 qui
1570 1953 1672 1997 me
1727 1934 1969 2017 fulgore
2015 1938 2158 1998 tuae
2207 1934 2545 1999 diuinitatis
2609 1932 2840 2015 obruiS,

556 2039 729 2102 cuius
761 2056 981 2102 uocem
1014 2038 1195 2101 audio
1228 2042 1292 2102 et
1322 2039 1718 2103 maiestatem
1747 2039 1910 2103 ferre
1941 2057 2067 2103 non
2103 2057 2381 2123 possum.
2443 2039 2840 2103 tractandum
2931 2066 2959 2104 5

551 2142 707 2206 mihi
754 2142 829 2205 de
874 2142 991 2207 hoc
1036 2144 1283 2225 negotio
1326 2146 1440 2221 est,
1488 2143 1866 2207 eredendum
1913 2142 2027 2207 tibi
2059 2144 2252 2207 sitan
2284 2161 2410 2208 non
2441 2142 2842 2221 credendum,

554 2245 839 2311 Christus
886 2246 969 2310 sis
1018 2250 1087 2309 tu
1142 2264 1223 2310 an
1268 2246 1451 2326 deuS,
1518 2248 1569 2310 si
1617 2247 1769 2311 deus
1833 2248 2000 2313 solus
2063 2247 2149 2311 sis
2213 2266 2290 2311 an
2340 2247 2402 2311 in
2451 2246 2726 2326 Christo,
2787 2246 2843 2310 si

552 2349 835 2415 Christus
883 2351 1053 2415 solus
1100 2350 1184 2414 sis
1232 2369 1312 2414 an
1358 2352 1425 2415 in
1470 2351 1604 2416 deo.
1675 2351 2114 2415 discretionem
2159 2352 2322 2416 hanc
2369 2350 2685 2415 subtiliter
2730 2350 2844 2414 ob-

550 2454 788 2520 seruari
818 2458 881 2520 et
925 2455 1252 2539 diligenter
1283 2455 1658 2521 considerari
1687 2456 1850 2537 uolo,
1898 2456 2044 2539 quid
2075 2455 2442 2537 credenduS,
2489 2455 2637 2538 quid
2682 2454 2842 2519 iudi-

549 2560 783 2624 candus
831 2561 933 2624 sia.
1012 2560 1155 2625 nolo
1202 2560 1371 2624 enim
1416 2559 1648 2642 aliquid
1695 2561 1770 2624 de
1809 2561 2012 2625 officio
2045 2579 2186 2626 meo
2231 2561 2509 2644 perdere,
2556 2563 2646 2640 ut,
2692 2578 2840 2623 cum

548 2668 613 2729 te
642 2668 714 2728 ut
756 2664 1076 2730 hominem
1107 2665 1463 2747 despiciam,
1512 2664 1744 2746 aliquid
1774 2664 1892 2729 tibi
1923 2665 2119 2729 diuini
2149 2665 2402 2730 honoris
2434 2663 2840 2748 impendam*

549 2769 602 2832 si
634 2787 801 2852 ergo,
847 2772 920 2832 ut
948 2769 1182 2832 Paulus
1216 2772 1365 2833 tunc
1395 2769 1712 2851 apostolus
1753 2770 1962 2851 iacuit,
2007 2772 2358 2852 prostratus
2389 2769 2568 2833 humi
2600 2770 2838 2832 iaceres

548 2876 611 2937 et
652 2873 895 2956 fulgore
941 2873 1137 2937 diuini
1181 2872 1435 2936 luminis
1481 2872 1892 2938 obumbratus
1941 2853 2252 2939 extremos
2299 2873 2554 2958 spiritus
2594 2893 2837 2958 agereS‚

546 2977 703 3042 haec
731 2977 943 3042 forsan
974 2978 1231 3058 dicereS,
1263 2978 1419 3041 haec
1442 2979 1677 3042 otiosae
1706 2978 2096 3061 loquacitatis
2129 2979 2495 3063 garrulitate
2518 2979 2831 3062 gannires.

550 3082 659 3146 sed
706 3081 850 3163 quid
894 3081 1158 3146 facimus
1205 3082 1368 3164 quod
1414 3081 1579 3146 aliud
1628 3088 1778 3147 tunc
1821 3083 2100 3166 apostolo
2145 3083 2356 3148 uisum
2403 3085 2520 3164 est,
2567 3087 2632 3147 et
2689 3101 2834 3146 cum

544 3189 820 3250 tremens
868 3204 939 3250 ac
994 3187 1399 3250 semianimus
1445 3187 1839 3268 concidisset,
1901 3187 2423 3252 dissimulandum
2481 3187 2648 3253 ultra
2706 3205 2828 3252 non

544 3291 805 3372 censuit,
862 3291 1329 3356 deliberandum
1378 3292 1647 3375 amplius
1693 3309 1818 3356 non
1861 3293 2108 3374 putauit
2151 3293 2521 3374 suffecitque
2567 3293 2623 3356 ei
2669 3291 2834 3373 quod

752 3480 809 3550 9]
845 3479 1075 3545 Actae,
1104 3483 1183 3537 14.
1294 3480 1383 3550 11]
1421 3480 1456 3534 1.
1483 3496 1526 3535 c.
1556 3483 1638 3538 15.

632 3657 658 3711 1
704 3653 1053 3723 persequendi
1092 3673 1137 3725 p
1277 3657 1311 3710 3
1357 3654 1696 3710 circundaret
1739 3658 1816 3712 M
1943 3672 2254 3726 percussum
2289 3677 2334 3728 p
2478 3661 2509 3713 5
2555 3655 2830 3712 inmensus

540 3743 763 3811 scripsi.-
808 3743 1075 3796 inmensas
1112 3760 1157 3812 p
1246 3742 1533 3796 immensas
1578 3744 1740 3798 NMv
1887 3745 1922 3798 6
1966 3743 2260 3798 ineffabiles
2305 3746 2411 3815 Mp
2553 3745 2830 3814 angustias

539 3845 707 3897 pauor
731 3830 831 3884 Mv
933 3832 967 3886 8
992 3833 1205 3898 urgeret
1228 3829 1328 3900 ΝΡ
1436 3832 1469 3885 9
1494 3829 1717 3901 perfidie
1743 3833 1837 3902 tue
1864 3833 1938 3886 M
2038 3833 2099 3886 11
2141 3831 2191 3900 e]
2230 3847 2262 3885 a
2284 3841 2317 3887 ὑ
2425 3833 2491 3888 14
2525 3831 2615 3900 de]
2641 3848 2669 3885 e
2693 3833 2831 3888 Mcw

538 3915 771 3984 loqueris
807 3935 877 3972 av
910 3917 1201 3984 (eastimet.
1234 3934 1337 3988 per
1371 3919 1752 3973 attractionem
1788 3919 2069 3988 quandam
2095 3921 2339 3988 pos-itus:
2381 3922 2450 3988 cf.
2489 3920 2538 3986 Ι,
2573 3923 2623 3988 5,
2655 3925 2705 3973 1.
2743 3920 2826 3988 ΙΙ,

536 4007 587 4068 2,
612 4008 650 4058 2
670 4007 764 4073 fin.
786 4007 835 4072 5,
853 4009 891 4059 2
906 4007 999 4074 fin.
1030 4006 1125 4073 VI,
1151 4009 1235 4072 16,
1258 4010 1309 4060 2.
1328 4005 1461 4076 VH,
1487 4010 1536 4074 1,
1562 4011 1593 4059 1
1691 4004 1931 4060 obrueris
1955 4007 2032 4060 M
2130 4010 2194 4062 15
2221 4006 2436 4061 audiam
2461 4013 2510 4062 et
2533 4007 2736 4076 possim
2761 4007 2838 4061 M

538 4090 735 4144 referre
771 4092 837 4147 N
942 4094 1004 4147 16
1040 4092 1365 4146 credendum
1400 4093 1519 4162 etc]
1555 4092 1757 4148 Incaiff
1787 4111 1976 4166 maryo
2002 4095 2068 4150 N
2172 4095 2238 4149 18
2273 4094 2542 4163 suptiliter
2565 4095 2633 4150 N
2733 4093 2827 4147 ob-

538 4195 751 4232 seruare
778 4197 823 4249 p
941 4181 1006 4235 19
1044 4179 1375 4234 considerare
1405 4199 1449 4250 p
1564 4183 1632 4236 20
1671 4182 1743 4236 sit
1767 4200 1812 4252 p
1931 4181 2074 4235 enim
2111 4199 2212 4238 om.
2251 4183 2326 4237 M
2432 4183 2500 4237 22
2533 4180 2728 4235 humili
2763 4183 2830 4238 N

536 4267 607 4320 23
642 4265 864 4319 obrutus
901 4267 1000 4321 Mv
1138 4269 1373 4321 extremo
1414 4269 1481 4324 N
1621 4271 1692 4324 24
1733 4269 1834 4324 hac
1877 4270 2030 4339 (post
2074 4267 2298 4339 diceres)
2334 4271 2435 4325 Mv
2579 4269 2750 4323 otiosa
2791 4287 2825 4324 v

537 4351 825 4419 garulitate
852 4371 896 4422 p
1002 4356 1071 4408 26
1106 4354 1434 4408 semianimis
1470 4357 1610 4426 Mpv
1712 4360 1779 4412 27
1816 4356 2126 4424 suffecitque
2153 4375 2228 4426 p:
2263 4355 2564 4424 sufficitque
2600 4357 2738 4412 ΝΜ

2905 1544 2961 1581 lo
