3167 4975
485 374 610 439 164
1291 371 1610 426 Iohannis
1658 371 1959 426 Cassiani

479 550 740 632 fructuS,
789 552 897 634 qui
925 552 1143 634 procul
1175 549 1362 615 dubio
1411 549 1645 614 euulsis
1692 548 2019 615 fomitibus
2065 568 2467 632 nequaquam
2504 551 2769 615 ulterius

478 655 905 739 pullulabunt:
969 659 1158 738 atque
1205 656 1294 721 ita
1339 675 1519 720 mens
1565 656 1798 739 poterit
1854 655 2082 739 iugiter
2126 656 2191 720 in
2238 655 2410 720 omni
2468 655 2772 739 patientia

479 764 542 825 et
604 760 937 826 sanctitate
985 761 1228 842 durare,
1290 779 1434 826 cum
1480 760 1639 825 haec
1698 778 1825 825 non
1886 760 1961 825 de
2008 758 2335 844 superficie
2395 759 2771 844 operationis

480 869 542 929 et
587 869 861 948 act-uum,
910 866 1019 930 sed
1065 866 1142 930 de
1187 865 1642 950 cogitationum
1674 864 1911 929 fuerint
1956 865 2177 929 euulsa
2206 863 2647 947 penetralibus.
2708 869 2773 930 et

478 971 703 1036 idcirco
765 989 844 1034 ne
905 969 1311 1035 homicidium
1371 972 1792 1053 perpetretur,
1862 969 1955 1034 ira
2014 969 2351 1051 odiumque
2412 969 2769 1050 succiditur,

480 1075 614 1140 sine
661 1075 888 1156 quibus
933 1075 1252 1140 homicidii
1298 1075 1536 1139 crimen
1583 1075 1755 1139 nullo
1805 1073 1987 1140 modo
2034 1073 2275 1139 ualebit
2315 1073 2580 1139 admitti.
2643 1074 2769 1156 qui

474 1179 834 1244 irascitur
895 1179 1064 1244 enim
1124 1179 1347 1244 fratri
1415 1196 1574 1259 suo,
1644 1197 1815 1244 reus
1888 1179 2035 1243 erit
2106 1178 2413 1260 iudicio,
2484 1182 2574 1243 et:
2646 1180 2769 1262 qui

399 1293 433 1346 3
483 1284 640 1348 odit
684 1283 992 1348 fratrem
1040 1302 1252 1348 suum
1297 1282 1672 1348 homicida
1718 1285 1848 1347 est.
1913 1283 1977 1347 in
2026 1301 2097 1347 eo
2144 1283 2386 1349 scilicet
2428 1283 2593 1365 quod
2625 1302 2771 1348 eum

477 1389 659 1453 corde
723 1388 936 1472 cupiat
993 1389 1266 1470 interire,
1337 1388 1512 1453 cuius
1575 1406 1859 1452 cruorem
1918 1388 2170 1472 propria
2229 1406 2422 1452 manu
2482 1388 2586 1452 uel
2646 1389 2769 1453 telo

476 1494 640 1578 apud
686 1493 974 1558 homines
1033 1493 1292 1557 minime
1338 1493 1576 1558 fudisse
1622 1493 2037 1576 cognoscitur,
2107 1492 2337 1558 affectu
2382 1492 2509 1556 irae
2568 1493 2771 1558 homi-

477 1599 616 1664 cida
674 1597 1117 1683 pronuntiatur
1180 1614 1217 1661 a
1263 1597 1535 1678 domino,
1601 1597 1709 1680 qui
1769 1615 1896 1661 non
1958 1598 2160 1663 solum
2222 1616 2333 1682 pro
2394 1598 2770 1682 operationis

477 1703 724 1783 effectu,
793 1702 902 1766 sed
949 1701 1138 1766 etiam
1184 1720 1295 1786 pro
1357 1701 1705 1767 uoluntatis
1754 1720 1826 1766 ac
1886 1701 2019 1766 uoti
2074 1702 2380 1767 desiderio
2435 1701 2771 1785 unicuique

477 1813 588 1874 aut
629 1808 984 1892 praemium
1043 1807 1263 1873 reddet
1308 1810 1418 1873 aut
1461 1825 1751 1890 poenam,
1816 1806 2162 1871 secundum
2208 1807 2364 1872 illud
2409 1807 2575 1890 quod
2636 1808 2771 1891 ipse

476 1913 754 1997 loquitur
797 1932 911 1996 per
953 1912 1355 1998 prophetam:
1405 1931 1536 1996 ego
1584 1915 1830 1976 autem
1877 1929 2099 1995 opera
2144 1929 2413 1994 eorum,
2462 1915 2535 1977 et
2580 1913 2772 1996 cogi-

477 2018 809 2082 tationes
880 2033 1163 2082 eorum:
1241 2016 1460 2081 uenio
1529 2020 1611 2081 ut
1680 2034 2124 2101 congregem
2193 2035 2354 2081 cum
2422 2016 2769 2082 omnibus

476 2121 834 2208 gentibus
897 2125 968 2186 et
1026 2121 1348 2206 linguis,
1397 2125 1462 2186 et
1503 2140 1784 2186 rursum:
1842 2121 2039 2186 inter
2084 2141 2161 2184 se
2207 2121 2531 2186 inuicem
2578 2123 2773 2207 cogi-

477 2226 897 2292 tationibus
959 2226 1496 2292 accusantibus
1556 2229 1684 2290 aut
1744 2225 1972 2290 etiam
2034 2225 2635 2308 defendentibuS,
2695 2227 2771 2291 in

477 2332 604 2397 die
639 2349 782 2412 qua
825 2330 1198 2396 iudicabit
1241 2331 1420 2395 deus
1468 2331 1767 2395 occulta
1811 2330 2210 2395 hominum.

562 2435 733 2501 XXI.
797 2434 1134 2502 Sciendum
1195 2439 1410 2501 tamen
1469 2436 1537 2500 in
1598 2454 1698 2517 eo,
1767 2435 1933 2518 quod
1996 2435 2060 2500 in
2121 2433 2499 2518 quibusdam
2564 2455 2771 2501 exem-

475 2540 755 2625 plaribus
817 2540 1160 2606 inuenitur:
1222 2542 1348 2623 qui
1408 2541 1768 2605 irascitur
1828 2541 2051 2606 fratri
2108 2559 2237 2605 suo
2300 2541 2462 2605 sine
2524 2560 2771 2625 causa,

477 2663 646 2711 reus
695 2646 840 2709 erit
885 2644 1188 2725 iudicio,
1247 2644 1634 2728 superfluum
1682 2664 1821 2709 esse
1868 2644 2027 2710 sine
2074 2662 2301 2709 causa
2346 2649 2411 2709 et
2456 2646 2771 2711 adiectum

479 2770 616 2815 esse
664 2749 742 2814 ab
790 2750 910 2830 his,
973 2750 1081 2831 qui
1128 2750 1582 2833 amputandam
1626 2750 1787 2813 iram
1846 2768 1957 2833 pro
2015 2750 2200 2814 iustis
2246 2750 2455 2815 causis
2510 2751 2772 2815 minime

476 2857 881 2938 putauerunt,
928 2873 1073 2919 cum
1120 2854 1335 2935 utique
1375 2855 1590 2919 nullus
1638 2853 1988 2936 quamlibet
2032 2852 2269 2935 absque
2313 2855 2555 2920 ratione
2602 2873 2773 2920 com-

479 2963 688 3024 motus
751 2959 886 3023 sine
932 2976 1123 3022 causa
1169 2978 1234 3021 se
1281 2959 1448 3024 dicat
1493 2958 1695 3023 irasci.
1777 2957 2187 3040 quamobrem
2249 2962 2509 3042 apparet
2554 2958 2631 3023 ab
2680 2960 2770 3023 eis

481 3064 814 3144 adiectum,
862 3064 970 3146 qui
1015 3063 1406 3146 propositum
1453 3081 1576 3127 non
1624 3062 2069 3127 intellexerunt
2114 3064 2459 3145 scripturae
2500 3064 2771 3129 uolentis

479 3168 766 3232 fomitem
829 3168 1186 3231 iracundiae
1242 3167 1619 3231 omnimodis
1681 3170 2009 3250 amputare
2071 3167 2437 3250 nullamque
2482 3168 2771 3253 indigna-

479 3272 670 3337 tionis
724 3272 1116 3337 occasionem
1177 3272 1428 3354 penitus
1473 3289 1816 3351 reseruare,
1881 3291 1980 3352 ne,
2042 3272 2193 3335 dum
2238 3271 2529 3337 iubemur
2586 3273 2771 3337 irasci

481 3394 625 3440 cum
686 3394 904 3458 causa,
974 3376 1165 3441 etiam
1232 3376 1366 3440 sine
1435 3393 1625 3440 causa
1688 3376 1995 3441 irascendi
2063 3375 2245 3441 nobis
2313 3377 2772 3443 intromittatur

691 3566 747 3635 6]
773 3566 964 3620 Matth.
994 3570 1042 3631 5,
1069 3567 1154 3621 22.
1263 3566 1716 3635 7]110h.3‚15.
1828 3566 1916 3636 14]
1952 3566 2203 3631 Esai 66,
2233 3570 2313 3623 18.
2425 3568 2514 3637 16]
2542 3568 2695 3623 Rom.
2722 3572 2771 3633 2,

481 3656 704 3710 15—16.
811 3653 902 3722 20]
939 3652 1134 3707 Matth.
1162 3656 1209 3718 5,
1237 3654 1320 3709 22.

563 3812 599 3865 4
646 3808 1064 3879 penetrabilibus
1110 3811 1224 3866 HL
1375 3813 1406 3866 5
1453 3809 1767 3865 omicidium
1810 3812 1879 3867 H
2013 3816 2044 3868 7
2092 3812 2349 3867 irascetur
2394 3814 2478 3868 Ηι
2630 3814 2773 3868 enim

480 3917 584 3955 om.
623 3898 736 3953 AG
855 3900 910 3951 et
943 3916 1044 3955 om.
1085 3899 1154 3953 H
1251 3901 1285 3954 8
1321 3914 1426 3967 quo
1463 3900 1532 3953 Η
1648 3901 1681 3954 9
1719 3898 1868 3953 cuius
1906 3916 2029 3954 cum
2066 3916 2251 3954 cruore
2287 3902 2341 3956 L
2451 3904 2516 3957 10
2554 3906 2685 3970 aput
2719 3904 2774 3956 A

481 3983 721 4038 fundisse
746 3985 830 4040 Ηι
926 3984 1218 4039 homicidia
1238 3985 1316 4041 L¹
1413 3987 1474 4040 11
1503 3984 1883 4053 pronuntiatus
1906 3988 1961 4041 A
2061 3990 2127 4043 13
2164 3986 2342 4041 reddit
2369 3987 2474 4043 GL
2570 3986 2695 4041 illut
2719 3990 2774 4043 A

484 4074 547 4127 14
583 4069 850 4140 profetam
887 4073 940 4125 A
1049 4074 1112 4127 17
1151 4069 1549 4125 accussantibus
1574 4072 1645 4126 H
1732 4074 2096 4127 accusantium
2129 4075 2183 4129 L
2292 4073 2695 4129 defendentium
2720 4076 2774 4130 L

485 4160 550 4214 18
597 4157 698 4211 dns
742 4159 811 4212 Η
949 4159 1011 4212 19
1056 4175 1340 4213 nanterum
1385 4176 1486 4214 om.
1539 4158 1592 4213 (τ’
1732 4162 1815 4215 est
1858 4160 1915 4214 in
1963 4176 2024 4214 eo
2069 4162 2138 4216 H
2271 4163 2340 4217 20
2384 4161 2645 4215 irascetur
2688 4162 2774 4217 Ηι

481 4247 550 4301 22
584 4244 948 4313 anputandam
973 4246 1028 4299 A
1134 4246 1202 4301 23
1237 4243 1461 4313 quilibet
1493 4262 1559 4301 ex
1592 4244 1830 4313 qualibet
1854 4249 1919 4302 H
2020 4250 2087 4303 24
2124 4247 2257 4302 dicit
2286 4249 2403 4303 HL
2508 4250 2577 4304 25
2606 4247 2775 4303 scrib-

480 4335 632 4385 turae
667 4331 800 4387 AG*
909 4333 977 4388 26
1013 4336 1272 4401 anputare
1308 4334 1362 4388 A
1436 4336 1771 4403 amputarem
1813 4336 1885 4391 62¹

2825 1511 2879 1550 10

2827 2044 2881 2082 15

2826 2567 2883 2606 20
