3167 4975
392 2524 426 2575 N>

475 451 603 516 386
1293 449 1615 504 Iohannis
1660 447 1962 504 Cassiani

472 626 923 691 hominibus
1000 627 1153 690 item
1216 625 1497 690 eiusdem
1556 625 1624 688 in
1689 625 1960 708 epistula
2005 624 2082 688 ad
2127 623 2574 688 Uolusianum:
2639 623 2766 686 sed

474 737 546 797 et
590 733 753 815 ipse
797 731 1093 814 Moyses
1146 735 1219 795 et
1273 731 1507 794 ceteri
1552 728 1962 813 prophetae
2008 729 2496 793 ueracissime
2541 727 2770 792 domi-

472 857 643 902 num
711 837 959 900 Iesum
1026 836 1678 918 prophetauerunt
1745 837 1818 898 et
1891 834 1957 898 ei
2024 835 2345 918 gloriam
2423 851 2769 916 magnam

473 943 855 1006 dederunt.
931 941 1124 1004 hunc
1186 958 1329 1003 non
1376 943 1756 1021 tamquam
1803 955 2053 1022 parem
2117 937 2264 1002 sibi
2327 957 2461 1001 nec
2519 937 2592 1000 in
2655 955 2769 1000 ea-

473 1048 633 1111 dem
717 1046 1246 1110 miraculorum
1326 1043 1669 1126 potentia
1752 1043 2248 1126 superiorem,
2333 1042 2460 1106 sed
2545 1043 2766 1125 plene

474 1151 847 1216 dominum
894 1150 1105 1213 deum
1161 1149 1489 1212 omnium
1538 1151 1610 1212 et
1654 1147 2030 1212 hominem
2077 1150 2382 1230 propter
2427 1145 2769 1210 homines

473 1257 752 1320 factum
814 1257 1211 1318 uenturum
1275 1252 1982 1336 pronuntiauerunt.
2061 1251 2186 1333 qui
2245 1255 2641 1334 propterea
2697 1253 2772 1314 et

472 1363 633 1444 ipse
680 1361 865 1423 talia
911 1360 1157 1423 facere
1205 1357 1476 1438 uoluit,
1523 1376 1612 1420 nc
1660 1361 1866 1420 esset
1913 1355 2346 1436 absurdum,
2408 1373 2596 1438 quae
2641 1375 2770 1437 per

473 1465 646 1528 illos
707 1465 1021 1542 fecerat,
1086 1463 1144 1525 si
1205 1461 1365 1544 ipse
1427 1479 1568 1524 non
1629 1461 1935 1524 faceret.
2015 1460 2140 1524 sed
2197 1463 2448 1524 tamen
2509 1463 2582 1524 et
2641 1460 2770 1523 ali-

474 1569 645 1652 quid
692 1567 1075 1652 proprium
1122 1567 1370 1630 facere
1416 1565 1708 1645 debuit,
1757 1565 1964 1629 nasci
2007 1565 2091 1629 de
2131 1565 2454 1648 uirgine,
2503 1583 2540 1628 a
2585 1583 2770 1629 mor-

474 1675 623 1738 tuis
670 1691 1098 1755 resurgere,
1153 1671 1227 1734 in
1274 1671 1564 1735 caelum
1613 1670 2036 1735 ascendere.
2114 1669 2249 1734 hoc
2298 1670 2428 1734 deo
2475 1671 2598 1752 qui
2649 1688 2771 1752 pa-

473 1797 628 1843 rum
676 1781 920 1860 putat,
968 1775 1145 1858 quid
1189 1777 1358 1859 plus
1406 1779 1752 1858 expectet
1797 1775 2077 1859 ignoro.

560 1882 853 1946 XXVIII.
904 1881 1024 1946 Sed
1072 1881 1251 1961 forte,
1299 1881 1444 1962 quia
1487 1880 1554 1944 hi
1601 1899 1752 1962 quos
1818 1878 2328 1944 enumerauimus
2387 1879 2505 1942 uiri
2565 1879 2626 1943 in
2678 1879 2770 1942 di-

474 1987 671 2052 uersis
706 1985 923 2050 mundi
962 1985 1247 2068 partibus
1294 1985 1569 2067 fuerunt,
1617 1985 1827 2050 minus
1867 1983 2224 2068 probabiles
2257 1983 2372 2048 tibi
2403 1984 2768 2048 auctoritate

474 2093 826 2156 uideantur:
874 2090 1205 2154 ridiculum
1238 2090 1301 2154 id
1331 2090 1608 2172 quidem,
1656 2090 1801 2172 quia
1839 2089 1974 2154 loco
2007 2089 2162 2153 fides
2197 2107 2320 2153 non
2351 2089 2768 2170 imminuitur,

474 2201 537 2261 et
581 2196 730 2278 quid
777 2196 859 2259 sit
903 2195 1063 2277 quiS‚
1112 2213 1235 2260 non
1280 2193 1388 2258 ubi
1434 2195 1536 2276 sit,
1603 2195 2145 2274 considerandum,
2205 2195 2576 2276 praesertim
2622 2212 2766 2257 cum

471 2302 685 2384 religio
747 2319 964 2365 omncs
1028 2299 1205 2364 uniat
1264 2302 1326 2363 et
1384 2300 1447 2363 hi
1508 2300 1618 2382 qui
1680 2299 1744 2364 in
1807 2299 1927 2362 fide
1987 2317 2116 2364 una
2175 2303 2325 2364 sunt
2383 2301 2446 2363 in
2514 2317 2770 2380 corpore

473 2425 718 2490 quoque
766 2423 889 2468 uno
936 2424 1072 2468 esse
1121 2409 1479 2468 noscantur.
1560 2404 1670 2468 scd
1717 2407 1932 2469 tamen
1978 2405 2218 2486 aliquos
2266 2403 2402 2484 tibi,
2447 2423 2602 2486 quos
2643 2422 2770 2468 nou

476 2512 802 2595 despicias,
850 2511 1039 2574 etiam
1072 2511 1147 2573 de
1180 2510 1588 2574 orientalibus
1623 2511 2031 2593 proferemus,
2095 2508 2453 2593 Gregorius,
2495 2510 2772 2592 splendi-

474 2616 807 2680 dissimum
854 2615 1147 2679 scientiae
1196 2634 1268 2678 ac
1314 2615 1628 2678 doetrinae
1676 2614 1873 2695 iubar,
1923 2617 2048 2697 qui,
2095 2634 2240 2678 cum
2289 2616 2436 2677 olim
2481 2614 2608 2677 iam
2639 2614 2774 2675 uita

474 2720 724 2783 functus
772 2721 872 2799 sit,
921 2722 1110 2784 etiam
1156 2738 1325 2784 nunc
1370 2724 1583 2783 tamen
1631 2720 1998 2783 auctoritate
2032 2738 2103 2783 ac
2149 2720 2268 2782 fide
2301 2719 2482 2799 uiuit,
2529 2722 2772 2781 etcum

476 2825 625 2889 olim
671 2825 795 2888 iam
844 2843 1096 2909 corpore
1143 2823 1309 2888 absit
1356 2825 1433 2888 ab
1482 2825 1784 2905 ecclesiiS,
1831 2844 1984 2888 uoce
2034 2828 2246 2888 tamen
2292 2841 2364 2886 ac
2409 2823 2774 2907 magisterio

476 2948 599 2994 non
661 2930 922 3009 recedit,
984 2948 1147 2992 cum
1216 2948 1417 3012 ergo,
1480 2929 1713 3012 inquit,
1775 2929 2276 3013 processisset
2335 2948 2416 2991 ex
2477 2928 2772 3011 uirgine

476 3034 655 3098 deus
702 3034 776 3097 in
834 3052 919 3097 ea
964 3052 1178 3115 quam
1240 3034 1768 3117 adsumpserat
1812 3034 2132 3097 humana
2191 3037 2486 3113 natura,
2547 3050 2774 3095 unum

478 3158 508 3197 e
572 3138 861 3203 duobus
924 3138 1069 3201 sibi
1130 3140 1453 3203 inuicem
1514 3136 1922 3203 contrariis
1987 3140 2348 3217 existenS,
2410 3156 2628 3201 carne
2692 3156 2776 3199 ac

478 3244 778 3326 spiritu,
850 3243 1048 3306 aliud
1118 3244 1190 3307 in
1252 3244 1464 3307 deum
1536 3244 1986 3323 adsumitur,
2057 3244 2260 3307 aliud
2326 3244 2398 3307 in
2461 3242 2774 3305 deitatis

690 3432 743 3499 1]
782 3432 949 3501 Epist.
980 3432 1296 3495 CXXXVII,
1338 3448 1447 3501 cap.
1485 3435 1519 3485 4
1556 3434 1682 3501 (13)
1826 3433 1918 3502 23]
1958 3432 2175 3501 Gregor.
2213 3434 2457 3487 Nazianz.
2497 3448 2654 3503 opera
2689 3432 2776 3487 ed

478 3520 583 3574 Iac.
620 3519 811 3573 Billius
849 3520 911 3587 (Ρ
917 3519 1089 3572 ·u·isiis
1128 3521 1299 3588 16‘,3o)
1338 3520 1548 3583 tom.1‚
1585 3536 1637 3588 p.
1675 3522 1778 3575 620
1825 3520 2016 3585 (oratio
2055 3520 2387 3588 XXXVIII).
2433 3520 2686 3588 spoewe-1»,
2721 3520 2778 3569 δὲ

479 3610 527 3657 os
510 3605 583 3665 εὸς
632 3624 715 3675 με
694 3604 751 3657 τὰ
796 3611 879 3670 τῆς
926 3604 1250 3675 προσὶήψεως
1296 3606 1345 3656 ἓν
1385 3626 1436 3657 εκ
1473 3606 1559 3657 ὂὺο
1597 3608 1694 3657 τῶν
1733 3606 1975 3671 ἐναντίων,
2024 3607 2203 3677 σαρκὸς
2241 3608 2320 3657 καὶ
2357 3608 2642 3677 πνεύματος·
2705 3599 2778 3657 ὧν

480 3690 533 3744 τὸ
574 3692 715 3760 μὲνε
697 3692 891 3756 godwera,
929 3710 984 3744 το
1022 3692 1073 3744 δὲ
1111 3692 1183 3744 ἐθε
1166 3692 1304 3759 ώθη.
1367 3688 1409 3743 ὦ
1446 3697 1531 3759 τῆς
1568 3698 1735 3759 καινῆς
1776 3692 1970 3764 μὶςεως,
2007 3688 2050 3745 ὦ
2087 3698 2173 3759 τῆς
2217 3693 2490 3763 παραδόξου
2527 3692 2778 3763 κράσεως.

480 3779 506 3831 ὁ
545 3798 613 3831 ων
649 3778 833 3850 γίνεται
870 3799 949 3831 και
986 3778 1012 3831 ὁ
1050 3776 1271 3839 ἄκτιστος
1308 3780 1515 3841 κτίζεται
1554 3780 1634 3831 καὶ
1671 3780 1696 3831 ὁ
1735 3778 1990 3851 οἷχώρητος
2035 3783 2274 3853 χωρεῖται
2310 3777 2392 3832 διὰ
2429 3780 2578 3850 μέσης
2614 3779 2778 3849 ψυχῆς

481 3867 646 3937 νοερᾶς
686 3866 1028 3937 μεσιτευοῦσης
1066 3867 1253 3935 Θεότητι
1290 3868 1371 3919 καὶ
1408 3864 1585 3938 σαρκὸς
1623 3868 1880 3939 παχύτητι,
1917 3868 1998 3920 καὶ
2035 3868 2060 3920 ὁ
2098 3868 2374 3929 πλουτίζων
2409 3866 2668 3938 πτωχεύει.

575 4063 599 4116 l
639 4058 864 4129 epistola
898 4060 967 4115 N
1052 4060 1178 4129 epla
1205 4078 1249 4130 Ρ
1378 4062 1412 4115 2
1451 4075 1623 4114 moses
1659 4060 1743 4114 N¹
1873 4060 2206 4115 ueracissimi
2243 4062 2388 4132 Asty.
2517 4064 2551 4117 3
2585 4058 2702 4115 ihm
2730 4080 2778 4131 Ρ

482 4146 758 4202 Christum
783 4150 927 4218 Auq.
1036 4148 1315 4217 magnam]
1352 4162 1527 4211 meam
1552 4148 1620 4203 N
1721 4146 1948 4216 gloriam
1987 4166 2239 4217 magnam
2265 4150 2310 4202 ei
2336 4152 2481 4219 Any.
2589 4152 2616 4204 4
2655 4152 2780 4202 tan-

482 4250 641 4302 quam
658 4254 702 4305 Ρ
811 4238 843 4290 5
876 4235 1031 4305 plene
1054 4236 1223 4306 Npa:
1257 4234 1415 4305 plane
1444 4254 1475 4291 v
1498 4236 1644 4306 Aug.
1753 4238 1786 4291 8
1823 4236 1981 4305 quae]
2021 4236 2112 4304 qui
2135 4238 2235 4306 ΝΡ
2343 4240 2376 4292 9
2413 4236 2484 4306 si]
2521 4235 2622 4289 sibi
2648 4238 2778 4305 N¹p

482 4322 527 4375 si
565 4321 666 4374 sibi
704 4323 791 4377 N²
922 4324 986 4378 13
1022 4322 1099 4377 hii
1135 4340 1180 4391 Ρ
1323 4321 1521 4376 diuersi
1550 4341 1594 4393 Ρ
1701 4325 1770 4379 22
1807 4322 2014 4392 tamen]
2053 4324 2194 4378 tacffi
2233 4324 2300 4378 N
2399 4326 2467 4378 25
2505 4322 2680 4377 inuice
2713 4324 2786 4379 N

482 4424 695 4461 carnem
730 4409 799 4463 N
800 4412 854 4477 1Ρ
968 4412 1035 4463 26
1072 4409 1321 4478 spiritum
1352 4428 1396 4479 Ρ
1501 4410 1559 4463 in
1595 4416 1722 4465 ante
1759 4408 1973 4465 deitatis
2010 4430 2112 4467 οηι.
2156 4430 2184 4467 υ

2827 1593 2881 1632 10

2833 3161 2886 3199 25
