3167 4975
513 421 634 486 186
1314 423 1632 477 Iohannis
1676 423 1979 478 Cassiani

506 598 744 680 cespite
790 599 1174 681 pullulantes
1222 600 1426 663 sciens
1473 601 1759 682 protinus
1807 601 2259 683 extinguendas
2307 601 2547 684 origine.
2596 600 2797 666 morbi

505 701 865 784 principalis
913 706 1218 786 exempta.

591 807 726 870 XV.
783 806 1212 870 Nihilominus
1281 811 1494 872 tamen
1569 813 1643 873 ut
1709 809 2289 892 perspicacissimus
2360 827 2431 874 ac
2499 809 2799 893 prouidus

505 910 784 975 medicus
831 929 956 975 non
1003 912 1208 975 solum
1252 911 1690 976 infirmantum
1736 913 1911 996 cupit
1954 914 2193 977 mederi
2238 914 2626 994 uulneribus,
2688 912 2800 978 sed

505 1015 697 1079 etiam
743 1017 934 1096 saniS,
1001 1015 1231 1098 quibus
1281 1035 1496 1081 eorum
1541 1017 1743 1100 possit
1786 1022 2089 1101 perpetua
2149 1019 2416 1101 sospitas
2476 1018 2797 1099 custodiri,
2882 1046 2909 1083 5

503 1121 796 1184 similiter
827 1122 1234 1204 congruentia
1278 1127 1613 1205 praecepta
1646 1124 2045 1187 commendat
2085 1123 2326 1188 dicens:
2375 1143 2503 1188 uos
2552 1127 2801 1188 autem

506 1225 742 1290 nolite
790 1225 1119 1289 deficere
1165 1225 1354 1290 bene
1404 1227 1795 1292 facientes.
1844 1227 1951 1309 qui
1984 1245 2118 1307 noS,
2161 1228 2224 1292 id
2256 1232 2353 1293 est
2384 1230 2518 1292 uias
2551 1232 2799 1292 nostras

506 1333 820 1394 sectantes
869 1331 1154 1413 exempla
1207 1330 1388 1395 uobis
1435 1331 1667 1396 tradita
1710 1333 1914 1414 operis
1960 1331 2311 1396 imitatione
2360 1334 2665 1416 conpletis
2726 1351 2801 1395 ac

505 1452 900 1516 nequaquam
949 1452 1165 1498 eorum
1197 1435 1504 1499 desidiam
1550 1436 1968 1518 inertiamque
2002 1437 2349 1518 sectamini,
2398 1438 2635 1501 nolite
2682 1437 2800 1500 de-

503 1538 734 1602 ficere
780 1538 964 1603 bene
1009 1539 1402 1620 facienteS,
1447 1539 1509 1603 id
1541 1544 1641 1604 est
1670 1541 2131 1606 humanitatem
2162 1545 2443 1606 uestram
2490 1559 2641 1625 erga
2670 1560 2797 1622 eoS,
2858 1571 2911 1609 ιο

505 1644 557 1706 si
604 1643 762 1708 forte
802 1645 1191 1727 neglexerint
1235 1643 1570 1708 obseruare
1619 1663 1775 1726 quae
1810 1645 2100 1726 diximuS,
2146 1646 2437 1710 similiter
2482 1646 2795 1728 inpertite.

503 1752 574 1811 ut
619 1747 956 1830 castigauit
1017 1747 1157 1812 illos
1205 1749 1312 1829 qui
1359 1751 1538 1812 erant
1581 1748 1837 1830 infirmi,
1900 1769 1979 1813 ne
2040 1750 2162 1814 otio
2210 1749 2496 1814 dissoluti
2555 1750 2799 1832 inquie-

503 1852 707 1916 tudini
755 1857 816 1916 et
857 1852 1202 1916 curiositati
1233 1871 1488 1935 operam
1519 1853 1765 1934 darent,
1810 1855 1899 1918 ita
1944 1854 2057 1918 hos
2106 1854 2209 1936 qui
2240 1855 2378 1918 sani
2424 1857 2573 1918 sunt
2616 1873 2799 1937 prae-

505 1961 738 2037 monet,
786 1960 857 2019 ut
901 1957 1380 2038 humanitatem,
1427 1975 1621 2038 quam
1665 1958 1845 2022 bonis
1894 1977 1966 2022 ac
2000 1959 2183 2023 malis
2228 1958 2527 2042 inpertire
2560 1958 2797 2023 domini

502 2064 832 2144 praecepto
878 2060 1188 2142 iubemur,
1237 2063 1290 2124 si
1335 2062 1496 2125 forte
1543 2062 1799 2144 quidam
1839 2063 2019 2146 praui
2068 2063 2146 2126 ad
2192 2081 2412 2127 sanam
2446 2063 2795 2128 doctrinam
2856 2091 2911 2130 ιε,

505 2166 786 2231 conuerti
847 2166 1181 2247 noluerint,
1243 2186 1367 2232 non
1415 2165 1746 2232 abscidant
1790 2167 1868 2231 ab
1918 2167 2027 2248 εἰς,
2090 2169 2198 2231 sed
2257 2168 2419 2232 bene
2466 2169 2671 2232 facere
2734 2173 2795 2232 et

505 2271 716 2334 fouere
779 2289 882 2335 eos
952 2274 1086 2336 tam
1149 2272 1592 2337 consolationis
1655 2276 1719 2336 et
1784 2273 2187 2355 correptionis
2258 2292 2545 2338 sermone
2608 2291 2797 2356 quam

504 2374 827 2439 beneficiis
874 2376 1074 2439 solitis
1122 2380 1185 2439 et
1229 2376 1627 2441 humanitate
1672 2393 1797 2440 non
1845 2377 2154 2441 desinant.

591 2480 760 2545 XVI.
795 2480 1072 2545 Rursum
1118 2483 1352 2561 tamen,
1401 2500 1480 2546 ne
1523 2481 1683 2546 forte
1729 2482 1847 2546 hac
1890 2482 2151 2547 lenitate
2190 2483 2510 2566 prouocati
2540 2482 2795 2565 quidam

504 2586 851 2669 praeceptis
914 2586 1047 2649 eius
1103 2586 1390 2651 oboedire
1452 2590 1880 2666 contemnant,
1942 2587 2333 2651 intermiscet
2392 2588 2795 2671 apostolicam
2854 2617 2912 2655 20

507 2691 934 2754 seueritatem:
999 2690 1264 2772 quodsi
1312 2691 1475 2772 quis
1524 2710 1666 2755 non
1721 2690 2025 2756 oboedit
2079 2692 2306 2756 uerbo
2368 2696 2623 2757 nostro
2670 2711 2797 2775 per

507 2794 932 2876 epistulam,
978 2794 1170 2858 hunc
1217 2798 1474 2859 notate
1523 2800 1595 2859 et
1640 2796 1875 2860 nolite
1922 2796 2394 2860 commisceri
2440 2815 2603 2861 cum
2642 2797 2795 2877 illo,

506 2902 586 2962 ut
626 2899 1146 2963 confundatur.
1211 2918 1596 2981 monensque
1629 2919 1733 2964 eos
1766 2920 1875 2983 pro
1906 2901 2257 2965 reuerentia
2288 2902 2384 2964 sui
2431 2904 2495 2964 et
2525 2901 2797 2965 utilitate

506 3003 825 3067 communi
884 3004 1033 3085 quid
1079 3008 1364 3087 oporteat
1424 3004 1747 3069 obseruari
1798 3024 2045 3087 quaque
2104 3006 2393 3069 cautione
2456 3006 2799 3089 apostolica

505 3109 804 3172 mandata
848 3110 1222 3188 custodiant,
1280 3109 1605 3192 subiungit
1650 3110 1983 3175 confestim
2028 3111 2225 3193 patris
2270 3110 2797 3194 indulgentissimi
2854 3140 2912 3178 25

504 3213 854 3293 lenitatem,
913 3218 976 3277 et
1019 3218 1090 3277 ut
1133 3213 1296 3278 filios
1343 3233 1511 3293 suoS,
1558 3233 1749 3296 quem
1797 3233 1947 3299 erga
1989 3216 2339 3298 praedictos
2383 3234 2495 3298 pro
2541 3216 2798 3279 caritate

503 3317 916 3381 fraternitatis
949 3318 1248 3381 affectum
1279 3318 1550 3383 debeant
1580 3320 1871 3400 retinere,
1905 3320 2193 3383 similiter
2216 3320 2423 3383 docet:
2460 3324 2531 3383 et
2562 3319 2797 3383 nolite

506 3423 722 3503 quasi
784 3423 1172 3486 inimicum
1219 3424 1677 3505 existimare,
1740 3425 1866 3487 sed
1913 3425 2274 3507 corripite
2323 3428 2401 3487 ut
2460 3425 2793 3488 fratrem.

713 3560 830 3630 o]1.
858 3578 901 3616 c..
930 3564 1011 3618 13.
1089 3562 1175 3632 14]
1199 3561 1392 3616 matth.
1421 3566 1468 3625 5,
1494 3564 1717 3617 43—45.
1789 3563 1882 3631 21]
1918 3561 1977 3616 11
2004 3562 2373 3625 Thess.3‚14.
2446 3562 2538 3631 27]
2575 3562 2611 3617 1.
2638 3578 2680 3615 c.
2713 3565 2793 3618 15.

599 3688 624 3740 1
655 3684 908 3752 cespitem
934 3684 1009 3738 L¹
1082 3682 1286 3751 origine
1310 3685 1385 3738 L¹
1476 3686 1508 3739 2
1534 3688 1752 3753 excepta
1775 3702 1841 3740 em
1866 3685 2084 3753 excepta*
2106 3686 2175 3753 L,
2202 3702 2304 3739 om.
2333 3685 2400 3739 H
2482 3686 2517 3737 3
2542 3684 2709 3738 XIIII
2734 3686 2807 3739 H

506 3774 538 3825 6
563 3771 810 3824 similiter
833 3787 959 3839 ergo
985 3772 1038 3825 L
1121 3771 1429 3825 commodat
1451 3773 1505 3826 L
1596 3776 1627 3827 7
1653 3772 1742 3840 qui
1768 3788 1864 3825 uos
1890 3772 1945 3825 id
1972 3776 2053 3825 est
2077 3772 2167 3839 qui
2194 3772 2309 3825 uias
2332 3772 2387 3826 L
2476 3775 2509 3828 8
2534 3775 2800 3825 sectantes

504 3876 606 3913 om.
633 3860 685 3913 L
779 3858 863 3926 ac]
891 3862 948 3911 at
973 3860 1040 3913 ΙΙ
1132 3862 1191 3915 11
1233 3858 1385 3929 quae]
1414 3859 1554 3927 quod
1579 3862 1649 3915 H
1738 3860 1989 3930 inpertire
2019 3860 2091 3914 6¹
2192 3862 2255 3915 12
2282 3858 2511 3913 desoluti
2536 3861 2619 3914 Η1
2714 3858 2799 3912 in-

503 3944 812 4014 quietudine
849 3947 924 4000 L¹
1036 3949 1100 4001 13
1136 3946 1232 4000 hos
1261 3988 1271 3999 .
1301 3990 1311 4000 .
1341 3989 1351 4000 .
1383 3949 1446 4001 14
1485 3948 1548 3999 ut
1570 3964 1672 4001 om.
1699 3948 1753 4001 L
1829 3950 1891 4002 15
1918 3946 2134 4015 quidem
2160 3948 2231 4001 H
2334 3949 2398 4002 16
2422 3946 2711 3999 noluerunt
2736 3948 2805 4000 H

505 4031 784 4085 abscidant
824 4033 951 4087 GT.-
987 4032 1276 4087 abscedant
1300 4034 1415 4087 HL
1488 4032 1809 4087 abscindant
1831 4052 1863 4088 v
1974 4036 2037 4089 18
2060 4033 2311 4086 beneficis
2338 4035 2403 4088 H
2408 4038 2421 4070 ¹
2528 4037 2583 4087 et
2607 4051 2708 4088 om.
2734 4034 2805 4087 H

509 4122 572 4175 19
599 4119 694 4173 XV
720 4122 789 4175 H
887 4136 947 4172 ac
985 4122 1060 4173 L¹
1169 4122 1236 4175 20
1265 4120 1584 4173 intermiscit.
1621 4122 1689 4174 H
1753 4120 2069 4174 interminat
2105 4120 2397 4189 apostoliea
2434 4121 2715 4174 seueritate
2742 4122 2797 4175 L

505 4208 573 4261 22
598 4206 876 4276 epistolam
906 4208 1098 4262 G²HL
1171 4210 1239 4262 23
1268 4224 1362 4261 sua
1389 4209 1440 4261 L
1547 4211 1617 4262 24
1654 4208 1919 4261 commoni
1948 4209 2013 4262 H
2026 4212 2039 4243 ¹
2146 4207 2427 4261 obseruare
2457 4208 2601 4262 6²11
2664 4224 2799 4275 qua-

505 4310 730 4361 cumque
758 4296 825 4349 H
925 4298 990 4350 25
1027 4298 1205 4363 pat-res
1232 4296 1283 4347 L
1355 4297 1424 4350 26
1459 4298 1522 4347 ut
1557 4298 1613 4347 et
1637 4295 1706 4348 H
1794 4295 2035 4348 claritate
2070 4296 2139 4349 H
2226 4298 2291 4349 27
2330 4294 2692 4349 fraternitates
2721 4296 2797 4349 6¹

507 4386 741 4436 retenere
778 4383 846 4436 H
912 4382 1150 4435 redibere
1187 4382 1238 4436 L
1345 4384 1414 4437 28
1452 4383 1702 4452 estimare
1740 4384 1791 4437 L
