3167 4975
243 1599 296 1638 10

238 2123 294 2160 15

231 2648 294 2684 20

1133 454 1290 507 lust.
1332 454 1440 508 lib.
1479 455 1605 520 XII,
1647 457 1865 511 17—18.
2512 455 2639 518 219

351 629 478 692 sed
543 629 846 693 dextera
908 633 1067 709 tua,
1130 635 1212 694 et·
1261 631 1647 696 brachium
1710 635 1954 711 tuum,
2018 635 2091 694 et
2156 631 2639 694 inluminatio

351 733 610 796 uultus
673 735 812 797 tui:
877 735 1226 815 quoniam
1292 737 1729 819 conplacuit
1782 735 1925 799 tibi
1986 736 2059 798 in
2108 735 2232 797 eis.
2326 738 2645 816 postremo
2696 751 2730 803 6

353 838 648 902 uniuersa
711 838 1015 902 beneficia
1076 840 1210 903 eius
1272 857 1416 904 cum
1479 842 1829 923 gratiarum
1893 840 2137 903 actione
2199 843 2409 902 mente
2470 839 2641 903 solli-

350 943 478 1007 cita
536 944 990 1026 perlustrantes
1047 964 1234 1028 super
1296 946 1394 1010 his
1450 946 1767 1026 omnibuS‚
1827 945 1991 1026 quod
2054 944 2155 1007 uel
2216 944 2641 1028 pugnauimus

351 1049 450 1111 uel
513 1049 1060 1114 inluminationem
1123 1050 1422 1114 scientiae
1483 1052 1582 1115 uel
1646 1050 2045 1133 disciplinam
2106 1049 2499 1113 discretionis
2560 1049 2639 1112 ab

351 1171 423 1215 eo
471 1155 788 1216 consecuti
836 1173 1076 1234 sumuS,
1124 1155 1226 1218 uel
1273 1156 1438 1236 quod
1487 1155 1617 1218 suis
1666 1174 1779 1219 nos
1828 1154 2018 1218 armis
2066 1153 2361 1217 instruxit
2408 1157 2469 1216 et.
2517 1153 2643 1216 uir-

349 1258 505 1320 tutis
553 1259 803 1340 cingulo
836 1259 1247 1338 conmuniuit,
1297 1261 1396 1323 uel
1430 1259 1595 1341 quod
1641 1261 2033 1324 inimicorum
2064 1261 2421 1322 nostrorum
2464 1256 2641 1321 nobis

349 1360 640 1443 praebuit
672 1362 926 1426 dorsum
959 1367 1022 1426 et
1066 1363 1286 1427 tribuit
1331 1365 1635 1428 uirtutem
1682 1363 2149 1428 comminuendi
2196 1380 2315 1426 eos
2362 1367 2442 1425 ut
2486 1362 2643 1444 pul-

349 1485 599 1529 uerem
633 1471 804 1530 ante
851 1467 1118 1530 faciem
1151 1469 1387 1548 uenti,
1435 1470 1657 1532 intimo
1689 1469 1889 1532 cordis
1924 1467 2152 1530 affectu
2184 1467 2530 1530 clamemus
2564 1465 2641 1529 ad

351 1589 524 1633 eum:
588 1570 894 1654 diligam
955 1576 1026 1635 te
1074 1572 1366 1636 domine
1429 1573 1673 1636 uirtus
1736 1591 1923 1636 mea:
1987 1571 2329 1636 dominus
2391 1571 2642 1635 firma-

351 1680 682 1739 mentum
729 1695 988 1757 meum,
1038 1681 1108 1740 et
1153 1677 1530 1761 refugium
1577 1697 1836 1758 meum,
1884 1683 1956 1741 et
2000 1676 2367 1740 liberator
2414 1693 2639 1739 meua.

351 1781 529 1843 deus
578 1799 781 1844 meus
830 1781 1125 1846 adiutor
1172 1801 1398 1862 meus,
1447 1787 1518 1846 et
1563 1783 1878 1865 sperabo
1924 1785 1995 1846 in
2038 1801 2217 1845 eum.
2268 1785 2642 1864 protector

349 1903 576 1964 meuS,
625 1890 696 1949 et
739 1905 965 1949 cornu
1022 1887 1292 1951 salutis
1341 1905 1563 1967 meae,
1628 1891 1699 1951 et
1747 1891 2139 1969 susceptor
2186 1905 2409 1949 meus
2487 1886 2641 1948 lau·-

350 1989 534 2053 dans
568 1989 932 2054 inuocabo
965 1990 1372 2055 dominum:
1409 1996 1478 2055 et
1509 1991 1597 2056 ab
1630 1993 1959 2056 inimicis
1994 1992 2174 2054 meis
2208 1990 2463 2053 saluus
2497 2007 2637 2053 ero.

437 2093 670 2157 XVIII.
719 2095 858 2158 Non
923 2096 1126 2158 solum
1173 2114 1283 2178 pro
1345 2095 1444 2159 his
1506 2098 1560 2160 ei
1621 2098 1856 2180 gratias
1906 2095 2269 2168 referentes,
2328 2094 2492 2176 quod
2540 2095 2639 2158 uel

347 2198 750 2262 rationabiles
815 2218 925 2262 uos
983 2200 1258 2265 condidit
1319 2202 1420 2265 uel
1467 2201 1645 2264 liberi
1710 2201 1949 2264 arbitrii
2012 2204 2323 2283 potestate
2384 2199 2643 2263 donauit

349 2304 448 2366 uel
496 2302 796 2386 baptismi
845 2304 1108 2387 largitus
1157 2309 1254 2368 est
1299 2305 1570 2387 gratiam
1632 2305 1735 2369 uel
1799 2306 2125 2369 scientiam
2186 2304 2345 2386 legis
2402 2303 2643 2368 adiuto-

349 2407 636 2490 riumque
676 2409 1007 2489 concessit,
1056 2409 1164 2472 sed
1207 2409 1395 2473 etiam
1444 2427 1555 2493 pro
1602 2410 1721 2491 his,
1770 2427 1929 2492 quae
1978 2427 2127 2493 erga
2171 2427 2284 2471 nos
2332 2408 2643 2472 cotidiana

351 2513 483 2576 eius
543 2513 936 2596 prouidentia
982 2516 1408 2595 conferuntur,
1469 2516 1635 2596 quod
1683 2515 1921 2579 scilicet
1980 2514 2481 2579 aduersariorum
2530 2532 2641 2577 nos

349 2617 590 2681 insidiis
636 2618 882 2698 liberat,
945 2618 1108 2701 quod
1155 2623 1525 2703 cooperatur
1570 2620 1633 2684 in
1682 2620 1883 2699 nobiS,
1944 2624 2015 2683 ut
2075 2620 2277 2682 carnis
2324 2618 2481 2681 uitia
2538 2636 2644 2682 su-

347 2740 566 2804 perare
613 2724 949 2805 possimus,
1014 2723 1176 2805 quod
1227 2741 1264 2786 a
1323 2724 1618 2806 periculis
1666 2742 1779 2787 nos
1840 2724 2035 2787 etiam
2080 2724 2441 2806 ignorantes
2502 2741 2643 2806 pro—

349 2828 527 2909 tegit,
589 2828 753 2909 quod
801 2846 838 2891 a
898 2828 1080 2910 lapsu
1141 2829 1381 2910 peccati
1446 2829 1812 2908 communit,
1877 2828 2041 2909 quod
2102 2827 2361 2891 adiuuat
2420 2845 2533 2891 nos
2582 2832 2641 2891 et

349 2932 708 3011 inluminat,
741 2935 813 2995 ut
843 2933 1050 3015 ipsum
1084 2933 1464 2997 adiutorium
1497 2936 1805 3013 nostrum,
1839 2932 2003 3013 quod
2030 2950 2151 2995 non
2185 2931 2354 2995 aliud
2386 2933 2641 3013 quidam

347 3036 751 3119 interpretari
785 3038 1005 3101 uolunt
1035 3056 1226 3117 quam
1258 3038 1486 3120 legem,
1533 3036 1901 3119 int-ellegere
1951 3041 2013 3101 et
2054 3054 2389 3119 agnoscere.
2438 3038 2643 3100 ualea-

347 3160 515 3221 muS,
562 3142 724 3224 quod
771 3160 880 3225 pro
927 3144 1342 3225 neglegentiis
1391 3143 1757 3224 delictisque
1801 3144 2027 3206 nostris
2076 3143 2207 3205 eius
2240 3142 2641 3225 inspiratione

347 3246 622 3309 latenter
653 3248 1132 3329 conpungimur,
1179 3247 1342 3329 quod
1389 3248 1749 3330 dignatione
1782 3248 1915 3310 eius
1964 3248 2202 3311 uisitati
2233 3246 2643 3310 saluberrime

347 3352 754 3432 castigamur,
815 3351 978 3433 quod
1035 3352 1112 3414 ab
1176 3370 1246 3415 eo
1312 3370 1787 3433 nonnumquam
1850 3352 2043 3415 etiam
2088 3351 2269 3415 inuiti
2331 3351 2643 3415 trahimur

345 3454 428 3518 ad
476 3456 768 3535 salutem,
832 3462 1146 3539 postremo
1192 3458 1339 3539 quia
1387 3458 1591 3539 ipsum
1641 3457 1909 3521 liberum
1957 3456 2285 3520 arbitrium
2333 3462 2639 3536 nostrum,

557 3637 614 3705 8]
653 3638 740 3691 Ps.
773 3641 852 3701 17,
878 3641 960 3693 43.
1076 3638 1161 3706 101
1201 3638 1288 3692 Ps.
1323 3642 1398 3701 17,
1426 3640 1579 3694 2--4.

435 3806 470 3858 2
505 3802 662 3856 faciei
709 3806 828 3855 tuae
865 3804 983 3857 HT
1152 3803 1453 3872 conplacuit
1493 3802 1592 3856 tibi
1636 3805 1683 3857 G
1696 3804 1763 3857 T.-
1808 3802 2359 3872 con(com-)plaouisti
2400 3804 2549 3859 HLv
2590 3810 2640 3860 et

354 3892 516 3960 Uuly.
613 3894 646 3943 6
671 3907 766 3943 nos
793 3891 902 3942 suis
929 3891 995 3944 H
1095 3890 1321 3944 intruxit.
1347 3892 1412 3944 Il
1503 3894 1532 3945 7
1570 3890 1925 3944 communiuit
1954 3892 2060 3945 GL
2156 3894 2189 3946 8
2219 3894 2270 3943 et
2306 3890 2554 3945 retribuit
2580 3892 2649 3945 H

342 3984 380 4035 9
421 3977 714 4030 clamamus
753 3978 819 4031 H
959 3980 1022 4032 10
1073 3977 1244 4029 uirtus
1282 3978 1361 4032 L:
1407 3977 1669 4030 fortitudo
1720 3978 1890 4031 GHT
1926 3984 1975 4031 et
2030 3980 2183 4047 Uuly.
2328 3977 2541 4031 domine
2588 3980 2637 4032 L

347 4069 412 4121 11
455 4064 710 4117 liberator
747 4080 890 4117 meos
935 4066 1006 4118 G¹
1119 4068 1181 4119 13
1219 4068 1268 4117 et
1301 4072 1428 4133 post
1467 4082 1613 4118 mea-e
1649 4084 1750 4119 om.
1790 4065 1897 4117 GT
1994 4064 2219 4117 laudans
2248 4109 2257 4118 .
2287 4108 2297 4118 .
2328 4108 2337 4117 .
2370 4067 2433 4120 14
2459 4065 2638 4119 saluus

343 4168 438 4206 ero
476 4171 578 4207 om.
607 4152 690 4206 Ηι
801 4153 863 4206 15
890 4152 962 4220 ei]
991 4155 1043 4204 et
1069 4152 1142 4205 L¹
1253 4151 1552 4204 refferentes
1581 4152 1645 4205 H
1750 4151 1834 4204 uel
1858 4170 1959 4206 om.
1980 4152 2033 4206 L
2146 4154 2209 4207 16
2234 4154 2551 4219 potestatem
2578 4154 2647 4207 H

347 4244 416 4297 17
456 4238 783 4293 adiutorium
821 4240 874 4294 L
1014 4241 1076 4293 21
1118 4254 1150 4291 a
1185 4258 1285 4294 om.
1325 4240 1377 4294 L
1520 4242 1590 4294 22
1626 4256 1657 4291 a
1692 4256 1793 4293 om.
1833 4240 1909 4292 L¹
2050 4242 2353 4291 commonet
2389 4256 2455 4293 εει·
2496 4254 2639 4292 com-

341 4330 540 4381 munet
577 4328 644 4382 H
745 4327 896 4380 iuuat
940 4328 994 4381 L
1110 4330 1176 4381 24
1216 4327 1386 4395 legem
1435 4326 1518 4380 dei
1564 4328 1633 4381 Η
1732 4329 1799 4381 25
1846 4325 2184 4394 negligentiis
2225 4326 2299 4381 6¹
2404 4326 2639 4395 inspera-

340 4416 494 4471 tione
531 4414 600 4468 H
699 4414 767 4469 26
805 4412 1198 4483 conpuggimur
1233 4415 1302 4469 H
1402 4412 1767 4482 dignationem
1804 4414 1881 4467 L¹
