3167 4975
271 1597 321 1634 10

271 2119 320 2158 15

265 3168 320 3208 25

1189 455 1350 509 Inst.
1389 455 1500 510 lib.
1541 456 1667 519 XII,
1710 458 1870 510 1—3.
2544 455 2669 520 207

377 649 568 712 quam
614 633 676 694 in
725 632 1010 696 homines
1057 633 1238 696 noxia
1283 631 1460 696 inflet
1505 633 1713 712 elatio,
1760 636 1977 695 tamen
2022 631 2177 694 illud
2208 632 2485 714 primum
2530 651 2671 714 spe-

376 736 611 800 cialiter
657 736 927 800 refertur
975 735 1053 799 ad
1100 735 1309 816 deum,
1358 737 1707 801 secundum
1754 736 1831 799 ad
1890 736 2177 800 homines
2223 736 2471 818 proprie
2532 755 2671 818 per-

375 840 556 904 tinet.
622 841 800 904 cuius
847 841 1154 924 originem
1201 859 1272 904 ac
1318 841 1594 905 remedia
1638 842 1702 905 in
1750 839 2199 923 posterioribus
2244 839 2444 905 libelli
2489 841 2673 905 huius

376 945 650 1008 donante
697 945 811 1009 deo
855 947 918 1009 in
967 951 1276 1026 quantum
1335 964 1671 1028 possumus
1720 963 2151 1026 exsequemur.
2230 962 2397 1007 nunc
2444 945 2519 1008 de
2565 944 2673 1010 illo

375 1050 598 1132 priore,
644 1069 767 1131 quo
813 1050 1078 1132 praefati
1110 1067 1329 1114 sumus
1377 1050 1685 1132 perfectos
1720 1049 2049 1133 praecipue
2086 1050 2403 1132 temptari,
2450 1067 2673 1132 propo-

376 1155 572 1218 situm
617 1153 800 1218 nobis
847 1157 944 1218 est
988 1173 1190 1237 pauca
1234 1154 1558 1219 disserere.

465 1259 580 1323 ΠΙ.
627 1257 890 1323 Nullum
938 1263 1036 1323 est
1079 1259 1274 1342 igitur
1321 1260 1489 1323 aliud
1521 1261 1770 1339 uitium,
1818 1259 1983 1341 quod
2014 1260 2105 1323 ita
2150 1277 2369 1322 omnes
2403 1259 2671 1322 uirtutes

377 1365 700 1428 exhauriat
751 1367 1098 1446 cunctaque
1144 1365 1380 1428 iustitia
1441 1368 1505 1427 et
1552 1365 1887 1428 sanctitate
1933 1363 2253 1427 hominem
2316 1364 2541 1446 spoliet
2600 1382 2671 1427 ac

377 1469 650 1532 denudet
708 1472 778 1532 ut
823 1469 1152 1551 superbiae
1209 1470 1468 1550 malum,
1531 1473 1859 1550 tamquam
1915 1469 2225 1552 generalis
2286 1469 2539 1550 quidam
2600 1486 2673 1532 ac

375 1573 634 1656 pestifer
681 1573 938 1637 morbus
986 1590 1110 1636 non
1157 1591 1356 1636 unum
1403 1574 1763 1637 membrum
1809 1577 2137 1656 partemue
2184 1574 2314 1637 eius
2347 1572 2671 1637 debilitare

375 1681 740 1758 contentus,
819 1677 928 1741 sed
985 1677 1255 1742 solidum
1315 1695 1539 1760 corpus
1602 1677 1775 1742 letali
1840 1679 2183 1759 corrumpit
2240 1678 2425 1741 exitio
2486 1681 2549 1740 et
2606 1677 2671 1740 in

375 1783 680 1847 uirtutum
741 1783 868 1846 iam
913 1783 1164 1865 fastigio
1225 1782 1580 1847 conlocatos
1627 1784 2007 1866 grauissima
2064 1783 2245 1846 ruina
2298 1781 2539 1846 deicere
2600 1800 2671 1845 ac

375 1887 684 1952 trucidare
731 1890 1010 1951 conatur.
1090 1905 1276 1951 omne
1325 1905 1598 1969 namque
1660 1887 1888 1951 uitium
1936 1888 2065 1951 suis
2127 1891 2225 1951 est
2269 1887 2552 1950 terminis
2599 1903 2671 1950 ac

375 1991 499 2056 fine
545 1995 932 2071 contentum,
981 1996 1043 2055 et
1085 1993 1236 2056 licet
1279 1994 1607 2057 contristet
1638 1993 1793 2056 alias
1841 2009 2085 2074 quoque
2118 1992 2407 2071 uirtuteS,
2455 1995 2674 2055 contra

375 2115 570 2160 unam
629 2101 844 2161 tamen
905 2097 1334 2178 principaliter
1393 2097 1597 2160 tendit
1644 2115 1907 2178 eamque
1968 2097 2315 2178 specialiter
2375 2096 2671 2177 opprimit

375 2206 438 2265 et
481 2202 808 2284 inpugnat.
887 2205 950 2264 et
995 2204 1066 2264 ut
1110 2201 1227 2264 hoc
1273 2202 1480 2282 ipsum
1525 2201 1689 2283 quod
1746 2201 2012 2266 diximus
2060 2201 2286 2264 clarius
2332 2201 2531 2282 possit
2576 2201 2671 2264 in·
2722 2210 2756 2262 2

375 2307 611 2388 tellegi,
658 2306 1118 2388 gastrimargia,
1168 2305 1228 2369 id
1262 2311 1356 2369 est
1387 2305 1705 2387 adpetitus
1739 2307 1979 2370 uentris
2026 2325 2133 2369 seu
2168 2306 2671 2386 concupiscentia

374 2411 559 2495 gulae
607 2411 1060 2493 temperantiae
1106 2411 1378 2493 rigorem
1413 2411 1777 2493 corrumpit,
1825 2412 2183 2475 castitatem
2229 2410 2421 2475 libido
2454 2413 2667 2474 conta-

375 2517 597 2595 minat,
643 2518 734 2580 ira
780 2518 1147 2599 patientiam
1194 2520 1424 2597 uastat,
1473 2520 1544 2579 ut
1592 2534 2067 2598 nonnumquam
2098 2518 2205 2579 uni
2252 2518 2388 2598 quis
2425 2516 2667 2581 deditus

374 2622 530 2685 uitio
589 2622 728 2684 aliis
775 2621 1115 2685 uirtutibus
1178 2639 1300 2684 non
1349 2621 1605 2703 penitus
1653 2622 2048 2701 destituatur,
2111 2621 2219 2683 sed
2266 2621 2373 2685 illa
2417 2624 2667 2685 tantum

373 2727 608 2789 uirtute
655 2730 964 2805 truncata,
1027 2745 1186 2807 quae
1235 2746 1266 2789 e
1315 2726 1560 2789 diuerso
1608 2726 1855 2789 aemulo
1902 2726 2018 2789 sibi
2064 2726 2218 2790 uitio
2278 2730 2668 2809 repugnante

376 2831 756 2911 subcumbit,
803 2831 1074 2911 reliquas
1107 2832 1304 2911 possit
1349 2830 1449 2894 uel
1485 2848 1558 2892 ex
1604 2836 1778 2911 parte
1810 2831 2101 2894 retinere.
2160 2831 2313 2893 haec
2344 2849 2493 2894 uero
2526 2849 2669 2893 cum

375 2936 692 3000 infelicem
739 2936 1088 3018 possederit
1133 2939 1431 3014 mentem,
1493 2940 1562 2998 ut
1608 2936 1859 3016 quidam
1908 2935 2317 2998 saeuissimus
2366 2939 2669 3017 tyrannus

376 3039 828 3103 sublimissima
876 3043 1058 3121 capta
1091 3058 1230 3103 arce
1278 3040 1584 3102 uirtutum
1617 3040 1979 3102 uniuersam
2024 3040 2307 3103 funditus
2349 3040 2671 3103 ciuitatem

377 3146 568 3209 diruit
613 3148 800 3225 atque
849 3144 1176 3223 subuertit,
1234 3143 1478 3206 excelsa
1523 3142 1839 3225 quondam
1887 3144 2236 3208 sanctitatis
2284 3146 2533 3208 moenia
2579 3146 2671 3208 ui-

377 3251 608 3314 tiorum
687 3249 818 3313 solo
897 3266 1249 3329 coaequans
1329 3251 1518 3329 atque
1598 3248 1982 3329 permiscens
2060 3249 2299 3312 nullam
2379 3249 2670 3331 deinceps

585 3404 642 3472 3]
682 3421 792 3472 cap.
827 3406 890 3457 24
932 3419 1043 3469 sqq.

485 3548 506 3599 l
553 3544 676 3598 illut
719 3544 764 3599 G
865 3546 898 3598 2
936 3544 1106 3597 fertur
1145 3544 1210 3597 H
1319 3542 1562 3611 propriae
1608 3542 1727 3595 012¹
1837 3542 2069 3609 pertenit
2107 3544 2172 3597 H
2271 3546 2304 3597 3
2340 3543 2671 3611 imposterio-

376 3632 526 3686 ribus
551 3632 603 3685 L
697 3634 732 3686 4
758 3631 1092 3699 exsequimur
1123 3630 1168 3683 (J
1225 3645 1541 3697 exequemur
1571 3630 1757 3683 6²va
1815 3630 2124 3697 exequimur
2145 3630 2276 3683 L¹T
2366 3634 2395 3683 5
2421 3632 2586 3698 priori
2612 3633 2681 3685 H

375 3719 692 3789 praecipuae
737 3718 784 3771 0
921 3720 954 3771 6
1001 3716 1240 3771 deserere
1277 3718 1340 3771 H
1480 3720 1510 3771 '7
1550 3715 1757 3769 nullum
1790 3758 1801 3769 .
1832 3759 1842 3767 .
1872 3758 1881 3769 .
1909 3716 2047 3784 quod
2090 3734 2245 3771 επακ.
2284 3718 2345 3771 ‘in
2390 3718 2435 3771 (Ξ
2574 3718 2672 3787 ita]

377 3807 518 3859 faeta
555 3808 630 3860 L¹
774 3808 807 3861 8
845 3806 1084 3859 exauriat
1119 3806 1186 3859 H
1325 3803 1530 3857 iustitia
1567 3809 1623 3856 et
1658 3803 1943 3856 sanctitate
1987 3804 2169 3857 GHT:
2204 3804 2439 3857 iustitiae
2477 3806 2673 3859 sancti-

373 3896 484 3947 tate
525 3893 632 3947 GL
739 3892 970 3960 expoliet
1005 3894 1056 3947 L
1167 3898 1230 3947 10
1269 3892 1544 3945 debilitate
1583 3892 1655 3945 θ’
1770 3894 1825 3945 11
1864 3890 2043 3943 laetali
2078 3892 2173 3944 CL
2281 3893 2580 3961 currumpit
2616 3894 2682 3946 H

377 3984 442 4036 12
468 3996 530 4033 ac
556 3980 822 4033 trucidare
849 3998 950 4035 om.
978 3981 1033 4034 L
1135 3984 1197 4035 13
1223 3980 1302 4031 sui
1335 3979 1408 4031 (3¹
1509 3980 1572 4034 14
1598 3994 1833 4045 quasque
1859 3979 1923 4031 H
2020 3982 2081 4032 15
2110 3994 2273 4031 unum
2306 3982 2379 4032 (Ρ
2480 3982 2543 4035 16
2569 3979 2675 4032 cla-

373 4070 486 4121 rius
523 4086 624 4123 om.
665 4068 716 4121 L
851 4070 914 4123 17
954 4067 1362 4136 gastrimargiae
1405 4067 1450 4120 (7
1534 4066 1905 4132 castrimargia
1943 4066 1995 4119 L
2127 4067 2550 4134 concupiscentie
2602 4069 2674 4121 6¹

377 4160 442 4213 18
483 4156 656 4223 rigore
694 4156 768 4209 L¹
883 4159 946 4209 19
985 4172 1090 4208 uno
1128 4154 1246 4221 quis
1283 4172 1350 4208 ex
1385 4154 1582 4221 iniquis
1621 4153 1674 4207 L
1782 4155 1849 4207 20
1892 4152 2206 4205 distituatur
2244 4155 2311 4207 H
2411 4152 2559 4206 illam
2599 4156 2673 4209 L¹

376 4245 438 4298 21
482 4243 672 4296 uirtuti
713 4244 788 4297 6¹
895 4260 922 4295 e
959 4262 1060 4297 om.
1101 4243 1152 4297 L
1259 4244 1328 4296 22
1365 4239 1675 4293 subcumbit
1711 4241 1791 4293 L.-
1827 4239 2129 4293 succumbit
2170 4240 2341 4294 CGH
2440 4246 2674 4294 retenere

373 4331 604 4385 uirtutes
645 4333 712 4385 H
828 4332 897 4386 23
933 4329 1220 4400 possiderit
1259 4330 1382 4384 06¹
1455 4327 1759 4397 possederet
1795 4329 1862 4382 H
1980 4330 2045 4382 24
2085 4328 2263 4396 capita
2298 4328 2351 4382 L
2476 4332 2591 4381 arte
2634 4328 2682 4383 G

371 4420 442 4474 25
483 4416 656 4487 adque
700 4418 746 4473 C
855 4416 1121 4471 subuertit
1151 4461 1160 4471 .
1190 4460 1200 4471 .
1233 4419 1337 4471 ,26
1375 4419 1532 4483 atque
1569 4434 1672 4471 om.
1698 4416 1751 4469 L
1859 4416 1928 4470 26
1965 4414 2135 4483 adque
2180 4414 2291 4469 CH

2261 4505 2359 4555 21¹·
