3167 4975
944 464 1177 517 contra
1212 462 1596 516 Nestorium
1633 462 1744 515 lib.
1771 462 1834 526 V,
1877 464 2094 519 10—11.
2539 462 2667 526 319

372 638 479 703 ubi
510 658 547 703 a
578 639 693 703 deo
724 639 965 703 dictum
996 644 1110 721 est,
1158 640 1237 704 ad
1276 658 1533 705 causam
1566 640 1756 705 aliam
1787 658 2160 723 responsum
2193 658 2328 703 esse
2361 639 2665 719 uideatur,

372 747 587 807 tamen
632 744 1023 826 profunditas
1063 745 1179 825 dei,
1230 762 1388 826 quae
1436 764 1562 809 non
1594 746 1797 828 magis
1844 745 1918 809 de
1952 744 2306 809 carnalibus
2353 763 2542 826 quam
2589 744 2664 807 de

372 848 753 930 spiritalibus
816 848 1211 930 loquebatur,
1276 868 1420 913 cum
1484 850 1559 914 de
1621 850 1728 914 illo
1788 850 1906 913 hoc
1964 853 2102 914 tum
2163 849 2365 932 magis
2427 849 2502 912 de
2549 848 2667 913 1100

372 953 569 1017 uoluit
612 954 910 1037 intellegi,
960 954 1101 1035 quia
1140 954 1535 1018 credentibus
1582 958 1732 1019 tunc
1763 954 2010 1018 Iudaeis
2057 955 2118 1019 id
2165 955 2330 1036 quod
2375 956 2445 1018 tu
2493 954 2665 1034 dieis,

289 1083 318 1121 5
373 1058 691 1122 hominem
736 1061 1169 1124 tantummodo
1216 1059 1431 1123 Iesum
1479 1061 1612 1123 sine
1661 1060 1772 1124 deo
1821 1078 1979 1140 esse,
2041 1078 2186 1123 cum
2233 1058 2309 1123 de
2369 1058 2664 1123 societate

371 1164 639 1246 coniugii
685 1162 973 1227 dominus
1020 1164 1531 1247 interrogaretur,
1589 1182 1714 1228 non
1761 1165 1836 1229 de
1883 1182 1953 1228 eo
2002 1167 2270 1245 tantum,
2319 1164 2428 1227 sed
2477 1164 2665 1227 etiam

372 1267 447 1331 de
492 1267 609 1332 1100
654 1268 899 1332 edocuit
960 1272 1025 1332 et
1069 1269 1143 1332 de
1204 1268 1548 1333 minoribus
1611 1270 1934 1334 consultus
1983 1270 2170 1333 etiam
2218 1268 2292 1332 (10
2339 1266 2663 1333 altioribus

372 1372 835 1454 maioribusque
873 1373 1195 1455 respondit
1239 1373 1481 1437 dicens:
1529 1374 1718 1455 quod
1765 1374 1942 1438 (1000
1989 1374 2400 1453 coniunxit,
2448 1373 2664 1437 homo

372 1494 515 1540 non
576 1482 905 1559 separet,
967 1478 1083 1542 hoc
1144 1482 1266 1542 est:
1330 1479 1519 1543 nolite
1564 1478 1628 1542 id
1690 1496 1981 1561 separare
2027 1478 2190 1560 quod
2234 1480 2298 1542 in
2362 1497 2464 1542 me
2512 1477 2666 1542 deus

262 1608 317 1647 ιο
372 1581 597 1645 iunxit:
644 1599 768 1646 non
817 1586 1065 1664 separet
1109 1583 1387 1647 humana
1432 1584 1724 1666 impietas
1770 1583 1934 1665 quod
1979 1583 2045 1647 in
2078 1602 2178 1647 me
2210 1582 2413 1647 uniuit
2457 1582 2668 1647 diuina

373 1686 687 1750 maiestas,
765 1686 862 1750 uis
894 1690 1107 1751 autem
1152 1688 1399 1769 plenius
1430 1688 1588 1751 scire
1633 1688 1749 1752 hoc
1793 1688 1884 1751 ita
1915 1690 2096 1751 esse?
2145 1687 2286 1751 audi
2319 1688 2668 1770 apostolum
2718 1694 2753 1747 2

374 1790 449 1853 de
494 1790 591 1853 his
653 1790 805 1872 ipsis
854 1790 928 1855 de
974 1791 1205 1873 quibus
1253 1796 1403 1856 tunc
1464 1792 1739 1857 00100101·
1799 1792 2006 1856 docuit
2066 1792 2496 1874 disserentem,
2560 1792 2666 1875 qui

372 1895 604 1976 utique,
666 1898 882 1977 utpote
944 1896 1247 1980 magister
1300 1915 1339 1960 a
1392 1896 1507 1960 deo
1567 1896 1822 1977 11110000,
1883 1900 1954 1961 01
2013 1914 2234 1978 capere
2279 1900 2430 1961 tunc
2489 1897 2666 1961 audi-

372 2003 579 2063 torum
624 1998 997 2065 inbecillitas
1042 2004 1307 2082 poterat,
1356 2019 1429 2065 ea
1472 2001 1610 2083 ipsa
1655 2018 1812 2082 quae
1859 2000 2010 2065 deus
2041 2003 2106 2065 in
2139 2001 2436 2083 mysterio
2482 2019 2664 2084 prae·-

257 2128 315 2169 15
372 2104 609 2168 dicarat
640 2105 938 2187 exposuit.
987 2124 1129 2169 cum
1157 2106 1324 2170 enim
1357 2105 1431 2169 de
1457 2106 1692 2169 00111011
1716 2106 2019 2188 coniugio,
2051 2106 2216 2169 unde
2240 2107 2662 2189 interrogatus

368 2208 435 2272 in
466 2209 791 2293 euangelio
825 2210 1099 2274 00100101·
1130 2210 1355 2291 fuerat,
1399 2210 1762 2293 disputaret,
1808 2210 2136 2291 replicauit
2167 2228 2238 2275 ea
2267 2212 2405 2293 ipsa
2435 2210 2662 2292 quibus

369 2313 473 2377 ille
536 2332 685 2378 usus
743 2316 892 2378 tunc
937 2315 1139 2379 fuerat
1182 2316 1340 2398 legis
1388 2315 1619 2379 ueteris
1667 2314 2044 2395 testimonia,
2091 2314 2333 2379 scilicet
2363 2318 2434 2379 ut
2476 2315 2662 2379 intel-

367 2418 700 2502 legeretur,
761 2419 926 2502 quod
987 2419 1251 2483 eandem
1313 2438 1446 2483 rem
1503 2422 1840 2504 exponeret
1886 2420 1993 2502 qui
2037 2418 2239 2483 isdem
2285 2420 2660 2483 testimoniis

365 2527 665 2588 uteretur.
746 2524 1019 2588 adiciens
1048 2528 1393 2607 praeterea,
1440 2543 1519 2588 ne
1553 2525 1772 2590 deesse
1802 2542 2026 2589 causae
2059 2524 2292 2606 aliquid
2323 2525 2660 2606 uideretur,

246 2653 309 2690 20
368 2629 559 2692 etiam
590 2629 839 2693 carnale
874 2629 1252 2712 coniugium,
1302 2629 1581 2694 mulieris
1628 2647 1876 2712 quoque
1923 2647 1994 2692 ac
2040 2630 2160 2692 uiri
2204 2648 2456 2710 nomen,
2504 2648 2660 2710 quos

368 2732 446 2796 ad
490 2735 783 2797 mutuum
830 2732 1269 2798 cohortabatur
1316 2733 1632 2814 affectum,
1693 2735 1784 2798 ita
1828 2733 2062 2817 posuit:
2126 2735 2299 2815 uiri,
2361 2733 2660 2817 diligite

367 2854 629 2901 uxores
677 2841 1002 2919 uestraS,
1050 2838 1248 2902 010111
1294 2841 1367 2902 01
1412 2837 1760 2903 Christus
1807 2838 2076 2902 dilexit
2121 2837 2549 2918 ecclesiam,
2598 2841 2662 2900 et

366 2941 623 3006 iterum:
669 2943 776 3006 ita
822 2947 893 3006 et
938 2943 1083 3007 uiri
1129 2943 1403 3007 debent
1448 2943 1766 3026 diligere
1821 2961 2083 3008 uxores
2144 2960 2309 3007 suas
2369 2946 2450 3005 ut
2509 2960 2659 3006 cor—

366 3064 545 3127 pora
590 3065 737 3110 sua.
817 3049 939 3128 qui
998 3066 1296 3112 uxorem
1360 3065 1567 3112 suam
1623 3047 1904 3131 diligit,
1966 3065 2040 3111 00
2095 3047 2339 3128 ipsum
2386 3046 2655 3130 diligit.

242 3177 303 3214 εὖ
367 3169 579 3216 nemo
642 3151 839 3216 enim
897 3170 1241 3234 umquam
1305 3170 1604 3217 carnem
1666 3170 1873 3216 suam
1941 3152 2106 3216 odio
2168 3151 2460 3232 habuit,
2532 3151 2658 3214 sed

366 3256 597 3319 nutrit
640 3260 712 3320 et
754 3257 967 3320 fouet
1013 3275 1199 3338 eam,
1248 3257 1444 3321 sicut
1490 3259 1561 3321 et
1607 3256 1950 3322 Christus
1998 3256 2427 3336 ecclesiam,
2489 3256 2660 3336 quia

364 3360 695 3425 membra
740 3379 991 3426 sumus
1039 3363 1370 3444 corporis
1419 3363 1598 3426 eius.
1668 3362 1844 3426 uides
1870 3361 2399 3442 quemadmodum
2425 3359 2656 3426 Christi
2704 3365 2739 3418 3

366 3469 551 3548 atque
598 3466 893 3530 ecclesiae
941 3467 1197 3531 nomina
1241 3467 1359 3531 uiri
1414 3485 1485 3531 ac
1546 3467 1826 3531 mulieris
1892 3466 2248 3531 nominibus
2311 3465 2656 3549 adiungens

572 3690 663 3760 21]
702 3690 835 3760 Eph.
863 3694 911 3756 5,
937 3692 1019 3746 25.
1128 3691 1219 3760 23]
1257 3690 1291 3746 1.
1320 3707 1363 3744 ο.
1390 3692 1613 3747 28—30.

450 3901 484 3953 3
520 3897 793 3968 sp‘iialibus
820 3900 895 3953 M
991 3898 1132 3967 tum]
1168 3900 1343 3953 totum
1370 3901 1445 3954 M
1543 3899 1609 3952 de
1645 3905 1770 3954 ante
1797 3899 1897 3952 1100
1921 3915 2020 3953 om.
2051 3899 2126 3952 M
2223 3900 2258 3952 4
2293 3896 2524 3966 intelligi
2550 3897 2653 3967 ΜΡ

360 3985 511 4055 quia]
538 4001 643 4054 qua
665 3987 731 4042 N
835 3989 865 4041 7
904 3984 1239 4056 alterioribus
1264 3987 1413 4054 (sic-J)
1437 3987 1505 4042 N
1582 3985 1925 4040 ulterioribus
1945 4003 1988 4054 Ρ
2098 3986 2159 4040 11
2199 3988 2465 4053 magestas
2493 3986 2656 4054 Ρ(Μ)

362 4076 430 4128 14
466 4073 763 4140 ministerio
799 4075 867 4130 N
948 4074 1187 4127 misterio
1224 4075 1329 4144 ΜΡ
1474 4076 1539 4129 16
1576 4073 1834 4143 0111011101]
1875 4073 1974 4126 diis
2013 4075 2088 4128 M
2223 4077 2284 4129 17
2323 4071 2547 4139 intellig.
2589 4073 2664 4126 M

358 4159 693 4228 intelligetur
726 4177 771 4229 Ρ
914 4163 981 4216 18
1026 4160 1285 4214 essandem
1331 4161 1383 4229 (x
1428 4161 1590 4229 era-3.)
1625 4161 1692 4216 N
1826 4160 2036 4213 hisdem
2075 4177 2120 4229 Ρ
2264 4162 2328 4215 21
2379 4157 2650 4226 mutuum]

356 4249 517 4300 mutu
552 4248 619 4302 N
618 4249 635 4284 ¹
712 4251 868 4301 tuum
904 4249 979 4302 M
1094 4247 1479 4302 adhortabatur
1515 4250 1617 4304 Mv
1731 4247 1976 4301 effectum
2013 4249 2080 4302 N
2081 4251 2136 4316 ’p
2261 4249 2329 4302 23
2365 4247 2462 4314 ita]
2502 4249 2559 4300 ta
2594 4248 2656 4300 in

354 4336 523 4390 initio
567 4351 757 4390 uersus
794 4337 869 4389 M
998 4337 1067 4390 25
1113 4351 1369 4404 umquam
1416 4353 1517 4392 om.
1556 4337 1658 4404 ΝΡ
1798 4337 1867 4390 26
1909 4338 1964 4388 01
1998 4342 2124 4391 ante
2160 4333 2403 4389 Christus
2447 4351 2548 4389 om.
2587 4335 2663 4388 Μ

350 4425 427 4479 27
464 4421 689 4477 menbra
714 4441 761 4492 Ρ
868 4424 935 4479 28
972 4421 1223 4476 mulieres
1260 4425 1327 4478 N
1328 4427 1343 4460 ¹

2235 4511 2330 4563 28*
