3167 4975
505 485 594 541 VI

507 653 872 718 XI—-XVII
918 652 1254 735 conplexus
1287 656 1400 717 est.
1452 669 1720 733 quarum
1751 654 2069 734 postrema
2099 668 2241 713 cum
2284 650 2592 714 dubitatio
2623 669 2800 733 pere-

507 758 894 842 grinant-ium
959 758 1034 821 de
1071 742 1406 841 ‘promisso
1467 756 1653 819 celeri
1698 756 1764 820 in
1810 756 2238 820 Palaestinam
2282 755 2487 819 reditu
2550 753 2801 819 sublata

510 867 697 943 esset,
745 863 937 926 etiam
983 862 1309 927 ulteriores
1343 860 1617 945 Aegypt-i
1663 863 1873 944 partes
1920 861 2123 923 uisere
2166 860 2577 923 decreuerunt
2609 862 2799 941 atque

509 972 752 1051 septem
786 985 981 1031 annos
1014 966 1079 1029 in
1105 964 1392 1049 Aegypto
1426 968 1813 1029 manserunt.
1864 968 1927 1028 et
1958 964 2233 1047 primum
2256 963 2512 1046 quidem
2536 964 2800 1028 Diolcon

507 1076 950 1154 peruenerunt,
983 1070 1091 1153 qui
1115 1071 1292 1134 uicus
1325 1071 1484 1135 ostio
1509 1068 1925 1153 Sebennytico
1950 1069 2197 1133 uicinus
2222 1072 2377 1149 erat,
2411 1068 2623 1150 ibique
2654 1086 2801 1131 cum

507 1176 799 1255 Piamun,
823 1175 1124 1255 Iohanne,
1149 1176 1416 1255 Pinufio,
1442 1175 1719 1256 Theona,
1745 1174 2071 1238 Abraham
2096 1174 2388 1238 collocuti
2414 1178 2562 1237 sunt
2594 1172 2796 1254 (Conl.

511 1280 1114 1363 XVIII—XXIIII).
1162 1280 1382 1344 relicta
1412 1280 1631 1344 Diolco
1665 1280 1729 1344 in
1762 1279 2165 1344 solitudinem
2196 1278 2505 1343 Nitricam
2538 1282 2601 1341 et
2637 1277 2802 1361 regi-

511 1404 660 1450 ones
694 1385 1050 1449 adiacentes
1085 1386 1532 1468 commigrasse
1565 1385 1878 1464 uidentur,
1928 1384 2091 1447 inter
2123 1402 2279 1465 quas
2313 1402 2404 1463 ea,
2438 1383 2539 1446 cui
2571 1399 2799 1447 nomen

509 1489 776 1555 Scitium
808 1490 942 1554 siue
973 1489 1266 1553 heremus
1299 1486 1622 1553 Scitiotica
1666 1492 1820 1568 erat,
1868 1508 1905 1552 a
1936 1487 2240 1552 Cassiano
2272 1487 2639 1571 saepissime
2671 1506 2803 1549 me-

511 1598 817 1658 moratur:
837 1594 887 1677 1)
935 1595 999 1657 111
1040 1593 1158 1658 hac
1191 1592 1365 1658 Conl.
1403 1594 1580 1657 I—X
1611 1592 1862 1657 habitas
1895 1612 2031 1656 esse
2063 1592 2263 1676 fingit.
2316 1592 2438 1656 alia
2468 1592 2606 1655 loca
2636 1591 2801 1654 eius-

510 1700 652 1762 dem
700 1699 972 1783 regionis
1019 1702 1198 1762 erant
1231 1698 1528 1761 Calamus
1576 1716 1689 1761 seu
1719 1696 2151 1780 Porphyrio,²)
2200 1700 2263 1760 et
2294 1696 2523 1776 Cellae,
2541 1697 2591 1780 3)
2639 1696 2803 1760 inter

506 1802 781 1867 Nitriam
827 1822 898 1867 ac
943 1801 1212 1867 Scitium
1267 1803 1442 1867 sitae.
1522 1801 1883 1866 interiorem
1930 1819 2077 1865 uero
2117 1800 2479 1885 Aegyptum
2527 1818 2598 1864 ac
2638 1799 2802 1863 The-

438 1942 446 1949 ·
509 1907 761 1972 haidem
809 1926 912 1972 eos
960 1908 1230 1973 intrasse
1277 1926 1478 1989 neque
1525 1906 1867 1971 Cassianus
1913 1906 2047 1989 ipse
2094 1906 2344 1970 disertis
2392 1904 2603 1969 uerbis
2651 1905 2803 1969 dicit

511 2032 713 2095 neque
758 2012 886 2076 ullo
933 2012 1162 2077 indicio
1209 2012 1644 2076 confirmatur:
1694 2012 1887 2075 immo
1935 2011 2011 2074 de
2058 2010 2182 2075 illis
2228 2010 2382 2075 locis
2430 2012 2531 2075 uel
2563 2010 2639 2073 de
2670 2028 2804 2073 mo-

511 2116 684 2181 ribus
732 2120 795 2180 et
835 2116 1144 2181 institutis
1186 2115 1635 2181 monachorum
1684 2114 1771 2179 ibi
1803 2114 2229 2179 habitantium
2263 2134 2337 2179 ea
2367 2115 2802 2180 tantummodo

511 2222 706 2285 refert
751 2239 910 2303 quae
957 2221 1146 2285 fando
1193 2221 1535 2284 audiuerat.
1561 2220 1611 2303 ⁴)

606 2326 742 2389 Iam
775 2343 922 2389 uero
955 2326 1276 2407 quaeritur
1305 2342 1428 2407 quo
1474 2329 1755 2408 tempore
1788 2324 2127 2390 Cassianus
2174 2324 2239 2389 in
2271 2324 2561 2408 Aegypto
2594 2324 2800 2388 fuerit.

514 2431 586 2494 Id
635 2434 846 2495 autem
878 2429 1086 2514 potius
1120 2430 1367 2495 indiciis
1399 2428 1781 2513 quibusdam
1812 2430 2023 2514 colligi
2054 2448 2245 2512 quam
2277 2430 2463 2494 certis
2496 2448 2803 2494 annorum

515 2536 735 2618 spatiis
782 2538 992 2619 potest
1039 2535 1301 2599 definirL
1359 2535 1572 2618 itaque
1618 2535 1683 2599 in
1731 2534 1906 2601 Conl.
1940 2534 2177 2614 XVIII,
2224 2553 2359 2618 cap.
2396 2533 2431 2595 7
2466 2534 2571 2598 fin.
2623 2535 2804 2598 indu-

513 2640 674 2703 citur
721 2638 918 2704 abbas
949 2639 1220 2703 Piamun
1267 2657 1478 2704 coram
1509 2640 1810 2704 Cassiano
1858 2642 1921 2703 et
1952 2639 2264 2704 Germano
2311 2639 2467 2703 haec
2496 2641 2800 2703 referens:

515 2741 914 2828 temporibus
960 2743 1280 2827 siquidem
1325 2741 1510 2820 Luci,
1559 2741 1676 2827 qui
1715 2741 2055 2806 Arrianae
2090 2741 2417 2827 perfidiae
2464 2743 2803 2828 episcopus

501 2846 676 2932 fuit,
723 2845 842 2909 sub
886 2845 1180 2910 Ualentis
1227 2847 1526 2933 impe-rio,
1575 2847 1732 2910 dum
1772 2847 2145 2910 diaconiam
2188 2846 2431 2910 nostris
2450 2844 2803 2932 fratribus

515 2949 893 3036 deferimus,
942 2951 1042 3014 his
1075 2950 1387 3014 uidelicet
1427 2951 1542 3036 qui
1590 2951 1666 3015 de
1696 2950 1984 3039 Aeyypto
2032 2974 2107 3014 ac
2149 2949 2483 3014 Thebaida
2514 2950 2804 3036 fuerant

515 3053 591 3120 ob
637 3054 993 3119 catholicae
1023 3055 1192 3138 fidei
1227 3057 1802 3140 perseuerantiam
1861 3055 2145 3118 metallis
2193 3055 2387 3119 Ponti
2444 3065 2635 3140 atque
2680 3054 2803 3117 Ar-

513 3160 762 3222 meniae
807 3159 1100 3246 releqati,
1151 3159 1296 3223 licet
1343 3159 1792 3223 coenobiorum
1832 3159 2261 3246 disciplinam
2306 3160 2379 3223 in
2411 3158 2805 3245 quibusdam

515 3263 908 3327 ciuitatibus
943 3265 1360 3327 rarissimam
1383 3264 1774 3342 uiderimus,
1808 3267 2353 3328 anachoretarum
2384 3275 2591 3328 tamen
2618 3265 2807 3350 apud

515 3367 670 3432 illos
727 3391 810 3432 ne
864 3368 1082 3455 ipsum
1142 3368 1402 3453 quidem
1463 3391 1690 3432 nomen
1736 3369 2045 3433 auditum
2090 3368 2315 3454 fuisse
2370 3369 2803 3455 conperimus.

515 3493 586 3538 eo
632 3475 826 3559 igitur
871 3477 1173 3558 tempore,
1236 3493 1358 3556 quo
1404 3476 1675 3539 Piamun
1722 3477 1797 3538 de
1844 3474 2001 3539 Asia
2044 3493 2335 3539 reuersus
2381 3474 2537 3539 haec
2590 3474 2806 3558 hospi-

515 3578 686 3642 tibus
719 3579 851 3643 suis
881 3577 1212 3659 referebat,
1248 3578 1481 3643 Ualens
1515 3581 1641 3643 iam
1674 3584 1959 3644 mortuus
1993 3583 2145 3644 erat.
2193 3578 2293 3643 his
2326 3578 2536 3643 uerbis
2569 3579 2805 3662 optime

605 3821 640 3890 ¹)
676 3821 809 3875 Inst.
849 3821 912 3884 V,
951 3825 1035 3877 40.
1072 3821 1167 3884 XI,
1210 3823 1291 3876 15.
1329 3820 1479 3875 Conl.
1517 3821 1560 3886 1,
1604 3825 1658 3884 1;
1696 3821 1797 3884 ΙΙΙ,
1828 3825 1881 3884 l;
1918 3821 2050 3886 1111,
2092 3824 2147 3885 13
2193 3820 2285 3886 v1,
2328 3826 2381 3886 1;
2420 3821 2483 3884 X,
2510 3825 2568 3884 23
2606 3821 2717 3884 XV,
2746 3823 2805 3885 3;

513 3907 685 3972 XVII,
713 3911 805 3972 303
843 3908 1046 3972 XVIII,
1075 3911 1152 3963 15.
1185 3911 1250 3963 16
1287 3907 1406 3971 fin.;
1442 3909 1556 3972 XX,
1590 3911 1678 3972 123
1715 3908 1947 3972 XXIIII,
1972 3911 2023 3962 4.

599 3995 642 4062 ²)
677 3995 811 4048 Inst.
843 3995 908 4058 X,
933 3999 1026 4057 24;
1064 3994 1213 4050 Conl.
1243 3994 1343 4060 111,
1371 3999 1419 4059 5,
1446 3999 1504 4059 2;
1542 3995 1664 4060 VH,
1690 3999 1773 4059 26,
1800 3998 1858 4059 23
1894 3995 2128 4060 XXIHI,
2153 3999 2202 4060 4,
2235 3999 2277 4052 1.

601 4083 642 4150 3)
680 4081 829 4137 Conl.
855 4081 949 4146 VI,
981 4087 1025 4147 1,
1052 4085 1100 4138 3.

599 4169 640 4236 ⁴)
677 4169 759 4222 Ne
805 4169 924 4237 quis
963 4169 1203 4224 Cassiani
1249 4169 1414 4224 uerba
1459 4169 1609 4225 Conl.
1644 4169 1737 4234 XI,
1778 4174 1802 4226 1
1850 4173 2139 4226 statuimus
2176 4173 2459 4240 confestim
2496 4173 2805 4242 Aeyyptum

503 4263 683 4326 petere
707 4275 774 4312 ac
807 4259 1168 4312 renwtissima
1204 4259 1368 4312 etiam
1397 4259 1698 4314 Imbaidos
1733 4260 1940 4314 heremo
1974 4267 2257 4329 penetrata
2293 4267 2606 4315 sauctorum
2620 4261 2805 4330 pluri-

513 4362 627 4400 mos
650 4388 660 4397 .
685 4389 695 4398 .
720 4389 730 4398 .
759 4345 993 4399 inuisere
1029 4344 1166 4397 male
1195 4344 1591 4414 interpretetur,
1631 4345 1957 4399 monendum
1997 4349 2077 4400 est
2102 4345 2194 4400 illo
2219 4346 2335 4401 loco
2373 4363 2495 4400 eum
2522 4363 2629 4400 non
2653 4347 2805 4415 quasi

516 4429 580 4482 de
617 4447 680 4483 re
717 4433 1010 4499 peracta,
1050 4431 1140 4484 sed
1181 4431 1244 4484 de
1284 4431 1566 4486 consilio
1604 4435 1819 4487 tantum
1854 4433 2015 4501 loqui.
