3167 4975
1259 416 1419 469 Inst.
1457 415 1566 468 lib.
1604 415 1756 475 VIII.
1798 419 1841 470 1.
2578 416 2694 478 151

499 591 546 653 Ι.
597 590 830 670 Quarto
891 610 1134 673 quoque
1195 591 1535 654 certamine
1602 595 1697 654 est
1760 591 1886 655 irae
1952 592 2339 655 mortiferum
2406 593 2578 654 uirus
2626 591 2699 653 de

410 695 762 759 recessibus
822 695 1066 759 animae
1127 700 1374 759 nost-rae
1435 695 1714 760 funditus
1778 695 2141 760 eruendum.
2234 696 2351 759 hac
2409 696 2577 760 enim
2638 695 2701 760 in

411 801 637 864 nostris
669 799 954 864 cordibus
995 799 1299 864 insidente
1348 804 1411 864 et
1455 802 1703 865 oculum
1752 801 1981 865 mentis
2030 801 2223 864 noxiis
2272 800 2544 864 tenebris
2592 800 2702 864 ob-

412 908 702 970 caecante
749 923 865 968 nec
910 905 1204 968 iudicium
1245 909 1449 968 rectae
1484 905 1869 969 discretionis
1900 905 2224 986 adquirere
2258 923 2371 968 nec
2403 905 2701 968 honestae

331 1031 358 1068 5
410 1010 951 1092 contemplationis
998 1009 1292 1072 intuitum
1339 1028 1454 1072 nec
1501 1010 1929 1074 maturitatem
1969 1010 2205 1073 consilii
2237 1010 2553 1093 possidere
2586 1029 2701 1072 nec

407 1114 574 1177 uitae
620 1114 951 1196 participes
997 1133 1114 1178 nee
1158 1114 1432 1178 iustitiae
1494 1119 1768 1195 tenaceS,
1822 1114 1931 1178 sed
1978 1134 2057 1178 ne
2104 1114 2402 1197 spiritalis
2450 1113 2701 1197 quidem

409 1237 481 1281 ac
533 1219 664 1282 ueri
723 1219 977 1282 luminis
1039 1236 1299 1301 capaces
1360 1219 1703 1301 poterimus
1766 1220 2082 1299 exsistere,
2145 1219 2289 1300 quia
2349 1219 2700 1282 turbatus

411 1326 548 1402 est,
595 1323 814 1404 inquit,
862 1342 1036 1406 prae
1083 1323 1192 1386 ira
1236 1324 1496 1388 oculus
1545 1343 1770 1388 meus,
1848 1342 1963 1388 nec
1996 1323 2335 1406 sapientiae
2367 1323 2699 1407 participes

410 1427 590 1508 effici,
637 1427 890 1491 tametsi
934 1429 1248 1510 sapientes
1297 1429 1576 1492 omnium
1623 1429 2005 1512 pronuntiari
2041 1428 2325 1511 opinione
2357 1428 2701 1507 uideamur,

307 1561 356 1595 ln
409 1534 578 1614 quia
624 1533 732 1596 ira
776 1533 848 1596 in
911 1533 1080 1597 sinu
1140 1533 1663 1616 insipientium
1724 1533 2162 1614 requiescit,
2225 1533 2334 1596 sed
2382 1552 2459 1596 ne
2505 1532 2703 1596 uitam

410 1636 659 1718 quidem
703 1638 1168 1701 inmortalitatis
1225 1638 1519 1720 consequi
1578 1637 1945 1720 poterimuS,
2010 1637 2297 1720 quamuis
2361 1638 2701 1719 prudentes

407 1742 732 1805 uideamur
766 1741 1119 1806 definit-ione
1151 1742 1478 1806 hominum
1517 1742 1791 1822 iudicari,
1840 1743 1985 1824 quia
2030 1742 2139 1805 ira
2183 1742 2433 1825 perdit
2478 1742 2701 1806 etiam

406 1845 832 1927 prudentes.
927 1865 1041 1909 nec
1103 1847 1378 1910 iustitiae
1439 1846 1869 1911 moderamina
1928 1847 2270 1929 perspicaci
2332 1846 2700 1910 discretione

407 1949 606 2014 cordis
668 1949 1022 2014 ualebimus
1085 1949 1384 2032 obtinere,
1446 1952 1594 2016 licet
1652 1951 1910 2033 perfecti
1966 1951 2289 2032 sanctique
2336 1955 2702 2015 cunctorum

301 2079 352 2119 15
407 2055 862 2137 opinationibus
911 2056 1336 2135 aestimemur,
1383 2056 1527 2138 quia
1586 2055 1696 2119 ira
1752 2055 1899 2119 uiri
1960 2055 2339 2119 iustitiam
2396 2056 2513 2119 dei
2559 2075 2698 2120 non

407 2163 770 2242 operatur.
859 2160 1064 2242 ipsam
1124 2178 1364 2242 quoque
1425 2160 1771 2224 honestat-is
1830 2159 2228 2244 grauitatem,
2290 2178 2449 2241 quae
2512 2161 2701 2224 etiam

403 2264 554 2327 uiris
603 2265 834 2328 saeculi
881 2264 1064 2328 huius
1098 2265 1258 2328 solet
1316 2265 1639 2329 familiaris
1704 2264 2021 2344 exsistere,
2084 2264 2255 2327 nullo
2316 2264 2499 2328 modo
2558 2285 2702 2348 pos-

406 2369 606 2432 sidere.
651 2369 1014 2452 poterimuS,
1060 2370 1206 2434 lieet
1251 2369 1490 2434 nobiles
1540 2373 1603 2432 et
1647 2369 1893 2434 honesti
1936 2368 2239 2432 natalium
2270 2370 2703 2452 praerogatiua-

405 2477 718 2555 putemur,
766 2475 910 2556 quia
941 2475 1052 2539 uir
1098 2474 1495 2539 iracundus
1543 2474 1990 2539 inhonestus
2039 2477 2168 2537 est.
2241 2473 2478 2538 consilii
2514 2475 2700 2539 etiam

294 2604 352 2641 20
407 2580 831 2643 maturitatem
879 2579 1238 2643 nullatenus
1285 2580 1637 2644 ualehimus
1686 2578 1985 2659 obtinere,
2034 2578 2318 2660 quamuis
2366 2597 2589 2661 graues
2640 2583 2704 2643 et

405 2683 666 2746 scientia
705 2701 955 2746 summa
999 2684 1258 2765 praediti
1305 2684 1651 2763 uideamur,
1700 2684 1843 2765 quia
1887 2683 2290 2746 iracundus
2338 2684 2494 2766 agit·
2542 2684 2701 2747 sine

405 2788 751 2868 consilio,
814 2788 924 2851 sed
985 2807 1100 2851 nec
1161 2788 1352 2869 quiet-i
1402 2808 1538 2852 esse
1588 2808 1625 2852 a
1668 2788 2241 2872 perturbationibus
2306 2789 2523 2868 noxiiS,
2586 2806 2701 2851 nec

403 2892 742 2973 poterimus
791 2912 1000 2956 carere
1046 2894 1336 2975 peccatiS,
1401 2894 1653 2957 tametsi
1715 2912 2110 2976 nequaquam
2166 2893 2345 2958 nobis
2390 2894 2701 2975 inquietu-

406 2996 580 3059 dines
627 2996 704 3060 ab
768 2997 903 3060 aliis
965 2997 1333 3079 inferantur,
1396 2998 1539 3079 quia
1598 2998 1712 3061 uir
1773 2998 2153 3062 animosus
2214 2999 2411 3081 parit
2470 2999 2697 3077 rian,

295 3125 350 3165 25
403 3102 519 3164 uir
565 3106 808 3165 autem
857 3101 1258 3166 iracundus
1306 3102 1575 3166 effodit
1618 3108 1946 3185 peccata.

613 3344 669 3413 7]
707 3344 793 3397 Ps.
823 3346 906 3409 30,
935 3347 1015 3400 10.
1162 3345 1248 3413 10]
1289 3344 1428 3398 Eccl.
1459 3348 1507 3407 7,
1538 3347 1603 3399 10
1637 3344 1840 3413 (Lxx).
1988 3346 2077 3415 12]
2116 3346 2274 3399 Prou.
2308 3348 2385 3407 15,
2417 3346 2443 3399 1
2494 3344 2695 3412 (Lxx).

405 3430 495 3499 15]
541 3432 648 3485 Iac.
686 3434 730 3494 1,
767 3434 847 3486 20.
1003 3432 1094 3500 19]
1148 3432 1309 3486 Prou.
1349 3434 1430 3497 11,
1466 3434 1532 3487 25
1580 3430 1783 3499 (Lxx).
1926 3432 2016 3501 21]
2064 3433 2221 3487 Pron.
2263 3436 2341 3495 1-1,
2382 3436 2443 3487 17
2492 3432 2697 3501 (Lxx).

407 3519 500 3587 24]
537 3519 697 3572 Prou.
725 3522 807 3581 29,
835 3521 902 3574 22
929 3518 1131 3587 (LXX).

491 3768 516 3819 1
558 3764 587 3817 Ι
625 3764 765 3818 deest
801 3764 864 3817 in
903 3763 1008 3817 GL
1139 3766 1172 3817 2
1207 3762 1338 3815 haec
1380 3763 1530 3818 G¹L¹
1650 3766 1683 3817 3
1717 3763 1992 3816 insedente
2031 3766 2113 3817 Ηι
2222 3764 2369 3817 noxis
2406 3766 2488 3819 Η1
2605 3764 2697 3816 ob-

401 3854 703 3904 caecantem
744 3851 898 3904 A¹L¹
1077 3854 1108 3905 5
1159 3850 1344 3903 consili
1383 3851 1466 3904 Ηι
1647 3854 1679 3905 6
1718 3850 1975 3919 iustitiae]
2024 3850 2135 3921 uite
2186 3852 2258 3903 G¹
2435 3852 2696 3919 spiritales

400 3938 593 3992 AG¹L
734 3939 764 3990 7
809 3937 1026 3989 existere
1065 3938 1180 3991 HL
1322 3941 1354 3993 8
1393 3942 1474 3989 est
1509 3956 1611 3992 om.
1650 3938 1725 3991 L¹
1870 3937 2054 4005 inquid
2093 3939 2314 3992 ΛΘῙΗ1
2456 3954 2581 4006 prae
2617 3938 2697 3991 ira.

399 4043 502 4080 om.
549 4026 618 4078 H
753 4024 1040 4093 patientiae
1088 4027 1138 4077 A
1282 4027 1314 4075 9
1363 4024 1460 4076 etsi
1510 4026 1579 4078 II
1719 4027 1782 4078 12
1828 4024 2015 4093 perdet
2060 4026 2113 4078 A
2258 4028 2318 4079 14
2367 4026 2605 4093 optinere
2644 4027 2696 4080 L

403 4115 468 4167 15
506 4110 846 4179 opinionibus
883 4114 932 4164 A
1098 4111 1412 4164 aestimetur
1449 4113 1514 4165 ΙΙ
1519 4114 1530 4145 ¹
1706 4115 1768 4166 16
1804 4112 2139 4164 honestatem
2177 4112 2607 4179 grauitatemque
2642 4114 2695 4167 L

403 4202 467 4255 17
515 4198 736 4251 existere
782 4200 899 4252 HL
1077 4198 1356 4267 possedere
1393 4201 1476 4253 11¹
1662 4202 1725 4253 19
1764 4198 1952 4251 consili
1989 4200 2071 4253 ΙΙ1
2252 4202 2317 4253 ‘20
2363 4198 2604 4251 ualemus
2646 4202 2695 4251 (τ’

399 4286 641 4355 optinere
677 4286 730 4339 L
838 4287 1018 4353 grauis
1055 4286 1128 4339 L¹
1237 4288 1306 4341 22
1343 4286 1434 4339 sed
1473 4303 1538 4339 ne
1565 4288 1633 4340 H
1735 4286 1883 4339 noxis
1922 4288 2002 4341 Η1
2111 4289 2179 4344 23
2207 4285 2591 4357 inquietudinis
2618 4288 2693 4345 L¹

400 4376 470 4435 24
507 4372 604 4431 alis
643 4376 724 4433 Η1
833 4378 990 4449 parat.
1030 4374 1078 4433 L
1221 4378 1286 4435 25
1325 4373 1550 4431 offendit
1588 4380 1863 4451 peecatum
1904 4377 1971 4434 H

2751 2482 2785 2535 3
