3167 4975
514 435 596 501 58
1332 436 1648 492 Iohannis
1695 435 1995 491 Cassiani

515 615 851 697 epistulam
899 614 1348 697 cuiuscumque
1395 614 1731 697 suscipere,
1782 615 1833 678 si
1881 613 2219 678 rescribere
2262 614 2396 678 sine
2429 630 2541 678 suo
2576 612 2803 678 abbate

515 718 858 800 temptarit.
939 718 1062 782 huc
1107 737 1305 800 usque
1355 721 1416 782 et
1479 719 1544 782 in
1604 717 1967 782 huiusmodi
2028 737 2099 782 ac
2147 718 2461 782 similibus
2509 717 2803 782 admissis

430 830 464 882 3
514 823 796 905 procedit
845 821 1307 886 animaduersio
1356 823 1675 905 spiritalis
1753 823 2005 887 residua
2050 841 2217 902 uero,
2273 840 2430 905 quae
2478 822 2644 905 apud
2690 840 2803 885 nos

511 927 940 993 indifferent-er
1002 929 1280 992 admissa
1340 947 1377 992 a
1440 927 1621 992 nobis
1684 947 1929 1011 quoque
1986 927 2541 1011 reprehensibilius
2611 927 2803 990 susti-

513 1036 759 1113 nentur,
821 1032 885 1096 id
933 1037 1026 1097 est
1076 1036 1292 1116 aperta
1337 1033 1641 1113 conuicia,
1704 1033 2027 1097 manifesti
2074 1033 2494 1116 contemptuS,
2556 1035 2803 1096 contra-

513 1137 817 1201 dictiones
879 1137 1180 1218 tumidae,
1242 1136 1442 1201 libera
1503 1141 1568 1201 et
1629 1136 1932 1202 effrenat-a
1997 1137 2333 1220 processio,
2400 1136 2802 1200 familiaritas

513 1242 674 1324 apud
709 1241 998 1320 feminaS,
1047 1240 1194 1322 irae,
1241 1242 1429 1320 rixae,
1479 1242 1835 1306 simultates
1868 1246 1929 1305 et
1962 1242 2185 1325 iurgia,
2232 1241 2435 1324 operis
2465 1240 2801 1325 peculiaris

511 1346 957 1430 praesumptio,
993 1344 1342 1430 filargyriae
1375 1347 1686 1429 contagio,
1735 1346 1997 1410 affectus
2030 1351 2219 1428 atque
2248 1347 2559 1429 possessio
2590 1363 2803 1409 rerum

513 1450 968 1532 superfluarum
1031 1469 1188 1532 quae
1251 1469 1288 1514 a
1346 1451 1571 1514 ceteris
1636 1450 1935 1516 fratribus
1999 1470 2121 1516 non
2181 1451 2527 1531 habentur,
2600 1453 2801 1514 extra-

511 1555 824 1620 ordinaria
871 1574 942 1619 ac
987 1556 1225 1619 furtiua
1270 1555 1394 1618 cibi
1439 1556 1697 1620 refectio
1744 1559 1807 1620 et
1852 1557 1951 1620 his
2000 1556 2233 1620 similia
2279 1574 2402 1621 non
2450 1556 2561 1619 illa
2599 1555 2800 1619 incre-

418 1729 426 1740 ,
509 1660 760 1742 patione
821 1678 946 1742 qua
1005 1661 1276 1724 diximus
1325 1660 1613 1744 spiritali,
1674 1662 1783 1724 sed
1830 1661 1931 1725 uel
1976 1661 2181 1744 plagis
2229 1661 2640 1725 emendantur
2696 1659 2801 1722 uel

511 1765 870 1847 expulsione
917 1768 1284 1848 purgantur.

598 1869 799 1933 XVII.
848 1869 1014 1933 Illud
1061 1873 1294 1950 autem,
1343 1874 1415 1934 ut·
1459 1870 1886 1935 reficientibus
1919 1871 2219 1934 fratribus
2254 1888 2468 1934 sacrae
2500 1870 2799 1934 lectiones

511 1974 574 2037 in
623 1973 938 2038 coenobiis
985 1975 1346 2055 recitentur,
1404 1993 1527 2039 non
1575 1975 1651 2038 de
1699 1975 2156 2058 Aegyptiorum
2203 1980 2349 2058 typo
2396 1974 2797 2057 processisse,

511 2079 622 2142 sed
681 2079 756 2142 de
805 2077 1244 2162 Cappadocum
1305 2080 1689 2144 nouerimus.
1767 2096 1922 2161 quos
1986 2080 2143 2144 nulli
2205 2078 2466 2142 dubium
2515 2081 2613 2142 est
2673 2095 2796 2141 non

508 2187 642 2248 tam
689 2183 991 2266 spiritalis
1039 2184 1498 2248 exercitationis
1547 2203 1755 2264 causa,
1819 2202 2009 2266 quam
2071 2184 2533 2266 conpescendae
2580 2201 2798 2265 super-

508 2287 670 2351 fluae
717 2288 1078 2371 otiosaeque
1110 2288 1636 2354 confabulationis
1666 2289 1872 2372 gratia
1904 2293 1966 2352 et
1999 2289 2268 2352 maxime
2301 2287 2795 2367 contentionum,

509 2411 668 2474 quae
711 2394 1080 2476 plerumque
1129 2394 1333 2458 solent
1378 2394 1443 2457 in
1490 2393 1799 2457 conuiuiis
1844 2394 2150 2476 generari,
2199 2393 2316 2457 hoc
2362 2395 2639 2456 statuere
2686 2409 2797 2454 uo-

505 2498 721 2577 luisse,
783 2499 1070 2563 uidentes
1128 2518 1233 2563 eas
1282 2500 1461 2563 aliter
1507 2500 1671 2582 apud
1720 2518 1785 2563 se
1831 2518 1955 2563 non
2012 2518 2195 2583 posse
2243 2498 2537 2563 cohiberi.
2632 2498 2796 2580 apud

507 2602 852 2685 Aegyptios
915 2603 1083 2667 enim
1144 2604 1243 2667 uel
1307 2604 1575 2668 maxime
1624 2603 2119 2668 Tabennesiotas
2166 2608 2414 2668 tantum
2472 2603 2793 2666 silentium

509 2706 585 2770 ab
634 2706 928 2771 omnibus
985 2708 1332 2790 exhibetur,
1392 2711 1481 2789 ut,
1545 2727 1689 2772 cum
1753 2709 1815 2773 in
1876 2727 2073 2773 unum
2136 2711 2315 2772 tanta
2376 2707 2794 2772 numerositas

506 2812 775 2875 fratrum
819 2812 1176 2876 refectionis
1223 2812 1484 2877 obtentu
1534 2813 1905 2894 consederit,
1969 2814 2176 2877 nullus
2232 2832 2309 2877 ne
2358 2812 2615 2876 muttire
2659 2811 2795 2893 qui-

507 2916 649 2978 dem
697 2916 924 2980 audeat
970 2921 1217 3000 praeter
1263 2936 1428 2998 eum,
1476 2918 1584 2999 qui
1618 2936 1765 2982 suae
1798 2919 2092 2983 decaniae
2124 2921 2391 3001 praeest,
2438 2917 2546 2999 qui
2580 2920 2791 2980 tamen

2856 1573 2906 1611 10

2854 2093 2903 2132 15

2850 2616 2903 2655 20

509 3020 563 3083 si
608 3020 758 3101 quid
804 3040 1060 3086 mensae
1109 3022 1512 3105 superinferri
1559 3023 1658 3087 uel
1708 3023 1937 3087 auferri
1984 3022 2409 3087 necessarium
2458 3040 2595 3084 esse
2655 3040 2795 3104 per·
2840 3028 2852 3037 ‘

507 3124 756 3205 uiderit,
789 3126 998 3190 sonitu
1029 3127 1238 3209 potius
1271 3144 1460 3208 quam
1493 3146 1645 3191 uoce
1680 3128 2011 3211 significat.
2062 3130 2359 3208 tantaque
2392 3124 2793 3190 uescentibus

509 3230 598 3292 eis
648 3229 880 3294 silentii
942 3230 1129 3294 huius
1177 3231 1508 3313 disciplina
1555 3236 1863 3312 seruatur,
1926 3236 1993 3295 ut
2058 3232 2320 3296 cucullis
2376 3232 2541 3295 ultra
2585 3230 2795 3295 oculo-

597 3396 621 3448 1
670 3392 951 3462 epistolam
1001 3396 1192 3449 (1'2HL
1324 3395 1703 3463 cuiuscumque
1754 3396 1864 3452 G-v:
1908 3396 2205 3465 cuiuspiam
2252 3397 2319 3449 H
2386 3394 2699 3463 cuiusquam
2740 3395 2792 3449 L

507 3479 549 3532 si
592 3480 722 3534 GL:
759 3480 846 3533 uel
885 3482 949 3535 H
1072 3484 1106 3536 2
1143 3481 1418 3550 temptarit
1461 3482 1539 3537 G.-
1576 3483 1925 3552 temptauerit
1962 3483 2074 3537 HL
2208 3482 2331 3535 huic
2372 3483 2445 3536 (r'1
2574 3484 2609 3535 4
2645 3480 2793 3534 indc-

507 3565 738 3619 ferenter
782 3569 866 3621 H¹
947 3568 1321 3622 indefferenter
1367 3570 1440 3623 L¹
1583 3568 2088 3639 reprehensibilibus
2132 3570 2206 3624 L¹
2348 3570 2672 3623 sustine-nter
2719 3568 2790 3622 (Ρ

506 3660 538 3709 5
575 3656 809 3709 conuitia
844 3658 897 3710 L
1039 3660 1069 3711 7
1109 3660 1238 3726 aput
1273 3659 1348 3712 L¹
1491 3659 1781 3728 peculiares
1817 3659 1893 3713 L¹
2035 3660 2068 3713 8
2112 3657 2399 3725 filargiriae
2440 3658 2505 3712 H
2543 3658 2793 3726 Quis-sim)

505 3739 810 3809 fylargiriae
855 3744 908 3797 L
1052 3748 1118 3799 10
1164 3743 1361 3797 fortiua
1409 3746 1482 3799 L²
1626 3745 1747 3815 cybi
1792 3746 1844 3799 L
1990 3748 2049 3801 11
2101 3762 2262 3813 quam
2309 3764 2341 3800 c·
2480 3744 2673 3813 plagiis
2718 3744 2792 3797 L¹

511 3830 574 3883 13
611 3828 710 3881 XV
745 3830 814 3884 H
914 3830 1298 3885 refficicntibus
1335 3833 1410 3886 L¹
1520 3832 1779 3887 fratribus
1813 3840 1820 3898 Ι
1854 3831 2026 3887 tribus
2065 3834 2115 3887 L
2237 3835 2301 3888 14
2338 3832 2694 3900 aegiptiorum
2734 3832 2797 3885 H

812 3926 854 3950 (¹0

509 3963 571 4014 15
610 3926 836 4029 carpodo·
881 3962 1140 4030 (pv-ivetam
1177 3980 1207 4013 o
1245 3969 1372 4017 vinti.
1399 3964 1462 4017 in
1496 3964 1546 4030 a)
1573 3965 1643 4017 H
1708 3980 1874 4033 cappo
1902 3964 1969 4017 do
1996 3981 2087 4016 co*
2128 3964 2479 4033 (postremum
2514 3978 2545 4015 o
2568 3980 2636 4017 ea·
2660 3965 2715 4030 u)
2741 3962 2792 4016 L

505 4047 752 4101 nouimus
777 4048 848 4103 H
935 4047 1072 4115 quod
1101 4050 1152 4102 L
1252 4053 1315 4104 16
1341 4049 1608 4118 spiritales
1632 4050 2032 4104 exercitationes
2058 4052 2131 4105 L¹
2230 4048 2678 4119 concupiscendae
2710 4050 2792 4103 11¹

508 4137 570 4189 17
608 4134 879 4204 otiosaque.
916 4136 968 4189 L
1081 4140 1144 4192 18
1183 4136 1422 4189 conuiuis
1458 4139 1542 4191 Ηι
1651 4137 1864 4191 studere
1898 4138 1953 4192 L
2063 4140 2125 4193 19
2164 4142 2291 4205 aput
2330 4139 2413 4193 bis
2449 4138 2523 4193 12¹
2632 4137 2793 4205 colly-

505 4221 617 4275 beri
651 4224 704 4276 L
833 4225 902 4277 20
940 4222 1026 4276 nel
1067 4224 1209 4277 GH:
1244 4228 1294 4277 et
1331 4225 1383 4278 L
1514 4224 1871 4278 tabenesiotas
1910 4226 1977 4278 H
2042 4224 2473 4279 tabennensiotas
2512 4226 2567 4293 (n
2605 4230 2731 4279 ante
2767 4242 2791 4276 s

503 4311 564 4364 in
616 4328 725 4365 ras.
776 4310 854 4377 L)
911 4310 1039 4364 G2L
1190 4313 1258 4366 22
1313 4311 1636 4365 reffectionis
1689 4312 1764 4365 L¹
1921 4312 2196 4366 muttilare
2251 4314 2318 4367 H
2322 4316 2337 4348 ¹
2485 4315 2555 4368 24
2608 4328 2791 4381 super—

503 4397 706 4451 imferri
746 4399 797 4452 L
904 4400 972 4452 25
1011 4398 1184 4451 sonito
1222 4400 1304 4453 Ηι

2848 3138 2901 3176 25
