3167 4975
552 420 774 477 XVIII

551 594 799 672 praeter
820 590 1144 655 binionem
1177 592 1617 673 quaterniones
1644 590 1749 673 22,
1784 593 1892 657 sed
1917 611 2042 657 non
2067 611 2285 657 omnes
2316 594 2563 677 integri.
2614 593 2843 657 desunt

553 695 722 758 enim
752 695 905 759 folia
941 693 1038 775 13,
1073 695 1132 759 id
1167 700 1263 760 est
1293 696 1481 778 primi
1513 698 1941 779 quaternionis
1974 698 2097 761 tria
2125 696 2215 780 (1,
2241 696 2302 777 2,
2336 695 2425 781 8),
2460 698 2665 780 quarti
2697 698 2840 777 duo,

551 800 708 863 sexti
755 800 896 881 du0,
943 800 1168 864 decimi
1200 792 1408 882 qu'arti
1439 820 1657 881 unum,
1700 802 1926 865 decimi
1957 802 2162 883 quinti
2194 806 2509 884 quattuor,
2548 801 2838 885 nigesimi

551 904 738 986 primi
799 922 1014 968 unum.
1086 905 1308 987 incipit
1353 905 1428 986 V,
1462 902 1546 968 29
1596 907 1691 971 tit..
1744 905 2134 968 dormitante
2181 916 2240 968 et
2283 927 2552 991 semper,
2610 907 2843 970 desinit

551 1008 630 1088 X,
662 1007 702 1069 9
749 1007 1218 1071 uerecundiam
1249 1008 1343 1071 eie
1376 1009 1616 1071 incutit
1648 1031 1964 1095 inaquam.
2016 1012 2499 1094 quaternionum
2540 1010 2840 1091 numeriS,

551 1114 658 1193 qui
707 1132 744 1176 a
775 1132 967 1177 manu
1012 1115 1218 1197 prima
1249 1116 1312 1178 in
1361 1116 1735 1199 paginarum
1782 1115 2173 1199 marginibus
2206 1114 2605 1180 inferioribus
2652 1116 2839 1198 positi

551 1222 719 1297 sunt,
765 1216 1067 1300 probatur
1112 1219 1388 1283 codicem
1438 1221 1756 1303 integrum
1789 1224 2041 1284 tantum
2086 1225 2225 1284 octo
2256 1220 2449 1284 libros
2497 1221 2571 1283 de
2604 1220 2841 1302 capita-

552 1320 718 1384 libus
765 1322 939 1387 uitiis
987 1324 1387 1388 continuisse.
1439 1325 1852 1389 correctiones
1900 1326 2033 1388 siue
2080 1325 2317 1408 primae
2366 1325 2499 1388 siue
2533 1324 2841 1388 secundae

551 1445 798 1506 manuS,
847 1446 1006 1509 quae
1047 1432 1112 1491 et
1157 1429 1294 1511 ipsa
1338 1430 1711 1512 perantiqua
1742 1433 1857 1509 est,
1904 1448 2154 1512 perraro
2195 1432 2547 1494 occurrunt.
2606 1428 2839 1492 librum

550 1534 868 1595 uetustate
931 1532 1246 1616 insignem
1312 1534 1420 1597 sed
1481 1534 1707 1597 misere
1769 1532 2081 1613 habitum,
2150 1534 2327 1597 cuius
2398 1533 2841 1615 quaterniones

552 1640 922 1719 tegumento
962 1637 1220 1701 omnino
1265 1642 1548 1701 carentes
1580 1637 1705 1701 filis
1751 1639 1934 1702 lineis
1966 1639 2213 1703 consuti
2246 1642 2415 1717 sunt,
2462 1637 2839 1701 liberalitate

552 1759 768 1805 eorum
815 1741 921 1823 qui
949 1740 1372 1806 bibliothecae
1421 1743 1743 1807 seminarii
1774 1742 2127 1807 Aeduensis
2173 1746 2474 1826 praesunt
2502 1741 2839 1806 Graecium

551 1846 817 1909 missum
862 1865 975 1931 per
1017 1847 1378 1911 trimenstre
1426 1851 1678 1929 tempus
1727 1850 2013 1911 excutere
2058 1848 2254 1912 licuit.
2338 1838 2343 1845 ’

639 1950 698 2015 3.
780 1950 926 2015 Cod.
1015 1952 1167 2015 olim
1242 1950 1486 2035 Augiae
1565 1952 1819 2017 maioris
1904 1972 2070 2016 nunc
2146 1951 2838 2016 Caroliruhensis

550 2074 608 2119 n.
668 2054 1046 2135 LXXXVII,
1111 2074 1270 2119 saec.
1321 2056 1530 2136 VIIII,
1595 2057 1833 2121 formae
1894 2056 2168 2136 maioriS,
2230 2056 2336 2120 fol.
2400 2054 2542 2135 104,
2605 2054 2837 2119 litteris
2934 2086 2941 2093 ·

549 2160 920 2223 minusculis
952 2161 1212 2242 pulchre
1245 2163 1309 2224 et
1339 2160 1673 2243 diligenter
1706 2161 1995 2244 scriptus.
2050 2159 2359 2244 praefixus
2400 2162 2497 2223 est
2540 2159 2642 2223 hic
2685 2159 2839 2222 titu-

547 2264 682 2327 lus:
731 2260 811 2324 In
854 2264 968 2357 ζιοο
999 2284 1267 2349 corpore
1299 2264 1717 2327 continentur
1761 2261 1925 2326 libri
1966 2263 2303 2327 duodecim
2344 2284 2498 2348 quos
2538 2262 2837 2324 cassiano

547 2376 812 2431 aucto-re
845 2367 1050 2430 editoe
1093 2369 1398 2431 vzoui‘mus
1445 2367 1520 2431 id
1563 2378 1655 2431 eet
1698 2368 1775 2431 de
1821 2367 2053 2431 habitu
2098 2368 2395 2431 monachi
2425 2377 2483 2430 et
2530 2367 2605 2430 de
2650 2388 2837 2429 cano-

545 2472 690 2536 nico
721 2482 1201 2536 nocturnarum
1247 2474 1624 2537 orationum
1669 2482 1727 2538 et
1774 2473 1849 2536 de
1882 2474 2191 2537 canonico
2240 2472 2647 2536 diurna-rum
2692 2493 2836 2534 ora-

549 2579 800 2640 tionum
845 2580 992 2662 (sic!
1045 2577 1230 2641 modo
1275 2579 1612 2664 omissum)
1659 2589 1719 2641 et
1781 2578 1856 2643 de
1916 2579 2243 2642 institutis
2305 2577 2837 2641 renuntiantium

547 2693 606 2746 et
669 2681 746 2746 de
805 2693 940 2745 octo
993 2682 1497 2768 principalibus
1556 2683 1775 2746 uitiis·
1854 2685 2131 2767 capitula
2188 2685 2473 2748 omnium
2531 2681 2836 2747 librorum

545 2789 794 2870 desunt,
827 2788 936 2852 sed
963 2789 1237 2872 spatium
1269 2789 1359 2852 eis
1393 2788 1805 2872 suscipiendis
1832 2788 2217 2852 destinatum
2249 2801 2521 2852 uacuum
2546 2787 2836 2850 relictum

546 2897 658 2957 est.
709 2896 1022 2956 correctus
1083 2897 1181 2956 est
1225 2911 1264 2957 a
1317 2911 1508 2957 manu
1554 2893 1742 2977 paulo
1789 2896 2041 2958 tantum
2086 2893 2445 2956 recentiore.
2519 2929 2599 2938 --
2646 2891 2867 2968 huius*

542 2997 688 3062 libri
732 2998 918 3081 plane
961 2998 1268 3082 gemellus
1316 3001 1414 3062 est

625 3101 686 3166 4.
736 3101 1260 3186 sangallensis
1313 3099 1456 3182 183,
1503 3121 1665 3166 saec.
1700 3102 1910 3183 VIIII,
1956 3102 2195 3166 formae
2236 3101 2511 3180 maioriS,
2544 3099 2649 3164 fol.
2692 3098 2834 3180 134,

543 3206 712 3270 binis
745 3206 1054 3271 columnis
1086 3207 1506 3289 pulcherrime
1538 3211 1847 3270 exaratus
1890 3207 1997 3288 qui
2028 3205 2325 3288 quoniam
2356 3223 2501 3268 cum
2525 3202 2834 3288 Augiensi

544 3312 634 3376 ita
678 3311 1012 3392 consentit,
1060 3314 1133 3375 ut
1177 3311 1284 3376 illo
1331 3313 1585 3376 omnino
1627 3312 1895 3375 deterior
1942 3311 2045 3388 sit,
2090 3327 2324 3393 paucas
2371 3309 2504 3372 eius
2535 3309 2835 3372 lectiones

545 3417 974 3498 discrepantes
1020 3415 1340 3496 adnotaui‚
1386 3416 1643 3497 reliquis
1690 3415 1842 3480 locis
1890 3414 2183 3479 omnibus
2230 3415 2305 3476 de
2354 3432 2425 3478 eo
2472 3414 2657 3478 tacui.

637 3519 696 3584 ἴ).
745 3519 1140 3585 Parisinus
1191 3517 1420 3600 12292,
1470 3538 1629 3584 saec.
1665 3519 2023 3600 VIIII—X,
2078 3519 2231 3583 olim
2287 3518 2489 3582 sancti
2536 3515 2835 3582 Germani

547 3645 584 3690 a
613 3626 821 3690 Pratis
867 3646 927 3691 n.
965 3623 1111 3706 852,
1146 3626 1350 3689 forma
1387 3626 1644 3704 maiore,
1692 3625 1796 3688 fol.
1839 3622 1980 3705 162,
2029 3623 2133 3687 fol.
2176 3619 2386 3685 1-85
2416 3623 2570 3686 haec
2604 3622 2837 3706 scripta

547 3732 826 3795 continet
873 3749 1033 3794 saec.
1079 3729 1268 3794 VIIII
1315 3733 1601 3794 exarata:
1658 3725 1993 3813 Confessio
2048 3725 2473 3792 Godeecalchi
2515 3725 2835 3789 monachi.

546 3834 792 3898 Florus
851 3832 1116 3897 libellus
1165 3832 1241 3896 de
1277 3830 1909 3919 praedestinatione.
1976 3830 2286 3917 Epistola
2333 3830 2555 3894 domni
2596 3829 2837 3893 Albini

542 3939 635 4002 ad
657 3937 972 4003 Carolum
996 3938 1474 4024 imperatorem.
1510 3937 1835 4002 Seruatus
1852 3936 2085 4022 Lupus
2112 3935 2187 3999 de
2202 3933 2833 4022 praedestinatione.

541 4041 854 4107 Eiusdem
925 4041 1400 4106 Collectaneum
1469 4041 1546 4105 de
1616 4039 1830 4104 tribus
1902 4039 2409 4126 quaestionibus·
2488 4043 2836 4122 sequuntur

544 4149 686 4214 inde
721 4168 757 4213 a
789 4149 891 4213 fol.
927 4147 1040 4210 86⁸
1077 4149 1362 4214 Cassiani
1392 4147 1837 4212 Institutiones
1870 4165 1909 4210 a
1937 4164 2129 4210 manu
2160 4143 2503 4209 recentiore
2544 4144 2834 4227 scriptae,

543 4251 754 4337 quam,
795 4273 942 4318 cum
973 4255 1250 4319 codicem
1283 4253 1702 4334 conferebam,
1752 4253 1985 4317 saeculi
2015 4251 2242 4316 decimi
2276 4270 2413 4316 esse
2454 4249 2831 4315 existimaui.

541 4363 612 4424 ut
660 4363 871 4423 autem
931 4359 1137 4423 omnis
1198 4357 1506 4423 dubitatio
1567 4358 1913 4438 tolleretur,
1977 4357 2100 4421 adii
2160 4355 2501 4439 Georgium
2564 4352 2835 4437 Schepss
