3167 4975
487 370 568 434 78
1301 370 1621 424 Iohannis
1668 368 1967 425 Cassiani

488 546 786 610 uniuersa
816 545 1144 629 conplecti.
1182 545 1327 608 audi
1359 563 1504 629 ergo
1535 545 1755 628 paucis
1787 544 2089 624 ordinem,
2121 563 2233 626 per
2263 562 2449 626 quem
2484 544 2779 608 scandere

491 650 568 714 ad
612 651 1062 734 perfectionem
1109 667 1425 714 summam
1473 649 1609 714 sine
1656 650 1783 713 ullo
1822 647 2035 713 labore
2078 666 2149 712 ac
2189 647 2561 712 difficultate
2598 667 2779 731 prae-

485 756 716 820 ualeaS.
764 754 1224 838 principium
1270 758 1522 819 nostrae
1570 754 1793 819 salutis
1842 772 1914 818 ac
1961 753 2386 837 sapientiae
2433 753 2777 818 secundum

485 860 828 943 scripturas
873 860 1097 924 timor
1143 859 1431 923 domini
1477 861 1610 923 est.
1676 859 1753 922 de
1791 859 2019 922 timore
2051 858 2290 922 domini
2321 858 2602 922 nascitur
2633 876 2780 922 con-

481 965 738 1046 punctio
777 963 1090 1028 salutaris.
1141 963 1216 1028 de
1256 964 1715 1046 conpunctione
1747 963 1949 1027 cordis
1978 963 2259 1045 procedit
2290 961 2775 1042 abrenuntiatio,
2856 983 2882 1022 5

481 1069 545 1132 id
592 1072 690 1133 est
741 1068 994 1133 nuditas
1041 1072 1106 1133 et
1151 1071 1550 1151 contemptus
1610 1068 1893 1133 omnium
1938 1068 2334 1132 facultatum.
2385 1068 2461 1131 (16
2491 1068 2776 1133 nuditate

481 1173 811 1238 humilitas
868 1175 1249 1258 procreatur.
1297 1173 1374 1237 de
1419 1173 1780 1237 hnmilitate
1834 1176 2172 1256 generatur
2222 1171 2619 1238 mortificatio
2664 1189 2776 1236 uo-

479 1277 818 1343 luntatum.
870 1277 1352 1343 mortificatione
1397 1278 1801 1342 uoluntatum
1840 1277 2263 1360 exstirpantur
2302 1281 2490 1360 atque
2538 1296 2775 1342 marce-

481 1386 667 1447 scunt
725 1382 1021 1447 uniuersa
1080 1382 1255 1447 uitia.
1341 1382 1702 1465 expulsione
1772 1382 2073 1447 uitiorum
2142 1383 2413 1446 uirtutes
2472 1382 2775 1446 fruticant

483 1492 670 1569 atque
716 1488 1136 1551 succrescunt.
1195 1487 1607 1570 pullulatione
1660 1487 1972 1551 uirtutum
2017 1487 2257 1570 puritas
2304 1487 2508 1551 cordis
2556 1487 2773 1569 adqui·
2830 1508 2880 1548 ιο

480 1593 655 1656 ritur.
718 1593 992 1677 puritate
1040 1592 1241 1657 cordis
1289 1593 1669 1676 apostolicae
1715 1592 1997 1656 caritatis
2045 1592 2345 1676 perfectio
2399 1592 2771 1676 possidetur.

1213 1975 1516 2060 LIBER
1569 1975 2022 2062 QUINTUS.

923 2125 1054 2190 DE
1099 2124 1481 2193 SPIRITU
1527 2126 2327 2193 GASTRIMARGIAE.

1389 2295 1856 2350 CAPITULA.

565 2433 615 2498 I.
675 2431 1005 2502 Transitus
1070 2434 1146 2499 de
1209 2433 1520 2500 institutis
1581 2435 2035 2501 monachorum
2099 2435 2177 2501 ad
2240 2436 2768 2502 conluctationem
2824 2465 2873 2508 1⁵

479 2542 620 2603 octo
665 2539 1109 2625 principalium
1155 2540 1472 2604 uitiorum.

563 2642 646 2707 H.
710 2643 887 2724 Quod
947 2662 1172 2709 causae
1233 2645 1552 2726 uitiorum,
1620 2645 1786 2709 sicut
1845 2645 1911 2709 in
1972 2644 2265 2710 omnibus
2330 2646 2764 2726 immorantur,

477 2747 569 2812 ita
635 2747 713 2812 ab
784 2748 1077 2814 omnibus
1147 2750 1534 2834 ignorentur,
1605 2753 1668 2814 et
1735 2750 1883 2833 quia
1950 2750 2028 2815 ad
2057 2755 2068 2767 ⁶
2094 2750 2590 2816 manifestandas
2660 2770 2765 2815 eas

477 2852 715 2917 domini
761 2871 1058 2937 egeamus
1105 2854 1352 2919 auxilie.

563 2957 679 3021 III.
745 2956 923 3037 Quod
989 2960 1194 3042 prima
1261 2958 1441 3024 nobis
1505 2959 1884 3024 conluctatio
1954 2959 2043 3023 sit
2104 2959 2402 3023 aduersus
2472 2959 2766 3041 spiritum
2820 2993 2873 3031 20

475 3063 973 3147 gastrimargiae,
1021 3063 1085 3129 id
1129 3066 1228 3129 est
1271 3064 1847 3148 concupiscentiam
1892 3065 2095 3149 gulae.

563 3167 711 3231 IIII.
761 3167 1222 3233 Testimonium
1255 3168 1505 3234 abbatis
1536 3167 1824 3250 Antonii,
1871 3187 1991 3251 quo
2039 3169 2221 3234 docet
2258 3187 2765 3252 unamquamque

478 3272 782 3336 uirtutem
833 3272 909 3337 ab
958 3274 1066 3338 illo
1111 3275 1220 3356 qui
1266 3292 1406 3339 eam
1452 3274 1829 3358 peculiarius
1874 3274 2153 3358 possidet
2197 3274 2623 3357 expetendam.

685 3426 741 3497 3]
777 3426 937 3482 Prou.
965 3430 1014 3491 9,
1044 3429 1124 3483 10.

566 3551 591 3606 1
619 3549 766 3617 pacis
789 3551 842 3604 L
949 3554 983 3606 2
1009 3550 1306 3605 dificultate
1329 3552 1382 3605 L
1489 3553 1522 3605 3
1545 3550 1838 3621 patientiae
1867 3551 1918 3605 G
2023 3553 2056 3606 4
2084 3549 2373 3620 conpuntio
2402 3552 2475 3606 θ’
2582 3554 2615 3606 6
2641 3566 2765 3605 con-

475 3639 658 3690 tentus
681 3638 735 3691 L
842 3640 872 3693 7
912 3638 1252 3709 uoluptatum
1277 3640 1360 3695 bis
1383 3640 1525 3693 H¹T
1625 3642 1658 3695 8
1696 3637 1761 3692 de
1796 3638 2204 3693 mortificatione
2228 3639 2400 3694 HLT
2499 3640 2763 3708 extirpan-

475 3726 565 3777 tur
605 3724 750 3780 (ΡΗ
849 3728 881 3780 9
918 3725 1181 3780 fruticant
1221 3726 1370 3783 6²8.-
1414 3725 1715 3780 fmtificant
1752 3726 1827 3781 G¹
1899 3726 2228 3779 fructificant
2261 3727 2460 3782 HLTv
2568 3728 2632 3782 10
2666 3743 2763 3796 pu-

473 3810 730 3866 lulatione
780 3812 926 3869 (ΡΗ
925 3816 942 3849 ¹
1121 3817 1183 3870 11
1229 3813 1546 3883 possidetur.
1618 3814 1851 3883 Explicit
1904 3814 1967 3868 de
2022 3814 2284 3868 institutis
2338 3814 2761 3867 renuntiantium

475 3898 604 3967 (ren.
633 3898 756 3953 inst.
781 3901 857 3969 L)
893 3900 1029 3956 liber
1068 3901 1214 3955 ·ΙΠΙ·
1249 3901 1432 3957 GLT:
1465 3920 1567 3957 om.
1605 3903 1674 3956 H
1795 3902 1997 3971 Incipit
2032 3902 2097 3955 de
2134 3902 2325 3971 spiritu
2362 3902 2764 3971 gastrimargiae

473 3986 730 4070 (castrim.
767 3988 842 4056 L)
878 3986 1015 4042 liber
1060 3990 1278 4058 quintus
1315 3989 1385 4057 (V
1419 3990 1494 4057 L)
1531 3990 1673 4044 HL:
1711 4007 1813 4045 om.
1855 3989 1962 4043 GT
2043 3989 2201 4058 Incip‘
2244 3990 2453 4059 capitul
2497 3989 2763 4057 sequentis
2839 4042 2845 4047 .

469 4073 569 4128 lib.
599 4074 652 4130 G
722 4074 997 4144 Incipiunt
1033 4076 1268 4146 capitula
1303 4076 1369 4131 de
1405 4076 1543 4131 libro
1581 4076 1769 4145 quinto
1806 4077 1923 4131 HT
2034 4077 2307 4145 Incipiunt
2342 4076 2488 4131 tituli
2527 4076 2761 4131 eiusdem

471 4159 599 4214 libri
632 4162 688 4217 L

561 4251 628 4305 15
651 4250 914 4305 transitur
941 4253 990 4305 T
1080 4251 1148 4305 ad
1171 4251 1303 4306 LT:
1327 4250 1392 4305 de
1419 4252 1490 4307 H
1580 4254 1645 4307 18
1671 4251 1991 4319 ignorantur
2018 4252 2096 4307 Τυ
2190 4252 2315 4320 quia
2338 4253 2532 4307 HLT:
2566 4251 2707 4321 quod
2731 4270 2764 4308 v

475 4337 540 4392 19
574 4334 830 4391 auxilium
864 4338 982 4393 HT
1079 4340 1143 4395 21
1173 4337 1578 4408 castrimargiae
1609 4340 1663 4393 L
1790 4338 2219 4411 concupiscentie
2256 4341 2309 4394 L
2416 4342 2483 4395 22
2520 4338 2663 4409 quod
2699 4340 2768 4395 H
