3167 4975
2382 422 2613 503 XXXI

321 612 471 676 conl
499 612 584 674 II
602 611 906 699 capitula
947 612 1024 676 de
1064 611 1321 676 abbatis
1359 612 1658 675 theodori
1686 611 2069 675 conlatione.
2132 617 2481 696 sequuntur
2510 632 2615 677 ca-

318 718 728 801 pitulationes
776 718 950 783 Conl.
985 718 1256 783 Vl—X:
1305 718 1572 801 singulis
1604 718 2098 801 praemittuntur
2144 718 2340 782 uerba
2382 716 2475 779 ite
2514 738 2613 779 ca-

311 820 548 907 pitula
593 827 658 887 et
701 824 836 903 rel.,
892 842 1050 905 quae
1098 823 1230 887 suis
1277 823 1429 887 locis
1476 824 1542 887 in
1588 827 1893 906 apparatu
1938 823 2155 888 critico
2208 823 2610 887 inseruimus..

321 931 582 1011 apparet
613 945 760 1012 ergo
791 927 1116 991 librarium
1149 931 1222 991 ut
1245 926 1723 993 conlationibus
1744 927 2003 1009 VI-X,
2036 928 2127 992 ita
2156 928 2349 991 etiam
2380 926 2555 992 Conl.
2584 928 2613 991 I

316 1033 462 1095 —V
479 1032 829 1097 indiculum
853 1035 918 1096 et
933 1032 1210 1115 capitula
1223 1032 1642 1115 praemisisse.
1678 1031 2189 1116 orthographiam
2207 1032 2437 1097 codicis
2464 1050 2613 1096 sane

319 1138 548 1201 miram
593 1136 928 1221 diligenter
973 1137 1414 1220 expressimuS,
1461 1136 1584 1201 nisi
1632 1136 1795 1219 quod
1828 1157 1903 1199 ae
1932 1155 2045 1220 pro
2076 1157 2127 1213 e,
2172 1139 2246 1201 ut
2276 1136 2615 1199 haeremus

321 1242 664 1327 inyraeasa
699 1240 992 1327 laquaeis
1025 1262 1296 1327 praeces
1319 1240 1741 1327 praehaendo
1775 1245 1837 1306 et
1878 1242 2130 1322 similia,
2176 1260 2337 1323 quae
2368 1260 2615 1306 sescen-

321 1347 441 1410 ties
495 1350 850 1427 occurrunt,
909 1349 1124 1411 notare
1182 1346 1669 1430 supersedimus,
1742 1345 2045 1411 minutias
2098 1345 2614 1431 orthographicas

321 1468 548 1515 manus
589 1451 864 1515 secunda
903 1456 966 1515 et-
996 1452 1134 1534 ipsa
1163 1452 1536 1535 perantiqua
1569 1469 1753 1535 saepe
1785 1451 2068 1532 correxit,
2117 1470 2303 1536 saepe
2343 1452 2615 1517 intactas

319 1556 590 1638 reliquit.
665 1557 824 1621 aliae
886 1556 1299 1621 correctiones
1362 1556 1645 1620 eiusdem
1704 1574 1931 1621 manus
1985 1574 2235 1640 perraro
2282 1560 2617 1621 occurrunt

321 1680 436 1725 nec
484 1660 824 1727 crebriores
873 1664 1025 1727 sunt
1068 1679 1228 1743 quae
1275 1680 1314 1725 a
1357 1660 1562 1744 prima
1607 1661 1921 1744 profectae
1970 1663 2135 1726 sunt.

405 1762 466 1829 2.
536 1765 936 1830 Parisinus
1003 1765 1424 1831 bibliothecae
1493 1766 1829 1830 nationalis
1909 1764 2124 1830 13384
2190 1784 2349 1831 saec.
2406 1765 2616 1848 VIIII,

323 1870 526 1934 forma
557 1870 818 1951 minore,
865 1870 971 1936 fol.
1011 1868 1156 1951 180,
1203 1872 1541 1953 quondam,
1590 1873 1660 1934 ut
1699 1871 1764 1934 in
1798 1870 1947 1935 folio
1979 1868 2249 1955 praefixo
2282 1871 2614 1951 indicatur,

322 1974 500 2039 ‘liber
532 1973 590 2039 S.
627 1974 800 2039 Petri
833 1974 1271 2056 Corbeiensis'‚
1313 1980 1533 2059 postea
1565 1972 1696 2039 ‘Sti
1733 1974 2033 2040 Germani
2066 1994 2103 2039 a
2132 1976 2359 2041 Pratis'
2391 1976 2613 2039 fuerat.

319 2079 426 2143 fol.
464 2079 532 2141 1⁸
567 2079 670 2143 hic
703 2080 1016 2145 indiculus
1061 2081 1328 2163 legitur:
1375 2080 1456 2142 In
1501 2076 1619 2165 χ’ῑῆ
1662 2089 1809 2142 ‘nom
1840 2079 1945 2142 hic
1984 2079 2211 2143 insunt
2239 2078 2429 2143 ἔδον-ὕ
2473 2100 2614 2142 σοπ-

325 2181 600 2247 lationes
647 2185 722 2248 X.
759 2182 872 2247 ide
910 2182 1170 2247 abbatis
1215 2182 1423 2271 moysi
1467 2184 1544 2246 de
1583 2184 1885 2247 monachi
1933 2183 2361 2247 distinationc
2400 2182 2431 2246 Ζ
2455 2182 2613 2265 fine.

323 2288 403 2351 H.
463 2287 751 2351 eiusdem
815 2287 894 2351 de
957 2286 1344 2352 discretione
1405 2290 1519 2353 III.
1579 2285 1839 2351 abbatis
1891 2288 2265 2374 paphnutii
2320 2288 2397 2353 dc
2456 2286 2614 2367 trib;

323 2390 960 2473 abrenuntiationi&
1021 2394 1170 2458 IIII.
1230 2391 1486 2456 abbatis
1553 2391 1885 2457 danihelis
1952 2393 2029 2457 dc
2092 2392 2615 2479 concupiscentia

323 2508 482 2561 carri
531 2499 578 2564 ἃ
613 2495 724 2584 εἶς
763 2500 837 2563 V.
888 2497 1123 2625 abbath⁷
1168 2497 1220 2563 S
1250 2546 1264 2561 .
1300 2547 1314 2561 .
1352 2498 1619 2584 ‚pionis
1683 2498 1759 2562 de
1802 2509 2055 2562 natura
2101 2508 2159 2562 et
2218 2498 2468 2585 oriqine
2514 2497 2615 2562 ui-

324 2636 574 2699 ciorum
622 2638 728 2703 VI.
780 2635 1015 2700 abbat⁷
1060 2637 1315 2701 teodori
1377 2637 1455 2702 de
1499 2659 1643 2702 ‘nece
1697 2637 1887 2702 §Em-e
1930 2640 2071 2704 VII.
2122 2635 2359 2702 abbat⁷
2400 2637 2618 2701 sereni

325 2739 402 2802 de
461 2741 722 2806 animae
773 2740 1141 2868 gnobilitate
1206 2751 1266 2805 ct
1309 2740 1673 2826 §pitatibus
1732 2743 2047 2828 nequitiis
2108 2743 2281 2808 VIII.
2333 2741 2617 2806 eiusdem

327 2877 404 2943 de
429 2879 932 2968 principalibus
963 2881 1285 2964 sf‘s's's'ss'sff'l'
1329 2881 1519 2945 Isaac
1551 2881 1627 2945 de
1674 2881 1968 2946 oratione
1998 2881 2392 2946 emulationes
2426 2881 2614 2946 duae.

324 2985 481 3050 liber
544 3006 616 3050 ex
677 2987 1015 3070 archetypo
1081 2987 1390 3072 scriptura
1450 2989 1935 3073 anglosaxonica
1996 2988 2130 3052 siue
2192 2989 2618 3072 merouingica

328 3095 575 3156 exarato
633 3089 888 3156 fluxisse
948 3091 1217 3173 uidetur,
1279 3093 1344 3156 id
1387 3093 1554 3175 quod
1609 3093 1956 3176 conpendia
2014 3093 2323 3175 quaedam
2384 3093 2519 3158 siue
2580 3111 2618 3157 a

329 3193 580 3261 librario
615 3195 750 3260 siue
796 3215 834 3260 a
864 3201 1208 3262 correctore
1240 3216 1364 3262 non
1411 3197 1736 3262 intellecta
1766 3201 2055 3282 arguunt.
2118 3216 2416 3282 persaepe
2447 3198 2615 3262 enim

327 3335 632 3418 scriptum
687 3339 786 3400 est
818 3357 892 3420 p,
940 3335 1050 3401 ubi
1083 3357 1136 3420 :p
1181 3337 1591 3418 desideratur,
1636 3297 1687 3412 ἑ,
1735 3337 1798 3401 id
1838 3341 1935 3401 est
1978 3337 2170 3414 sicut,
2217 3337 2381 3420 quod
2424 3337 2617 3401 libra-

327 3440 456 3503 rius
502 3441 643 3504 aliis
689 3441 845 3505 locis
891 3459 1018 3506 non
1069 3441 1333 3506 retinuit
1377 3442 1485 3506 sed
1531 3442 1597 3506 in
1642 3451 1798 3504 sunt
1844 3443 2138 3523 mutauit,
2198 3442 2617 3524 conpendium

329 3543 364 3604 ἓ
393 3564 526 3608 esse
559 3549 758 3626 ratuS,
791 3549 930 3610 tum
958 3545 1208 3611 litterae
1241 3566 1280 3606 r
1310 3549 1374 3611 et
1402 3567 1432 3607 s
1464 3545 1635 3610 haud
1665 3564 1805 3611 raro
1832 3547 1995 3611 inter
2027 3566 2093 3610 se
2126 3550 2612 3612 commutantur.

329 3649 492 3731 quod
521 3651 602 3714 ad
647 3649 1162 3734 orthographiam
1208 3651 1455 3731 attinet,
1503 3672 1578 3714 ae
1610 3651 1741 3714 fere
1785 3671 1895 3734 per
1924 3672 1955 3712 e
1992 3651 2306 3732 scribitur,
2353 3651 2617 3716 confun-

327 3753 558 3818 duntur
619 3755 870 3820 litterae
917 3776 948 3817 e
995 3757 1058 3818 et
1103 3754 1152 3832 i,
1199 3775 1234 3817 ο
1283 3759 1348 3819 et
1391 3775 1459 3832 u,
1519 3751 1554 3816 b
1604 3760 1667 3821 et
1710 3776 1778 3833 u,
1834 3777 1867 3818 c
1913 3759 1975 3820 et
2020 3764 2065 3820 t.
2112 3756 2267 3820 talia
2326 3775 2365 3820 a
2424 3773 2615 3820 manu

239 3899 252 3914 -
329 3859 604 3923 secunda
645 3859 749 3923 uel
799 3860 986 3924 tertia
1014 3859 1254 3943 passim
1284 3861 1563 3924 correcta
1595 3863 1762 3925 sunt.
1814 3879 1973 3942 quae
2015 3863 2413 3941 correctores,
2460 3879 2617 3943 quos

329 3963 712 4048 distinguere
779 3981 1000 4046 operae
1067 3965 1343 4046 pretium
1403 3983 1527 4030 non
1599 3968 1724 4046 est,
1799 3969 2123 4047 praeterea
2190 3967 2617 4044 mutauerant,

329 4068 562 4132 nullius
605 4069 736 4133 fere
783 4069 1085 4134 momenti
1119 4073 1288 4150 sunt,
1335 4069 1458 4134 nisi
1490 4070 1654 4151 quod
1702 4069 1872 4134 mala
1902 4069 2239 4135 uerborum
2272 4069 2617 4150 collocatio,

329 4189 456 4253 qua
483 4173 780 4238 librarius
811 4174 1158 4238 innumeris
1187 4173 1342 4240 locis
1374 4173 1682 4260 peccauit,
1724 4191 1840 4258 ope
1872 4175 2101 4240 codicis
2134 4175 2399 4240 alicuius
2430 4175 2617 4258 paulo

329 4279 402 4340 ut
447 4277 696 4342 uidetur
741 4279 1105 4344 recentioris
1159 4280 1224 4344 in
1273 4280 1593 4363 integrum
1650 4278 1947 4344 restituta
1994 4283 2091 4344 est
2136 4280 2239 4344 uel
2293 4280 2460 4362 quod
2520 4283 2621 4344 sat

329 4382 516 4445 multi
547 4381 668 4446 loci
701 4400 740 4446 a
785 4401 976 4447 manu
1007 4384 1210 4466 prima
1240 4388 1494 4468 propter
1525 4385 1945 4460 ὁμοιοτέλευτον
1985 4385 2202 4449 omissi
2234 4403 2273 4450 a
2304 4403 2385 4448 m.
2422 4385 2621 4449 altera
