3167 4975
1004 414 1233 465 contra
1268 412 1648 465 Nestorium
1685 410 1796 464 lib.
1825 411 1888 475 V,
1925 414 2078 466 4—5.
2563 414 2686 479 307

484 588 557 652 V.
606 589 735 653 Iste
799 606 945 672 ergo
1007 592 1103 653 est
1162 588 1238 651 de
1299 606 1420 671 quo
1478 589 1784 670 propheta
1839 588 2013 653 dicit:
2078 589 2425 670 quoniam
2483 589 2558 652 in
2618 591 2689 653 te

397 697 511 757 est
556 694 762 774 (19115,
812 698 887 758 et
931 713 1075 759 non
1123 697 1236 758 est
1278 697 1578 775 praeter
1624 697 1694 757 te
1741 694 1942 756 deus,
2021 696 2097 757 tu
2147 712 2221 756 es
2269 693 2460 757 enim
2509 694 2688 757 deus

394 802 679 879 noster,
742 802 813 862 et
859 798 1411 878 nesciebamuS,
1473 797 1656 861 deus
1703 798 1996 861 Israhel
2043 798 2407 878 saluator,
2463 798 2570 879 qui
2617 798 2690 861 in

394 904 621 967 terris
668 906 879 985 utique
926 908 1185 986 postea
1245 903 1457 966 uisus
1506 906 1648 982 est,
1713 906 1784 967 et
1830 922 1992 966 cum
2038 902 2466 966 hominibus
2527 921 2690 966 con-

314 1034 343 1071 5
396 1012 740 1071 uersatus
789 1013 918 1072 est.
997 1008 1071 1071 de
1119 1027 1238 1091 quo
1271 1010 1460 1072 etiam
1492 1008 1698 1072 Dauid
1741 1008 2046 1089 propheta
2079 1027 2150 1070 ex
2197 1026 2465 1089 persona
2493 1008 2688 1088 ipsius

395 1112 569 1176 dicit:
618 1113 701 1175 de
747 1117 1013 1177 uentre
1060 1114 1325 1177 matris
1372 1132 1575 1177 meae
1625 1113 1806 1175 deus
1847 1131 2050 1176 meus
2093 1132 2166 1175 es
2215 1116 2320 1192 tu,
2353 1112 2687 1177 ostendens
2799 1198 2804 1201 Ι

394 1218 607 1299 utique
651 1218 815 1300 quod
876 1236 1223 1300 numquam
1284 1218 1473 1281 homo
1532 1218 1636 1281 ille
1698 1218 2044 1281 dominicus
2111 1219 2243 1281 sine
2305 1218 2543 1282 unitate
2593 1218 2688 1281 dei

390 1324 601 1402 fuerit,
646 1324 711 1386 in
758 1341 876 1404 quo
922 1324 986 1387 in
1032 1324 1167 1406 ipso
1215 1323 1430 1387 statim
1460 1322 1722 1405 uirginis
1755 1325 1931 1386 utero
1977 1321 2298 1405 plenitudo
2345 1322 2687 1386 diuinitatis

392 1428 717 1507 habitarit,
780 1429 941 1492 sicut
1006 1431 1068 1491 et
1129 1427 1274 1491 alibi
1337 1427 1505 1491 idem
1566 1428 1873 1509 propheta
1931 1426 2249 1507 ueritas,
2313 1427 2539 1508 inquit,
2603 1427 2687 1489 de

285 1556 338 1594 ιο
390 1536 591 1595 terra
653 1535 815 1595 orta
874 1535 989 1595 est
1052 1535 1124 1595 et
1174 1531 1473 1595 iustitia
1518 1531 1602 1594 de
1664 1532 1868 1595 caelo
1914 1533 2325 1613 prospexit,
2386 1533 2459 1594 ut
2503 1532 2687 1595 intel-

389 1638 741 1719 legeremus
804 1636 1043 1699 scilicet
1087 1636 1502 1719 prospiciente
1559 1636 1634 1699 de
1697 1635 1884 1699 caelis
1932 1635 2058 1699 filio
2121 1635 2238 1715 dei,
2299 1636 2360 1698 id
2423 1638 2518 1700 est
2579 1636 2686 1699 ad-

388 1743 681 1805 ueniente
715 1760 786 1805 ac
818 1742 1237 1805 descendente
1270 1741 1506 1804 iustitia
1531 1744 1748 1803 natam
1781 1759 1918 1803 esse
1950 1740 2026 1803 de
2058 1758 2244 1803 carne
2277 1740 2534 1823 uirginis
2560 1758 2684 1805 non

388 1848 784 1928 phantasiam
818 1846 1111 1927 corporiS,
1146 1846 1255 1909 sed
1288 1845 1642 1909 ueritatem.
1711 1845 1842 1926 ipse
1877 1848 1974 1908 est
2004 1846 2171 1909 enim
2205 1846 2435 1909 ueritas
2469 1864 2692 1909 secun·
2739 1855 2774 1907 2

389 1952 541 2016 dum
585 1950 737 2015 illud
781 1952 976 2032 ipsius
1024 1952 1455 2015 testimonium
1501 1950 1816 2013 ueritatis:
1881 1969 2010 2031 ego
2074 1968 2233 2013 sum
2278 1950 2564 2014 ueritas
2614 1953 2684 2013 et

282 2084 331 2123 1⁵
384 2058 559 2121 uita.
656 2074 801 2138 ergo
864 2056 1007 2137 quia
1074 2055 1487 2120 anterioribus
1550 2054 1727 2118 libris
1797 2055 2131 2117 ueritatem
2195 2054 2387 2134 hanc,
2457 2053 2519 2118 id
2587 2058 2684 2118 est

384 2162 709 2224 dominum
742 2161 954 2223 Iesum
985 2160 1304 2224 Christum
1346 2163 1563 2223 natum
1613 2178 1684 2222 ex
1730 2159 1972 2241 uirgine
2020 2158 2206 2222 deum
2251 2159 2679 2239 probauimuS‚

382 2284 569 2345 nunc,
624 2269 697 2328 ut
738 2265 951 2329 libello
999 2264 1227 2329 abhinc
1271 2266 1550 2347 proximo
1598 2264 2005 2343 instituimuS,
2055 2282 2219 2344 911111,
2283 2265 2387 2345 (1111
2435 2283 2507 2327 ex
2555 2263 2680 2327 uir-

382 2370 525 2452 gine
558 2371 913 2433 nasciturus
962 2372 1147 2448 esset,
1197 2388 1445 2451 semper
1492 2368 1681 2431 deum
1726 2368 2241 2449 praenuntiatum
2276 2388 2413 2431 esse
2461 2368 2680 2431 docea-

383 2494 543 2538 mus,
636 2475 724 2538 ait
789 2475 1003 2556 itaque
1071 2473 1291 2537 Esaias
1359 2472 1691 2555 propheta:
1763 2473 2132 2555 quiescite
2201 2471 2288 2536 ab
2357 2472 2676 2553 homine,

274 2606 329 2644 20
383 2579 591 2642 cuius
639 2579 953 2662 spiritus
1002 2579 1076 2641 in
1123 2578 1432 2642 naribus
1481 2579 1669 2642 eius:
1733 2577 1904 2658 quia
1963 2577 2036 2640 in
2085 2595 2221 2659 quo
2281 2581 2677 2660 reputatus

382 2687 495 2746 est
538 2684 743 2764 ipse?
788 2685 911 2763 uel,
960 2686 1030 2747 ut
1059 2685 1267 2746 uerius
1302 2685 1491 2764 atque
1525 2682 1875 2746 euidentius
1922 2683 1984 2745 111
2017 2680 2308 2746 Hebraeo
2343 2685 2459 2762 est,
2508 2684 2678 2764 quia

383 2789 725 2852 excelsus
770 2791 1171 2870 reputatus
1219 2792 1333 2851 est
1378 2789 1556 2870 ipse.
1635 2787 1896 2869 pulchre
1943 2790 2158 2851 autem
2206 2787 2416 2850 dicens
2477 2788 2677 2868 quie·-

382 2892 568 2956 scite
632 2892 825 2957 uerbo
888 2894 1019 2956 uim
1070 2893 1459 2974 prohibentis
1521 2892 2016 2974 inquietudinem
2063 2892 2512 2974 persecutionis
2575 2911 2678 2954 ex-

379 2998 625 3080 pressit.
706 2998 1100 3079 quiescitc,
1163 2999 1387 3080 inquit,
1450 2996 1537 3060 ab
1584 2997 1910 3076 homine,
1973 2998 2181 3059 cuius
2239 2996 2554 3077 spiritus
2601 2995 2676 3059 in

281 3127 335 3167 25
390 3102 697 3166 naribus
746 3101 931 3182 91115,
994 3103 1167 3184 quia
1228 3103 1569 3166 excelsus
1617 3103 2015 3184 reputatus
2064 3103 2178 3164 est
2237 3102 2415 3182 ipse.
2495 3119 2680 3164 num·
2731 3115 2764 3167 3

379 3206 527 3288 quid
588 3224 713 3269 non
775 3225 901 3270 una
960 3207 1303 3288 eademque
1365 3207 1679 3270 sententia
1748 3209 1810 3270 et
1868 3205 2128 3269 humani
2198 3206 2468 3286 corporis
2537 3224 2675 3270 sus-

378 3311 728 3391 ceptionem
792 3313 855 3374 et
913 3309 1013 3374 dei
1070 3312 1317 3374 locutus
1382 3314 1478 3375 est
1536 3312 1916 3374 ueritatem?
1987 3311 2387 3391 quiescite,
2449 3310 2672 3391 inquit,

379 3413 465 3477 ab
526 3415 851 3495 homine,
921 3416 1095 3497 quia
1156 3416 1497 3479 excelsus
1558 3417 1956 3498 reputatus
2018 3418 2134 3478 est
2193 3415 2373 3496 ipse.
2465 3433 2673 3478 nonne

589 3550 641 3620 1]
667 3549 807 3604 Esai.
832 3554 917 3616 45,
948 3553 1167 3607 14—15.
1251 3552 1307 3621 3]
1332 3551 1544 3605 Baruch
1569 3554 1618 3616 3,
1646 3555 1730 3608 38.
1813 3552 1869 3620 6]
1895 3551 1984 3605 Ps.
2011 3555 2096 3616 21,
2125 3554 2203 3608 11.
2283 3551 2562 3621 9]Ps.84,
2592 3555 2670 3608 12.

380 3638 469 3707 14]
506 3637 621 3691 Ioh.
652 3639 733 3702 14,
760 3641 807 3692 6.
918 3637 1008 3708 19]
1045 3637 1184 3692 Esai.
1211 3640 1260 3703 2,
1287 3641 1371 3694 22.

462 3763 495 3815 2
534 3759 664 3814 deus
698 3763 909 3829 praeter
944 3763 997 3814 te
1033 3761 1133 3830 ΝΡ
1246 3763 1279 3816 3
1316 3761 1417 3814 isrl
1452 3763 1519 3816 N
1584 3759 1744 3814 israel
1780 3763 1887 3831 ΜΡ
2002 3762 2037 3815 4
2074 3764 2155 3814 est
2192 3778 2294 3817 om.
2333 3762 2432 3830 ΝΡ
2547 3763 2580 3816 8
2615 3761 2673 3814 111

373 3853 500 3902 ante
532 3847 647 3915 ipso
672 3865 773 3902 om.
802 3849 877 3902 M
972 3851 1007 3903 9
1037 3847 1309 3901 habitaret
1331 3851 1431 3904 Mo
1541 3851 1606 3905 10
1641 3847 2064 3916 intelligeremus
2089 3849 2194 3918 ΜΡ
2305 3850 2365 3904 11
2404 3847 2493 3918 (19]
2521 3864 2548 3900 9
2573 3849 2674 3904 Μυ

378 3937 441 3991 12
478 3934 743 3987 iustitiam
776 3953 807 3989 v
948 3935 1012 3988 de
1050 3953 1151 3990 om.
1184 3936 1277 3989 M:
1314 3952 1341 3988 e
1378 3954 1408 3990 v
1554 3937 1618 3990 13
1655 3933 1944 3988 fantasiam
1973 3936 2048 3989 M
2179 3952 2274 4004 per
2310 3935 2598 3988 fantasiam
2625 3954 2670 4005 Ρ

374 4021 518 4073 9111111
556 4025 639 4073 est
664 4039 708 4090 p
828 4023 890 4076 17
928 4020 1171 4075 libellum
1208 4024 1284 4077 M
1391 4023 1475 4092 ex]
1514 4023 1578 4076 de
1618 4024 1692 4076 Μ
1799 4025 1864 4077 19
1901 4021 2074 4090 ysaias
2101 4039 2146 4092 Ρ
2263 4025 2327 4076 21
2369 4020 2455 4074 uel
2491 4025 2554 4075 ut
2579 4064 2590 4075 .
2619 4064 2668 4075 ..

372 4111 441 4163 22
466 4111 549 4160 est
572 4108 685 4176 ipse
710 4125 811 4163 om.
836 4111 907 4162 M
1006 4111 1069 4164 21
1096 4108 1356 4163 haebraeo
1385 4111 1453 4165 N
1553 4125 1660 4177 qua
1675 4127 1718 4178 Ρ
1827 4112 1894 4163 22
1918 4108 2101 4177 pulcre
2129 4111 2234 4178 Mp
2335 4112 2402 4164 23
2427 4126 2670 4178 persecu-

372 4194 549 4248 tiones
574 4195 699 4262 (sic)
724 4196 790 4250 N
890 4199 957 4250 25
996 4196 1106 4264 ipse
1145 4199 1225 4250 est
1250 4199 1349 4252 1111)
1454 4199 1523 4252 28
1553 4203 1682 4266 post
1716 4196 1931 4249 homine
1965 4197 2182 4250 addicant
2217 4198 2342 4252 Mv:
2377 4197 2525 4249 cuius
2563 4197 2669 4267 spi-

372 4281 510 4334 ritus
546 4281 601 4334 in
643 4281 860 4336 naribus
898 4283 1008 4335 eius
1047 4282 1125 4350 (in
1162 4283 1381 4338 naribus
1418 4285 1499 4340 bis
1534 4285 1800 4353 scriptum
1835 4285 1899 4337 in
1931 4285 2005 4338 M
2009 4284 2051 4352 ):
2089 4302 2189 4338 om.
2217 4285 2316 4354 ΝΡ
2352 4291 2504 4352 recte,
2541 4303 2670 4340 nam

373 4369 463 4423 hic
501 4368 566 4422 de
606 4367 822 4425 Christo
861 4370 975 4438 deo,
1012 4372 1169 4438 infra
1205 4371 1271 4425 de
1310 4371 1527 4428 Choisto
1564 4373 1781 4427 homine
1817 4371 2134 4440 disputatum
