3167 4975
292 1605 341 1641 10

291 2129 339 2166 15

286 2652 339 2691 20

287 3174 339 3211 25

938 459 1164 509 contra
1199 455 1577 509 Nestorium
1614 455 1723 510 lib.
1752 456 1873 520 VII,
1911 459 2134 511 29—31.
2551 455 2678 520 389

394 635 484 698 ita
514 632 947 698 Christotocon
980 651 1103 696 non
1143 636 1399 716 negant,
1445 635 1518 696 ut
1555 633 1887 698 theotocon
1921 651 2056 698 esse
2089 637 2488 716 cognoscant.
2551 652 2674 697 non
2724 640 2759 692 3

393 757 493 802 res
539 741 785 802 tantum
818 737 1226 821 blasphemiis
1260 737 1385 801 tuis
1418 741 1568 802 sunt
1597 738 1936 820 oppositae,
1983 739 2092 802 sed
2133 741 2196 803 et
2227 737 2420 802 uerba
2447 757 2678 819 rerum,

392 847 465 906 ut
494 847 707 925 aperte
738 843 1179 926 intellegamus
1213 843 1363 906 olim
1394 843 1696 907 aduersus
1729 841 2156 926 blasphemias
2189 847 2328 907 tuas
2355 844 2679 907 munimen

394 967 433 1011 a
477 948 591 1012 deo
636 945 1113 1030 inexpugnabile
1168 951 1632 1030 praeparatum,
1693 948 1858 1029 quod
1917 951 2249 1012 uenturam
2310 949 2680 1030 quandoque

394 1053 525 1116 uim
572 1052 921 1116 haereticae
965 1052 1455 1135 impugnationis
1501 1055 1720 1135 parato
1765 1052 1892 1116 iam
1940 1071 2118 1116 muro
2165 1053 2480 1136 frangeret
2518 1055 2680 1118 ueri-

395 1158 561 1221 tatis
634 1159 696 1220 et
742 1161 831 1237 tu,
878 1174 913 1220 o
945 1156 1319 1238 impiissime
1350 1159 1536 1238 atque
1568 1157 2090 1240 inpudentissima
2122 1158 2476 1240 praeclarae
2505 1159 2679 1223 urbis

394 1263 852 1326 contaminator
898 1265 961 1326 et
1005 1261 1345 1326 catholicae
1392 1279 1465 1325 ac
1510 1267 1766 1326 sanctae
1809 1261 2014 1344 plebis
2059 1263 2271 1346 grauis
2319 1266 2384 1327 et
2426 1265 2682 1328 exitiosa

394 1367 700 1450 contagio,
748 1369 913 1431 stare
958 1366 1023 1430 in
1056 1367 1319 1431 ecclesia
1363 1367 1463 1431 dei
1494 1385 1567 1432 ac
1599 1367 1768 1449 loqui
1800 1367 2010 1448 audeS,
2059 1371 2122 1432 et
2166 1367 2574 1451 blasphemiis
2609 1388 2680 1434 ac

394 1471 639 1536 furiosis
666 1471 921 1536 uocibus
955 1471 1080 1536 tuis
1108 1471 1459 1536 sacerdotes
1485 1491 1734 1554 semper
1765 1473 2040 1536 inlaesae
2071 1473 2216 1538 fidei
2249 1478 2311 1537 et
2335 1475 2680 1539 catholicae

393 1577 799 1642 confessionis
846 1577 1139 1658 infamaS,
1186 1577 1396 1641 dicens
1432 1577 1875 1661 magistrorum
1921 1579 2197 1661 priorum
2228 1579 2383 1644 uitio
2427 1579 2678 1662 plebem

395 1682 1115 1764 Constantinopolitanae
1161 1681 1335 1745 urbis
1384 1685 1630 1746 errare?
1687 1686 1756 1746 tu
1803 1701 1949 1766 ergo
1995 1683 2359 1747 emendator
2402 1686 2677 1768 priorum

394 1787 769 1867 antistitum,
813 1787 1260 1851 condemnator
1305 1791 1594 1851 ueterum
1641 1787 2056 1868 sacerdotum,
2117 1791 2187 1852 tu
2233 1787 2530 1873 Gregorio
2578 1811 2680 1855 ex-

393 1892 733 1971 cellentior,
796 1895 861 1955 tu
908 1891 1198 1956 Nectario
1244 1891 1579 1975 probatior,
1645 1895 1712 1955 tu
1757 1892 2036 1956 Iohanne
2083 1895 2500 1976 praestantior
2545 1915 2680 1960 om·
2757 1884 2766 1945 ·'

394 1997 701 2080 nibusque
749 1997 887 2060 aliis
933 1997 1329 2061 orientalium
1376 1996 1628 2060 urbium
1685 1997 2133 2078 sacerdotibuS,
2195 1999 2320 2080 qui,
2383 2000 2500 2064 etsi
2555 2019 2676 2065 non

393 2102 669 2165 eiusdem
714 2101 985 2166 nominis
1033 2103 1209 2166 cuius
1255 2101 1320 2165 hi
1367 2120 1521 2183 quos
1562 2102 1902 2182 nominaui,
1951 2103 2228 2166 eiusdem
2277 2107 2490 2168 tamen
2535 2105 2680 2170 fidei

394 2207 687 2270 fuerunt?
736 2207 898 2288 quod
947 2207 1218 2288 quidem,
1267 2211 1575 2289 quantum
1609 2208 1685 2270 ad
1731 2208 1892 2271 hanc
1925 2225 2180 2272 causam
2211 2209 2500 2290 pertinet,
2549 2212 2681 2275 suf·
2737 2202 2742 2210 ’

392 2311 542 2391 ficit,
606 2313 768 2392 quia,
833 2331 975 2375 cum
1026 2313 1099 2376 de
1148 2312 1267 2376 tide
1323 2312 1552 2396 agitur,
1615 2331 1834 2376 omnes
1880 2313 1945 2376 in
1993 2331 2064 2377 eo
2111 2313 2276 2377 idem
2323 2317 2470 2378 sunt
2516 2315 2679 2397 quod

271 2500 289 2513 .
392 2415 631 2499 optimi,
679 2417 741 2480 in
790 2435 911 2499 quo
959 2420 1275 2481 consortes
1323 2420 1473 2480 sunt
1517 2418 1917 2501 optimorum.

478 2522 708 2586 XXXI.
744 2522 923 2587 Unde
955 2541 1069 2605 ego
1101 2541 1347 2605 quoque
1378 2524 1531 2607 ipse,
1577 2524 1835 2588 humilis
1869 2528 2058 2605 atque
2091 2524 2392 2589 obscurus
2426 2527 2678 2591 nomine

392 2628 551 2691 sicut
598 2628 841 2708 meritc,
888 2628 1035 2692 licet
1073 2627 1226 2692 mihi
1261 2629 1422 2692 inter
1454 2628 1711 2692 eximios
1745 2628 2474 2713 Constantinopolitanae
2505 2631 2678 2695 urbis

392 2733 705 2797 antistites
749 2734 959 2796 locum
1008 2722 1293 2816 magistri
1326 2752 1628 2816 usurpare
1661 2752 1784 2798 non
1831 2734 2092 2816 possim,
2141 2735 2418 2799 studium
2465 2739 2678 2799 tamen

391 2838 674 2920 discipuli
721 2838 1143 2920 affectumque
1188 2856 1537 2921 praesume.
1615 2840 1945 2921 adoptatus
1994 2839 2162 2902 enim
2201 2858 2238 2903 a
2273 2838 2678 2904 beatissimae

394 2944 731 3008 memoriae
778 2944 1055 3008 Iohanne
1102 2946 1389 3027 episcopo
1434 2946 1496 3008 in
1548 2945 1966 3009 ministerium
2013 2963 2262 3009 sacrum
2321 2949 2508 3027 atque
2570 2946 2680 3010 ob-

392 3050 559 3114 latus
592 3051 726 3129 dec,
775 3052 891 3113 etsi
924 3068 1177 3132 corpore
1210 3051 1455 3130 absum,
1506 3050 1733 3113 affectu
1780 3050 1908 3113 illic
1947 3069 2108 3131 sum,
2157 3054 2222 3113 et
2267 3051 2356 3114 illi
2405 3051 2679 3115 dilectis-

394 3156 549 3218 simo
602 3154 755 3218 mihi
806 3173 877 3218 ac
925 3155 1460 3219 uenerandissimo
1510 3156 1608 3218 dei
1653 3155 1902 3238 popule,
1951 3156 2071 3218 etsi
2111 3174 2276 3219 nunc
2320 3156 2678 3238 praesentia

394 3279 517 3325 non
563 3260 925 3340 admisceor,
976 3264 1185 3323 tamen
1221 3263 1430 3323 mente
1464 3260 1822 3343 coniungor.
1847 3258 1867 3324 ¹.
1906 3264 1968 3323 et
2014 3259 2161 3323 hinc
2193 3264 2289 3323 est
2335 3260 2498 3341 quod
2531 3277 2677 3323 con-

394 3365 608 3429 dolens
673 3366 727 3427 ei
788 3369 973 3447 atque
1036 3366 1401 3448 conpatiens
1460 3366 1525 3429 in
1586 3382 1808 3428 uocem
1869 3383 2036 3428 nunc
2091 3365 2268 3446 quasi
2328 3365 2678 3428 communis

392 3470 682 3534 tristitiae
717 3488 787 3533 ac
818 3470 1045 3534 doloris
1079 3470 1273 3552 erupi,
1309 3473 1389 3548 et,
1430 3470 1594 3551 quod
1627 3489 1824 3533 unum
1855 3469 2050 3553 potui,
2099 3488 2208 3552 per
2239 3470 2679 3551 opusculorum

392 3578 745 3640 nostrorum
792 3572 1063 3639 flebilem
1112 3574 1564 3656 querimoniam
1613 3576 1792 3656 quasi
1838 3593 1949 3657 pro
2011 3573 2438 3638 membrorum
2493 3578 2680 3656 atque

391 3681 639 3743 artuum
686 3698 969 3743 meorum
1014 3679 1376 3743 infirmitate
1424 3679 1714 3743 clamaui.
1779 3680 2012 3743 etenim
2045 3680 2098 3742 si
2129 3680 2298 3743 iuxta
2329 3679 2678 3761 apostolum

392 3782 637 3848 dolent-e
692 3784 942 3866 quidem
1006 3784 1245 3847 minore
1306 3784 1579 3866 corporis
1642 3788 1820 3866 parte
1880 3784 2170 3848 condolet
2233 3784 2431 3847 maior
2490 3786 2680 3864 atque

390 3890 767 3971 conpatitur,
816 3892 1047 3971 quanto
1088 3889 1288 3971 magis
1336 3889 1583 3952 dolente
1619 3889 1850 3951 maiore
1883 3889 2188 3952 minorem
2221 3890 2470 3971 conpati
2501 3906 2681 3970 opor-

596 4043 687 4113 30]
726 4043 793 4097 cf.
829 4044 856 4097 1
896 4042 1013 4098 Cor.
1048 4046 1127 4107 12,
1154 4046 1237 4098 26.

475 4168 507 4220 2
554 4173 605 4219 et
650 4184 749 4221 om.
782 4184 825 4235 p
970 4168 1003 4220 8
1046 4162 1372 4233 blasphemis
1421 4183 1449 4221 v
1594 4168 1656 4220 12
1707 4168 1766 4218 tu
1812 4163 2194 4217 condemnator
2242 4184 2270 4219 v
2414 4168 2476 4219 15
2519 4164 2596 4217 hii
2635 4184 2678 4234 p

393 4256 455 4307 16
493 4252 657 4322 quod]
698 4252 960 4320 quomodo
991 4270 1034 4321 p
1163 4255 1227 4308 19
1265 4268 1388 4319 crgo
1426 4252 1491 4307 N
1494 4254 1509 4288 ¹
1640 4256 1708 4307 20
1745 4252 1879 4304 mihi
1917 4252 2052 4305 sicut
2093 4252 2231 4305 inter
2266 4253 2364 4321 ΝΡ
2495 4254 2560 4307 24
2601 4252 2678 4304 af-

389 4340 587 4393 fectum
624 4342 689 4395 N
692 4342 707 4376 ¹
850 4342 914 4395 27
954 4355 1082 4393 uoce
1118 4340 1184 4394 N
1320 4342 1387 4395 29
1424 4356 1519 4409 per
1554 4342 1630 4394 M
1763 4338 2106 4393 menbrorum
2147 4358 2189 4409 p
2332 4342 2394 4393 31
2436 4338 2677 4408 quidem]

388 4427 530 4495 quod
566 4428 649 4483 N¹
723 4427 852 4496 quid
880 4447 925 4499 p
961 4430 1088 4497 fort.
1114 4434 1251 4484 recte
