3167 4975
255 1581 308 1620 10

251 2101 303 2140 15

245 3154 302 3193 25

1141 438 1301 493 Inst.
1341 437 1451 493 lib.
1478 439 1631 505 vm,
1674 443 1893 498 13—18.
2534 445 2653 510 161

367 617 640 682 habente
687 616 1021 680 aduersum
1069 633 1182 679 nos
1228 614 1424 679 fratre
1470 614 1759 680 inefficax
1810 617 1926 681 erit
1968 617 2165 682 oratio
2213 621 2444 700 nostra,
2492 638 2565 684 ac
2605 619 2659 684 si

365 739 480 788 nos
527 721 830 786 aduersus
877 739 1022 785 eum
1067 719 1338 784 tumenti
1387 719 1613 804 spiritu
1665 720 2111 806 indignationis
2170 723 2659 790 amaritudinem

364 845 780 891 reseruemus,

451 931 586 994 XV.
636 929 756 996 Sed
801 930 950 1013 quid
995 928 1229 993 diutius
1275 929 1625 1012 praeceptis
1672 929 2052 1014 euangelicis
2084 935 2271 1014 atque
2301 933 2658 1016 apostolicis

363 1037 771 1115 inmoramur,
831 1053 978 1099 cum
1039 1035 1230 1098 etiam
1275 1036 1459 1097 uetus
1507 1034 1625 1114 lex,
1674 1053 1831 1118 quae
1876 1036 2111 1118 aliquid
2156 1035 2390 1101 habere
2433 1037 2658 1104 remis-

364 1140 558 1205 sionis
626 1140 903 1221 uidetur,
970 1138 1127 1202 haec
1196 1139 1415 1202 eadem
1483 1144 1857 1221 praecaueat
1924 1140 2165 1206 dicens:
2242 1160 2329 1206 ne
2404 1142 2657 1208 oderis

363 1245 677 1309 fratrem
723 1247 932 1310 tuum
979 1243 1053 1308 in
1101 1243 1320 1308 corde
1367 1246 1519 1324 tuo,
1567 1246 1633 1307 et
1674 1243 1933 1308 iterum:
1980 1263 2122 1310 non
2184 1245 2334 1310 eris
2382 1264 2658 1313 memor

363 1349 694 1414 iniuriae
740 1347 1018 1412 ciuium
1065 1349 1389 1428 tuorum,
1438 1350 1501 1411 et
1544 1366 1826 1412 rursum:
1888 1348 2168 1414 itinera
2228 1365 2479 1414 eorum
2533 1351 2657 1433 qui

361 1453 794 1518 memoriam
853 1452 1191 1517 retinent
1251 1451 1637 1516 malefacti
1682 1451 1756 1516 in
1804 1455 2161 1518 mortem?
2236 1454 2413 1518 uides
2460 1459 2523 1520 et
2566 1454 2656 1520 ibi

360 1557 710 1640 nequitiam
755 1575 882 1622 non
925 1557 990 1620 in
1037 1575 1222 1639 opere
1269 1559 1539 1636 tantum,
1602 1555 1713 1620 sed
1776 1558 1967 1621 etiarn
2021 1558 2087 1622 in
2133 1557 2375 1622 arcanis
2421 1561 2657 1643 cogita-

362 1662 639 1729 tionibus
685 1662 974 1741 resecari,
1035 1679 1181 1726 cum
1241 1662 1318 1726 de
1374 1661 1556 1726 corde
1603 1662 1815 1727 odium
1863 1666 1926 1726 et
1970 1663 2233 1728 iniuriae
2280 1683 2405 1729 non
2452 1665 2655 1730 solum

358 1767 706 1848 retributio,
755 1767 863 1830 sed
909 1767 1106 1830 etiam
1147 1767 1286 1849 ipsa
1329 1767 1637 1831 memoria
1680 1767 1978 1831 radicitus
2026 1766 2277 1833 iubetur
2324 1769 2527 1833 euelli.

447 1873 616 1937 XVI.
673 1872 998 1936 Interdum
1060 1870 1357 1953 superbia
1416 1871 1519 1934 uel
1579 1871 1955 1953 inpatientia
2015 1873 2293 1957 superati
2354 1891 2497 1938 cum
2559 1873 2656 1939 in-

359 1977 638 2042 conditos
683 1995 890 2040 mores
938 1980 1184 2040 nostros
1241 1978 1429 2056 atque
1493 1975 1879 2040 inordinatos
1942 1978 2236 2040 nolumus
2300 1977 2653 2059 emendare,

360 2081 762 2146 solitudinem
819 2099 932 2145 nos
992 2079 1342 2143 desiderare
1405 2080 1865 2161 conquerimur,
1930 2084 2257 2163 tamquam
2316 2081 2405 2146 ibi
2465 2083 2654 2148 nullis

359 2204 471 2251 nos
517 2183 978 2250 concitantibus
1023 2185 1167 2249 ilico
1198 2184 1504 2248 uirtutem
1535 2184 1875 2267 patientiae
1907 2186 2235 2268 reperturi,
2285 2190 2654 2253 excusantes

357 2291 818 2374 neglegentiam
870 2292 1152 2353 nostram
1197 2306 1544 2370 causasque
1600 2289 2037 2353 commotionis
2098 2307 2223 2355 non
2285 2295 2501 2355 nostra
2560 2291 2655 2356 di-

357 2400 570 2461 centes
617 2394 1012 2478 inpatientia,
1060 2393 1172 2458 sed
1216 2393 1484 2458 fratrum
1533 2394 1685 2458 uitio
1732 2395 2047 2478 generari:
2096 2395 2371 2478 dumque
2400 2396 2465 2460 in
2498 2397 2653 2461 alios

358 2502 584 2566 erroris
631 2501 828 2566 nostri
873 2499 1196 2583 uergimus
1241 2517 1485 2579 causaS,
1532 2517 1881 2582 numquam
1928 2500 2005 2563 ad
2034 2501 2379 2583 patientiae
2412 2520 2485 2567 ac
2514 2521 2654 2585 per-

357 2606 646 2671 fectionis
693 2605 930 2668 calcem
976 2603 1328 2667 ualebimus
1373 2604 1719 2686 peruenire.

444 2708 646 2773 XVII.
695 2707 958 2773 Summa
1001 2708 1196 2791 igitur
1244 2707 1700 2771 emendationis
1748 2725 1821 2771 ac
1866 2710 2342 2791 tranquillitatis
2404 2713 2653 2775 nostrae

357 2832 484 2879 non
517 2817 614 2877 est
644 2814 710 2877 in
743 2812 1000 2877 alterius
1034 2811 1291 2876 arbitrio
1323 2812 1723 2892 conlocanda,
1772 2814 1937 2895 quod
1970 2832 2367 2897 nequaquam
2402 2818 2654 2879 nostrae

357 2918 640 2983 subiacet
682 2916 1002 3001 potestati,
1051 2917 1162 2981 sed
1191 2917 1254 2980 in
1288 2920 1505 2981 nostra
1534 2917 1743 3001 potius
1776 2917 2015 2982 dicione
2049 2918 2372 2983 consistat.
2437 2920 2651 3002 itaque

356 3027 432 3087 ut
475 3040 600 3087 non
646 3022 1012 3103 irascamur,
1075 3038 1200 3084 non
1247 3020 1434 3085 debet
1493 3040 1566 3085 ex
1628 3021 1887 3085 alterius
1946 3023 2348 3105 perfectione,
2411 3024 2519 3087 sed
2582 3044 2653 3087 ex

357 3132 576 3193 nostra
605 3127 840 3192 uirtute
871 3126 1266 3205 descendere,
1313 3143 1472 3207 quae
1505 3143 1631 3190 non
1664 3126 1869 3191 aliena
1896 3126 2223 3209 patientia,
2266 3128 2373 3191 sed
2406 3129 2657 3212 propria

355 3232 838 3316 longanimitate
885 3228 1290 3312 conquiritur.
1696 3284 1703 3297 .

445 3336 679 3400 XVIII.
741 3336 934 3400 Porro
995 3334 1324 3399 heremum
1389 3334 1699 3417 perfectos
1768 3334 2065 3416 omnique
2132 3336 2287 3399 uitio
2353 3340 2653 3420 purgatos

357 3444 606 3525 oportet
637 3444 946 3523 expetere,
979 3443 1043 3503 et
1073 3439 1338 3503 excoctis
1372 3438 1448 3503 ad
1479 3457 1709 3522 purum
1742 3439 1805 3502 in
1854 3440 2341 3523 congregatione
2386 3440 2653 3505 fratrum

568 3576 626 3645 6]
663 3576 790 3629 Len.
821 3580 902 3641 19,
932 3579 1010 3633 17.
1120 3576 1177 3645 7]
1215 3576 1251 3630 l.
1279 3592 1321 3631 c.
1353 3578 1432 3632 18.
1540 3576 1596 3645 8]
1635 3575 1795 3630 Prou.
1827 3578 1906 3641 12,
1932 3579 2000 3632 28
2037 3576 2238 3645 (Lxx).

449 3702 474 3754 1
516 3698 772 3752 aduersus
809 3702 862 3754 A
970 3701 1004 3753 2
1041 3698 1327 3752 aduersum
1365 3699 1432 3752 H
1533 3714 1651 3751 eam
1689 3699 1742 3753 L
1850 3702 1881 3753 5
1920 3698 2270 3753 immoramur
2306 3700 2415 3753 AL
2522 3715 2655 3768 quae

360 3786 606 3840 GHLT:
631 3801 753 3838 cum
773 3787 828 3840 A
933 3784 1146 3839 uidetur
1165 3784 1492 3839 remissionis
1516 3784 1713 3837 habere
1732 3785 1801 3839 H
1900 3788 1933 3839 9
1958 3788 2144 3839 tenent
2162 3786 2231 3840 H
2333 3788 2397 3842 10
2416 3802 2576 3855 opera
2601 3787 2654 3841 A

355 3872 522 3926 etiam
540 3890 642 3927 om.
663 3874 718 3927 A
808 3872 1054 3926 archanis
1073 3872 1200 3927 (3¹12
1295 3875 1358 3927 12
1377 3870 1593 3925 iubetur
1610 3871 1963 3927 A²G¹HLT.·
1987 3869 2235 3926 iubemur
2254 3874 2331 3928 A¹
2409 3872 2656 3926 iubeatur

359 3960 488 4014 G²S
608 3960 674 4014 14
710 3958 959 4013 uolumus
997 3960 1066 4013 H
1185 3961 1249 4014 15
1288 3958 1660 4026 conquerimus
1704 3960 1757 4014 A
1832 3958 2194 4027 conquirimus
2237 3960 2313 4014 L¹
2386 3958 2654 4027 conquiri-

353 4062 481 4100 mur
499 4044 688 4102 ΗΠΒ
777 4050 841 4103 16
863 4046 1194 4117 repper*turi
1214 4046 1430 4114 (ieras.)
1452 4046 1520 4100 H
1603 4048 1937 4099 excussantes
1958 4046 2029 4100 Η
2112 4048 2175 4102 17
2195 4045 2579 4115 negligentiam
2603 4046 2655 4101 G

356 4134 652 4187 commonis
681 4134 755 4188 6¹¹
827 4149 1135 4188 communes
1165 4134 1289 4189 61²8
1357 4132 1740 4187 commotiones
1766 4134 1849 4187 H¹
1956 4135 2195 4186 nostram
2221 4134 2297 4187 L¹
2406 4134 2471 4189 18
2504 4132 2655 4201 inpa-

354 4219 604 4274 tientiam
629 4221 704 4274 Ι,ι
801 4220 986 4273 fratris
1015 4220 1068 4275 G
1165 4222 1230 4275 19
1253 4220 1516 4273 uertimur
1539 4220 1594 4274 L
1688 4222 1757 4275 20
1783 4218 2002 4273 calicem
2027 4219 2101 4273 (3¹
2196 4221 2260 4275 21
2290 4234 2555 4273 summam
2580 4218 2654 4273 (3¹

355 4309 428 4363 23
463 4309 729 4377 potestate
764 4308 840 4363 L¹
950 4306 1157 4361 dicione
1183 4308 1264 4362 A:
1301 4305 1610 4361 condicione
1639 4306 1761 4361 GH
1826 4305 2132 4361 conditione
2155 4308 2264 4362 LT
2364 4308 2575 4361 constat
2603 4306 2655 4361 G

358 4397 430 4451 24
465 4393 560 4449 sed
589 4438 598 4449 .
628 4438 638 4448 .
669 4438 679 4449 .
705 4398 774 4451 25
800 4395 1002 4449 uirtute
1040 4412 1140 4451 om.
1181 4396 1250 4450 H
1350 4396 1417 4449 25
1456 4392 1763 4447 discendere
1802 4394 1883 4449 H¹
