3167 4975
521 456 647 519 258
1331 454 1646 507 Iohannis
1693 453 1992 507 Cassiani

518 629 769 711 Christi,
816 629 1180 713 plenissime
1228 649 1395 695 nunc
1442 632 1640 695 solam
1685 633 1976 713 precatur
2021 630 2288 712 gratiam
2331 628 2614 711 Christi,]
2664 630 2808 711 quia

514 736 577 799 in
638 735 843 819 gratia
897 735 1130 799 Christi
1190 752 1445 799 omnem
1506 736 1626 799 scit
1672 735 1769 799 dei
1831 736 2100 818 gratiam
2161 734 2485 799 contineri.
2563 735 2809 818 gratia

516 859 661 923 ergo
708 839 915 921 inquit
960 840 1241 905 domini
1286 840 1531 904 nostri
1575 841 1746 904 Iesu
1796 838 2085 904 Christi
2129 837 2534 902 uobiscum.
2616 840 2808 902 inter-

515 962 665 1027 rogo
712 947 795 1024 te,
857 944 1139 1026 quisquis
1203 965 1289 1024 eS,
1351 963 1386 1009 o
1432 944 1767 1024 haeretice,
1831 943 2109 1007 scribens
2155 942 2312 1006 haec
2371 943 2452 1006 ad
2512 943 2806 1008 ecclesias

515 1048 751 1113 Paulus
798 1047 948 1130 quid
1002 1048 1101 1113 his
1146 1048 1517 1132 precabatur
1579 1048 1657 1113 ad
1703 1066 1858 1130 quos
1921 1046 2276 1112 scribebat?
2336 1047 2582 1130 gratia
2641 1047 2809 1110 enim

519 1153 723 1235 inquit
783 1153 1065 1217 domini
1126 1153 1364 1218 nostri
1427 1153 1597 1217 Iesu
1660 1152 1941 1217 Christi
2008 1150 2417 1216 uobiscum.
2509 1152 2565 1215 si
2622 1151 2807 1217 homo

516 1258 830 1323 solitarius
892 1257 1070 1321 Iesus
1135 1257 1450 1338 Christus,
1514 1276 1660 1341 ergo
1722 1262 1786 1321 et
1843 1257 1980 1337 ille,
2049 1260 2270 1339 optans
2333 1256 2469 1320 dari
2529 1256 2808 1320 ecclesiis

516 1364 788 1447 gratiam
822 1361 1073 1444 Christi,
1112 1363 1383 1447 gratiam
1414 1363 1550 1427 dari
1578 1362 1854 1427 hominis
1887 1360 2164 1445 optabat,
2213 1365 2278 1425 et
2307 1361 2518 1426 dicens
2563 1361 2810 1445 gratia

518 1467 801 1533 Christi
868 1467 1256 1532 uobiscum
1322 1468 1439 1532 hoc
1498 1466 1772 1531 dicebat:
1843 1467 2066 1550 ‘gratia
2125 1466 2399 1558 hominis
2458 1465 2807 1546 uobiscum,

518 1572 721 1656 gratia
781 1572 985 1636 carnis
1046 1572 1393 1652 uobiscum,
1456 1572 1662 1655 gratia
1705 1570 2132 1635 inbecillitatis
2195 1588 2545 1653 corporeae,
2606 1570 2810 1654 gratia

517 1677 877 1761 fragilitatis
942 1676 1295 1741 humanae'.
1376 1680 1485 1741 aut
1545 1696 1653 1741 cur
1713 1676 1967 1741 omnino
2030 1693 2260 1740 nomen
2319 1676 2560 1759 gratiae
2614 1675 2808 1759 ipsius

518 1782 893 1861 nominaret,
942 1782 994 1845 si
1038 1781 1311 1865 gratiam
1356 1780 1630 1846 hominis
1679 1783 1942 1864 optaret,
1989 1779 2137 1862 quia
2180 1779 2436 1863 optandi
2481 1780 2642 1843 ratio
2687 1797 2810 1844 non

520 1885 921 1965 subsistebat,
968 1885 1077 1949 ubi
1122 1902 1247 1949 non
1295 1889 1430 1950 erat
1476 1885 1641 1968 quod
1687 1888 2028 1967 optaretur,
2089 1903 2206 1948 nec
2249 1884 2633 1967 precandum
2679 1886 2812 1947 erat

520 1993 592 2054 ut
638 1991 769 2054 eius
814 1991 1020 2073 gratia
1064 1989 1161 2054 his
1209 1991 1618 2074 contingeret,
1665 1990 1773 2072 qui
1819 1988 2263 2069 substantiam,
2324 1992 2396 2053 ut
2441 1988 2553 2069 aiS,
2613 1989 2808 2072 ipsius

523 2112 682 2177 quae
744 2093 1078 2178 optabatur
1124 2096 1361 2178 gratiae
1421 2112 1546 2160 non
1602 2094 1903 2159 haberet?
1969 2113 2114 2177 ergo
2177 2094 2349 2158 uides
2404 2094 2559 2157 haec
2619 2093 2811 2157 stulta

522 2219 658 2263 esse
690 2200 936 2283 penitus
971 2203 1035 2263 et
1062 2199 1345 2280 ridicula,
1392 2200 1586 2264 immo
1626 2200 1834 2282 potius
1866 2216 1992 2263 non
2021 2198 2304 2279 ridicula,
2351 2197 2462 2262 sed
2507 2196 2808 2262 deflenda.

522 2322 595 2367 ea
627 2304 813 2385 enim,
861 2323 1019 2387 quae
1059 2303 1437 2386 quibusdam
1469 2304 1852 2368 facilioribus
1885 2307 2036 2369 sunt
2066 2303 2346 2383 ridicula,
2393 2304 2512 2387 piis
2545 2322 2616 2367 ac
2661 2303 2810 2367 fide-

521 2408 686 2474 libus
733 2408 941 2474 flenda
986 2412 1155 2491 sunt,
1217 2409 1364 2492 quia
1408 2409 1470 2474 in
1534 2408 1808 2473 stultitia
1859 2412 2108 2472 uestrae
2154 2407 2541 2472 infidelitatis
2589 2408 2682 2472 illi
2725 2408 2812 2471 ef-

522 2515 797 2580 fundunt
839 2515 1133 2580 lacrimas
1196 2515 1474 2580 caritatis
1536 2518 1599 2578 et
1651 2514 1718 2578 111
1763 2513 2125 2597 insipientia
2168 2513 2513 2596 impietatis
2576 2513 2812 2578 alienae

522 2619 617 2684 illi
661 2619 900 2684 habent
944 2619 1237 2683 lacrimas
1282 2618 1537 2702 pietatis
1585 2637 1755 2683 suae.
1831 2617 2272 2701 resipiscamus
2307 2635 2453 2701 ergo
2485 2617 2813 2699 aliquando

525 2726 589 2788 et
617 2724 1017 2807 respiremus,
1066 2724 1214 2806 quia
1252 2742 1473 2787 sensus
1519 2723 1623 2786 hic
1653 2741 1779 2786 11011
1811 2721 2122 2806 sapientia
2165 2725 2437 2803 tantum,
2485 2723 2596 2786 sed
2627 2723 2814 2786 etiam

526 2829 750 2912 spiritu
796 2831 988 2909 caret,
1050 2846 1195 2892 cum
1256 2827 1339 2892 sit
1397 2827 1612 2909 utique
1673 2831 1737 2891 et
1795 2827 2062 2911 spiritali
2119 2827 2428 2910 sapientia
2471 2843 2708 2891 uacuus
2753 2828 2817 2890 et

528 2935 749 3018 spiritu
798 2934 1021 2998 salutis
1070 2933 1332 2997 alienus.

612 3038 722 3103 VI.
750 3037 869 3104 Sed
902 3038 1056 3102 dicis
1087 3039 1353 3103 forsitan
1384 3037 1655 3120 gratiam
1686 3036 1854 3101 hanc
1885 3036 2124 3101 domini
2155 3036 2352 3100 nostri
2384 3035 2528 3099 Iesu
2561 3034 2819 3117 Christi,

528 3144 603 3207 de
650 3161 774 3226 qua
820 3144 1139 3226 apostolus
1186 3141 1427 3222 scribit,
1486 3159 1612 3205 non
1659 3159 1801 3205 cum
1847 3141 1981 3224 ipso
2046 3143 2282 3222 natam,
2346 3141 2456 3204 sed
2499 3143 2720 3224 postea
2767 3141 2824 3204 ei

527 3249 778 3332 inlapsu
826 3247 1167 3312 diuinitatis
1228 3247 1527 3327 infusam,
1590 3246 1738 3328 quia
1799 3249 1861 3310 et
1906 3246 2093 3310 homo
2147 3246 2280 3330 ipse
2341 3263 2380 3309 a
2422 3248 2484 3309 te
2531 3245 2823 3309 dominus

528 3353 707 3417 Iesus
755 3353 1065 3434 ChristuS,
1112 3370 1300 3434 quem
1341 3350 1692 3415 solitarium
1738 3351 1913 3430 dicis,
1961 3369 2085 3414 non
2119 3368 2265 3414 cum
2311 3351 2424 3414 deo
2457 3354 2665 3430 natu8,
2713 3350 2824 3413 sed

528 3460 749 3541 postea
813 3477 849 3522 a
910 3457 1023 3522 deo
1079 3457 1321 3522 dicatur
1382 3459 1767 3540 assumptuS,
1831 3474 1902 3520 ac
1947 3475 2057 3538 per
2102 3456 2221 3520 hoc
2265 3457 2406 3520 tum
2448 3455 2687 3519 homini
2731 3454 2824 3517 illi

530 3563 797 3646 gratiam
830 3562 1075 3644 quando
1109 3565 1172 3626 et
1210 3560 1609 3625 diuinitatem
1655 3559 1888 3624 datam.
1959 3579 2160 3642 neque
2193 3577 2306 3623 nos
2340 3558 2507 3623 aliud
2555 3557 2823 3622 dicimus

533 3685 723 3749 quam
770 3667 932 3748 quod
978 3667 1190 3730 diuina
1248 3665 1455 3749 gratia
1514 3683 1660 3728 cum
1707 3663 2031 3728 diuinitate
2078 3663 2491 3743 descenderit,
2552 3663 2701 3744 quia
2759 3665 2824 3725 et

534 3771 744 3835 diuina
786 3771 989 3855 gratia
1034 3770 1133 3834 dei
1192 3769 1275 3834 sit
1320 3773 1383 3832 et
1428 3768 1673 3853 largitio
1721 3767 2179 3850 quodammodo
2227 3767 2424 3851 ipsius
2471 3765 2820 3832 diuinitatis

622 3981 655 4033 2
680 3978 805 4047 scit]
840 3977 1044 4032 scilicet
1068 3979 1143 4033 M
1238 3979 1273 4033 4
1308 3975 1571 4030 hereticae
1605 3976 1672 4030 N
1775 3979 1806 4031 5
1843 3973 1998 4044 quid]
2035 3975 2155 4044 quis
2187 3977 2256 4030 N
2319 3974 2449 4043 quid
2485 3974 2591 4044 his]
2629 3973 2824 4042 quibus

532 4065 632 4120 hec
653 4083 697 4134 p
805 4069 838 4122 8
874 4063 1029 4118 obtat
1052 4067 1129 4119 M
1226 4066 1284 4120 11
1314 4079 1453 4132 quur
1478 4065 1553 4118 M
1650 4062 1827 4131 gratia
1847 4063 1916 4118 N
2020 4065 2084 4117 12
2109 4062 2284 4130 gratia
2308 4063 2373 4117 N
2477 4063 2542 4117 14
2579 4060 2825 4116 substan-

535 4153 613 4206 tia
636 4153 702 4207 N
794 4155 857 4208 16
885 4152 1131 4222 poenitus
1154 4153 1223 4206 N
1309 4151 1455 4204 iumo
1482 4150 1548 4205 N
1638 4149 1815 4202 flenda
1839 4152 1914 4204 M
2011 4153 2080 4204 22
2105 4147 2277 4218 εῇῖῑαΙί
2305 4151 2379 4204 Μ
2461 4151 2530 4204 24
2558 4148 2702 4202 dicas
2727 4149 2826 4203 Mo

536 4243 603 4295 25
640 4239 688 4292 ei
724 4258 825 4296 om.
864 4242 939 4295 M
1034 4242 1104 4295 26
1141 4256 1172 4292 a
1208 4241 1261 4293 te
1297 4256 1397 4294 om.
1437 4240 1543 4306 inp
1652 4236 1898 4290 dominus
1934 4239 2115 4290 noster
2149 4255 2182 4292 v
2286 4239 2354 4293 28
2390 4239 2508 4289 tum
2543 4254 2608 4304 p.-
2649 4238 2824 4290 totum

536 4328 604 4382 N
603 4345 631 4381 υ
702 4330 830 4380 tunc
866 4329 943 4381 M
1039 4329 1107 4382 29
1144 4325 1377 4396 quando]
1416 4341 1577 4394 quam
1617 4323 1712 4378 deo
1750 4326 1826 4380 M
1932 4327 2000 4380 30
2038 4341 2160 4378 cum
2188 4367 2198 4378 .
2228 4367 2238 4376 .
2269 4327 2368 4380 ,31
2411 4323 2584 4392 gratia
2618 4341 2720 4379 om.
2758 4323 2835 4377 M

539 4413 877 4468 diuinitatem
914 4415 980 4469 N
1081 4416 1141 4468 31
1184 4413 1256 4466 sit
1291 4431 1393 4470 om.
1423 4429 1468 4482 p

2867 1596 2922 1636 10

2873 2117 2927 2157 15
