3167 4975
272 1620 324 1658 10

271 2142 325 2180 15

269 3188 324 3227 25

1180 473 1340 531 Inst.
1377 473 1487 531 lib.
1527 475 1591 541 V,
1633 478 1851 533 14—16.
2579 477 2663 543 93

373 656 740 722 caelestium
787 656 1148 719 delectetur.
1228 657 1292 717 et
1351 655 1442 717 ita
1486 655 1626 735 quis
1672 654 1850 716 uelut
1896 654 2130 718 caduca
2176 654 2477 737 despiciet
2522 655 2665 719 uni-

374 781 556 826 uersa
599 761 978 844 praesentia,
1039 778 1184 822 cum
1245 759 1324 822 ad
1385 777 1460 822 ea
1511 777 1671 841 quae
1718 758 2045 822 inmobilia
2107 762 2256 822 sunt
2302 763 2365 822 et
2409 763 2665 823 aeterna

371 864 876 949 inseparabiliter
921 864 1201 928 defixerit
1241 863 1472 926 mentis
1506 862 1820 943 obtutum,
1870 863 2075 927 adhuc
2106 864 2173 926 in
2204 882 2389 926 carne
2418 864 2663 947 positus

373 973 620 1035 futurae
667 969 1152 1034 enumerationis
1197 968 1657 1032 beatitudinem
1704 968 1829 1031 iam
1878 969 2059 1032 corde
2106 969 2560 1051 contemplans

461 1075 595 1138 XV.
657 1075 851 1139 Uelut
913 1075 966 1138 si
1024 1075 1165 1155 quis
1226 1073 1508 1137 inmania
1570 1072 1881 1136 uirtutum
1939 1074 2223 1155 praemia
2279 1074 2345 1137 in
2408 1073 2663 1138 sublimi

373 1179 752 1261 quibusdam
795 1179 1009 1262 paruis
1056 1178 1304 1242 indiciis
1352 1178 1684 1260 designata
1727 1177 2286 1260 perspicacissimis
2342 1178 2663 1242 oculorum

374 1283 699 1348 obtutibus
746 1302 891 1348 cum
939 1284 1048 1347 teli
1094 1282 1434 1347 directione
1477 1281 1883 1345 tendentibus
1915 1283 2099 1346 ferire
2132 1282 2411 1362 festinet,
2460 1283 2663 1346 sciens

376 1389 728 1452 inmensam
771 1388 1007 1472 gloriae
1053 1388 1330 1470 palmam
1379 1391 1442 1450 et
1481 1387 2006 1450 remunerationis
2038 1388 2322 1468 praemia
2352 1387 2417 1452 in
2450 1405 2663 1451 eorum

375 1493 717 1557 confixione
763 1494 1125 1569 consistere,
1173 1492 1494 1555 oculorum
1543 1491 1743 1554 aciem
1789 1490 1867 1554 ab
1902 1492 2073 1554 omni
2106 1491 2340 1556 intuitu
2374 1497 2665 1556 auertens

375 1599 523 1661 illuc
555 1598 786 1682 dirigat
817 1616 1070 1661 necesse
1103 1600 1219 1677 est,
1265 1596 1374 1659 ubi
1407 1615 1724 1660 summam
1756 1597 2279 1661 remunerationis
2312 1600 2374 1661 et
2404 1598 2667 1680 praemii

375 1703 672 1785 perspicit
719 1702 1128 1782 conlocatam,
1186 1703 1534 1765 amissurus
1579 1702 1794 1784 procul
1844 1701 2032 1766 dubio
2079 1703 2340 1785 peritiae
2385 1703 2667 1785 palmam

377 1811 440 1870 et
460 1806 1032 1870 remunerationem
1057 1807 1333 1885 uirtutiS‚
1361 1805 1415 1868 si
1437 1805 2090 1888 quantulumcumque
2116 1807 2665 1889 contemplationis

377 1911 509 1974 eius
557 1911 720 1974 acies
768 1911 1052 1974 deuiarit.

460 2015 630 2079 XVI.
680 2015 904 2097 Itaque
949 2016 1190 2079 uentris
1238 2019 1300 2078 et
1343 2015 1529 2097 gulae
1575 2016 2083 2098 concupiscentia
2129 2016 2247 2080 hoc
2294 2016 2529 2081 intuitu
2564 2037 2668 2081 su-

374 2125 592 2203 perata
639 2138 754 2183 nec
801 2121 966 2183 serui
1013 2120 1218 2184 carnis
1267 2138 1382 2183 nec
1427 2119 1697 2183 infames
1744 2120 2045 2184 uitiorum
2092 2125 2243 2185 nota
2278 2122 2668 2204 pronuntiati

375 2224 550 2287 uelut
597 2225 657 2288 in
707 2223 1090 2307 Olympiacis
1137 2223 1485 2307 disciplinis
1534 2223 1955 2288 iudicabimur
2003 2226 2395 2308 superiorum
2425 2243 2669 2308 quoque

375 2329 791 2392 certaminum
853 2329 1026 2412 digni
1095 2347 1231 2391 esse
1301 2327 1624 2408 conflictu,
1685 2329 2175 2412 praemissisque
2236 2330 2670 2394 huiuscemodi

377 2433 768 2498 documentis
830 2432 1218 2517 spiritalibus
1281 2451 1525 2515 quoque
1589 2434 1887 2517 nequitiis
1950 2435 2242 2519 congredi
2306 2453 2489 2519 posse
2536 2455 2669 2499 cre·-

377 2540 617 2618 demur,
665 2556 822 2619 quae
869 2556 995 2602 non
1042 2538 1165 2601 nisi
1210 2537 1556 2602 uictoribus
1603 2542 1856 2603 tantum
1904 2542 1967 2603 et
2013 2540 2134 2619 hie,
2196 2541 2303 2621 qui
2350 2545 2671 2605 merentur

376 2644 440 2706 in
475 2642 742 2726 spiritali
775 2660 972 2725 agone
1014 2643 1408 2723 contendere,
1459 2647 1817 2707 concertare
1866 2644 2225 2727 dignantur.
2296 2644 2453 2709 illud
2500 2646 2669 2709 enim

377 2752 476 2811 est
521 2748 889 2810 cunctorum
935 2747 1354 2810 luctaminum
1411 2748 1588 2811 uelut
1650 2749 1965 2830 quoddam
2026 2749 2481 2813 solidissimum
2526 2750 2672 2814 fun-

378 2852 766 2931 damentum,
813 2855 885 2915 ut
921 2852 1215 2933 primitus
1248 2851 1597 2915 carnalium
1645 2853 2096 2917 desideriorum
2143 2854 2465 2918 incentiua
2508 2856 2672 2937 peri-

379 2960 650 3019 mantur.
767 2974 914 3019 nam
991 2956 1204 3019 nullus
1273 2973 1458 3019 carne
1535 2957 1789 3039 propria
1863 2976 1987 3021 non
2064 2959 2313 3024 deuicta
2388 2959 2669 3042 legitime

379 3058 696 3123 decertare
743 3060 993 3142 poterit,
1043 3063 1104 3122 et
1151 3060 1258 3141 qui
1303 3059 1585 3143 legitime
1634 3080 1759 3125 non
1807 3063 2103 3143 decertat,
2153 3064 2287 3127 sine
2335 3063 2524 3127 dubio
2557 3083 2671 3128 nec

377 3164 445 3227 in
491 3181 689 3246 agone
737 3162 1066 3246 confligere
1115 3182 1228 3227 nec
1275 3182 1538 3229 coronae
1577 3165 1845 3248 gloriam
1877 3167 2176 3231 uictoriae
2208 3168 2413 3250 gratia
2442 3170 2670 3251 poterit

378 3268 736 3351 promereri.
805 3268 1028 3349 quodsi
1074 3267 1192 3331 hoc
1237 3269 1542 3333 fuerimus
1575 3271 1853 3353 superati
1884 3272 2247 3353 certamine,
2295 3272 2471 3336 uelut
2502 3274 2668 3337 serui
2716 3286 2777 3357 2·

380 3373 648 3436 carnalis
695 3372 1238 3456 concupiscentiae
1301 3372 1666 3457 conprobati
1729 3378 1791 3439 et
1850 3395 1961 3457 per
2021 3375 2137 3440 hoc
2199 3395 2313 3440 nec
2357 3376 2671 3441 libertatis

470 3653 496 3706 1
527 3650 850 3705 delectetur.
874 3693 886 3706 .
911 3695 922 3705 .
935 3668 1067 3723 pay.
1087 3656 1174 3720 94,
1201 3656 1234 3705 5
1259 3651 1661 3721 adpraehendat
1684 3652 1787 3705 nisi
1811 3653 1885 3705 hu
1910 3660 2095 3707 emtam
2121 3656 2183 3709 in
2206 3654 2252 3709 0
2345 3652 2593 3723 dispiciat
2610 3656 2681 3711 H

380 3740 414 3795 3
460 3738 750 3807 inseperab.
798 3740 868 3793 H
1007 3741 1043 3793 4
1089 3738 1778 3808 con(eom-)memorationis
1832 3740 2032 3793 CG¹L¹
2188 3742 2573 3811 comtemplans
2619 3744 2671 3796 L

381 3830 412 3881 5
449 3826 616 3879 XIIII
652 3827 722 3880 Η
822 3825 1010 3880 uelut.
1041 3868 1051 3879 .
1081 3868 1092 3880 .
1119 3842 1244 3895 prae
1280 3844 1436 3881 enan.
1471 3828 1534 3881 in
1577 3827 1624 3880 (J
1728 3826 1773 3879 si
1808 3846 1910 3882 om.
1950 3828 2003 3880 A
2111 3830 2141 3881 7
2180 3826 2276 3880 tali
2313 3829 2389 3882 L¹
2495 3829 2672 3882 derec-

379 3913 526 3966 tione
567 3914 640 3968 6¹
782 3916 816 3969 8
852 3914 1124 3967 inmensae
1161 3913 1209 3969 0
1346 3917 1379 3968 9
1413 3917 1627 3967 uertens
1663 3915 1718 3968 A
1789 3913 2071 3967 aduertens
2106 3916 2180 3969 12¹
2325 3918 2389 3970 10
2425 3915 2559 3969 illud
2595 3918 2673 3970 L1

383 4003 443 4056 11
473 4000 737 4053 amisurus
764 4002 832 4059 H
933 4003 998 4055 13
1024 4001 1070 4053 ei
1096 4002 1165 4055 H
1265 3999 1495 4053 deuiarit
1523 4001 1716 4055 CGII:
1777 4001 2075 4053 ‹leuiauerit
2098 4002 2294 4057 ALTv
2400 4006 2465 4057 14
2490 4002 2587 4056 XV
2611 4005 2681 4058 H

379 4088 560 4156 itaque
588 4131 599 4141 .
627 4131 638 4142 .
668 4132 679 4143 .
707 4088 1135 4157 concupiscentia
1179 4104 1335 4142 enan.
1375 4090 1438 4142 in
1480 4089 1526 4143 G
1631 4092 1695 4143 16
1734 4088 2031 4157 olimpiacis
2068 4090 2139 4142 H
2234 4088 2561 4143 iudicabitur
2597 4092 2673 4144 13¹

384 4178 448 4231 17
473 4176 854 4245 praemisisque
892 4178 962 4231 H
1063 4180 1126 4232 18
1163 4176 1432 4229 credimur
1467 4177 1765 4231 CGH¹LT
1865 4180 1934 4231 20
1971 4177 2025 4229 in
2065 4194 2165 4230 om.
2198 4177 2387 4231 GHT:
2423 4180 2489 4245 cs.
2517 4180 2675 4246 iufra

381 4280 433 4317 u.
469 4268 540 4318 25
585 4270 634 4318 et
678 4282 796 4333 cap.
832 4268 916 4332 12,
953 4270 983 4317 1
1091 4262 1215 4316 illut
1251 4264 1306 4317 A
1411 4266 1478 4317 22
1526 4263 1935 4332 desideriorum]
1984 4264 2294 4331 passionum
2330 4265 2383 4316 A
2496 4264 2674 4333 perhi-

383 4354 598 4404 mantur
623 4352 696 4405 12²
803 4353 872 4405 24
909 4354 1112 4403 certare
1139 4352 1264 4405 ΑΗ
1364 4351 1488 4419 quia
1520 4351 1867 4405 AG¹H¹LS¹
1974 4354 2043 4404 25
2080 4365 2327 4403 eoronam
2365 4349 2565 4418 gloriae
2593 4353 2677 4405 A:

383 4440 452 4507 cf.
481 4440 578 4507 VI,
613 4444 664 4507 7,
699 4442 737 4493 2
841 4437 1022 4505 grati&
1053 4438 1128 4491 L¹
1237 4442 1305 4492 26
1341 4438 1657 4506 promereri]
1696 4437 1944 4490 obtenere
1982 4438 2065 4491 H¹
2138 4436 2376 4491 obtinere
2414 4440 2610 4493 H²LT

489 4540 616 4580 xvu.
638 4540 751 4580 Cass.
777 4544 809 4579 1.
2300 4530 2361 4575 14
