3167 4975
523 395 645 460 136
1320 395 1639 448 Iohannis
1687 391 1989 480 Cassiani

516 572 800 655 regulam
862 571 1175 635 custodire
1233 570 1580 653 permittit,
1628 587 1753 634 non
1813 569 2221 632 honestarum
2281 568 2804 632 intercessionum

517 676 762 759 explere
809 675 1015 740 officia
1060 675 1227 755 sinit,
1274 672 1613 739 dummodo
1660 674 1762 738 uel
1809 672 2105 737 auaritiae
2150 671 2389 736 rabiem
2436 672 2665 736 satiare
2703 671 2804 736 uel

517 781 840 845 cotidianis
887 779 1106 844 usibus
1149 781 1350 863 possit
1396 797 1736 858 occurrere,
1799 778 2159 860 cupiditatis
2204 777 2436 860 ignem,
2498 776 2649 841 (lum
2697 777 2804 841 ad-

515 885 814 965 quirendo
863 884 1352 968 extinguendum
1399 884 1615 963 credit,
1662 882 2028 946 accendens

601 989 711 1052 XI.
759 989 926 1054 Hinc
968 990 1096 1053 iam
1142 989 1426 1054 nonnulli
1470 1007 1580 1071 per
1628 986 1966 1070 abruptum
2013 986 2444 1069 praecipitium
2490 986 2647 1068 lapsi
2708 987 2803 1051 in-

513 1093 850 1158 reuocabili
910 1094 1094 1158 ruina
1153 1094 1440 1157 feruntur
1504 1093 1584 1156 ad
1652 1094 1949 1172 mortem,
2020 1093 2083 1154 et
2150 1109 2272 1154 non
2343 1091 2621 1155 contenti
2690 1090 2803 1154 soli

513 1197 828 1281 possidere
873 1215 1030 1280 quas
1078 1199 1178 1262 uel
1226 1215 1572 1279 numquam
1618 1196 1972 1260 habuerant
2016 1196 2117 1259 uel
2164 1195 2338 1260 initio
2384 1196 2551 1259 malo
2602 1214 2803 1282 reser-

499 1305 739 1367 uarant
767 1304 1064 1386 pecunias
1105 1302 1426 1383 inquirunt
1457 1299 1865 1366 contubernia
1896 1301 2295 1381 feminarum,
2344 1319 2503 1382 quac
2534 1281 2805 1364 debeant

513 1425 588 1471 ea
632 1425 791 1489 qnae
837 1408 1002 1472 male
1048 1411 1348 1491 congesta
1401 1407 1504 1470 uel
1561 1409 1810 1470 retenta
1870 1408 2019 1470 sunt
2078 1405 2405 1469 custodire.
2486 1405 2800 1486 tantisque

513 1531 578 1576 se
626 1511 1137 1594 occupationibus
1185 1511 1378 1576 noxiis
1427 1529 1499 1575 ac
1543 1510 1904 1594 perniciosis
1950 1509 2303 1590 inuoluunt,
2362 1512 2431 1573 ut
2477 1528 2674 1591 usque
2722 1511 2799 1574 ad

509 1616 890 1700 profundum
937 1615 1120 1680 inferi
1165 1617 1462 1696 deuoluti,
1510 1615 1661 1679 dum
1704 1615 2099 1696 adquiescere
2129 1614 2219 1677 illi
2250 1614 2625 1696 apostolicae
2660 1633 2800 1678 sen-

511 1721 744 1785 tentiae
806 1724 1154 1801 rennuunt,
1227 1727 1298 1785 ut
1356 1719 1725 1784 habentes
1788 1720 2070 1784 uictum
2132 1724 2204 1782 et
2263 1719 2801 1784 uestimentum

509 1825 624 1888 his
685 1825 841 1889 sint
900 1825 1241 1889 contenti
1301 1843 1460 1906 quae
1507 1824 1871 1889 monasterii
1926 1823 2255 1907 frugalitas
2312 1823 2629 1904 exhibeat,
2692 1826 2801 1888 sed

509 1931 856 1994 uolentes
925 1929 1199 1993 diuites
1269 1929 1442 1994 fieri
1515 1929 1857 1993 incidant
1930 1927 2004 1991 in
2079 1929 2653 2010 temptationem
2729 1931 2801 1992 et

509 2035 856 2116 laqueum
903 2032 1184 2098 diaboli
1231 2037 1304 2098 et
1348 2033 1727 2097 desideria
1770 2034 2008 2097 multa
2054 2037 2123 2096 et
2180 2033 2487 2097 inutilia
2548 2036 2618 2096 et
2677 2052 2796 2098 no-

509 2139 654 2219 xia,
732 2156 921 2220 quae
989 2141 1340 2222 mergunt
1405 2138 1745 2202 homines
1813 2139 1887 2201 in
1955 2138 2351 2202 interitum
2420 2141 2492 2202 et
2556 2139 2794 2221 perdi-

509 2243 804 2307 tionem.
881 2243 1088 2308 radix
1142 2243 1335 2307 enim
1397 2243 1724 2307 omnium
1786 2243 2151 2307 malorum
2215 2245 2329 2305 est
2388 2243 2793 2325 cupiditaS,

506 2347 570 2411 id
618 2351 715 2412 est
756 2347 1093 2431 filargyria,
1141 2365 1362 2429 quam
1426 2346 1723 2429 quidam
1772 2347 2223 2429 adpetentes
2271 2351 2715 2410 errauerunt
2759 2366 2795 2410 a

507 2450 657 2516 fide
704 2455 778 2517 et
822 2453 1304 2517 inseruerunt
1351 2472 1426 2517 se
1474 2450 1859 2516 doloribus
1906 2452 2184 2515 multis

592 2557 736 2621 XII.
782 2557 926 2623 Non
969 2558 1186 2641 ignoro
1242 2558 1576 2640 quendam,
1638 2557 1743 2638 qui
1796 2560 1999 2623 semet
2057 2557 2263 2640 ipsum
2327 2560 2616 2621 autumat
2662 2576 2795 2621 mo-

507 2661 782 2725 nachum
843 2661 1088 2744 sibique
1149 2662 1342 2745 (quod
1405 2664 1502 2725 est
1555 2660 1859 2744 deterius)
1906 2663 1982 2725 de
2027 2662 2407 2745 perfectione
2452 2662 2805 2727 blandit-un,

505 2766 608 2847 qui
657 2770 941 2849 receptus
989 2767 1052 2830 in
1100 2766 1395 2831 coenobio
1443 2785 1589 2830 cum
1636 2784 1673 2829 a
1717 2784 1829 2830 suo
1876 2770 2233 2830 moneretur
2280 2765 2527 2847 abbate,
2574 2787 2652 2831 ne
2697 2787 2793 2831 re-

505 2870 862 2936 uolueretur
909 2871 986 2934 ad
1030 2871 1139 2935 illa
1182 2890 1341 2953 quae
1379 2872 1749 2935 renuntians
1792 2870 2132 2950 abdicarat,
2182 2890 2440 2953 seseque
2481 2872 2557 2934 de
2588 2872 2791 2936 radice

505 2975 788 3039 omnium
849 2976 1159 3040 malorum
1205 2975 1522 3060 filargyria
1566 2975 1957 3057 terrenisque
2000 2976 2241 3057 laqueis
2303 2976 2637 3058 expediret,
2698 2996 2791 3057 ac,

505 3080 557 3143 si
605 3080 824 3144 mallet
865 3081 1144 3164 pristinis
1190 3080 1586 3163 passionibus
1652 3081 1997 3160 emundari,
2058 3080 2285 3161 quibus
2348 3099 2489 3144 euni
2551 3082 2793 3164 grauis-

463 3168 664 3248 'sime
711 3185 971 3269 singulis
1018 3186 1355 3249 momentis
1401 3184 1977 3267 uidebat.u1·gueri,
2038 3189 2314 3249 cessaret
2360 3186 2671 3249 adfectare
2720 3206 2791 3251 ea

715 3340 803 3408 12]
841 3339 870 3392 1
906 3340 1042 3394 Tim.
1069 3344 1119 3403 6,
1145 3344 1191 3395 s.
1303 3340 1391 3409 14]
1429 3339 1462 3393 1.
1492 3358 1534 3393 ο.
1563 3343 1749 3395 9—10.

591 3482 624 3535 2
661 3477 955 3533 dummodfl
1005 3480 1056 3534 G
1197 3484 1230 3535 5
1275 3480 1366 3533 hic
1402 3480 1486 3533 H¹
1629 3477 1765 3532 labsi
1806 3481 1857 3533 A
2001 3484 2034 3534 6
2080 3479 2253 3533 solum
2296 3482 2349 3535 L
2492 3485 2521 3535 7
2569 3498 2701 3549 quae
2738 3484 2793 3536 A

503 3608 808 3663 habuerunt
842 3610 895 3664 L
1012 3576 1342 3675 reserum-{nt
1381 3612 1450 3665 H
1515 3613 1919 3664 rosei-usuerant
1954 3611 2037 3665 Le
2144 3614 2175 3667 9
2214 3610 2493 3665 retinenda
2536 3614 2605 3667 H
2668 3616 2795 3666 sunt

503 3696 590 3751 uel
625 3699 836 3751 retenta
870 3698 925 3752 A
1036 3699 1100 3753 10
1136 3698 1328 3765 pernit.
1370 3698 1475 3753 GL
1584 3701 1646 3754 11
1688 3696 1883 3753 inferni
1910 3698 2027 3752 HT
2127 3699 2391 3752 sententia
2423 3699 2501 3753 L¹
2611 3702 2675 3755 12
2711 3716 2793 3753 re—

503 3830 680 3882 nuunt
719 3828 796 3882 (3²
865 3793 1104 3881 ren¹uunt
1128 3829 1198 3882 H
1297 3829 1556 3882 uestitum
1592 3829 1697 3895 (ita
1731 3834 1782 3883 et
1821 3829 1889 3895 T)
1923 3828 2008 3881 his
2046 3828 2281 3883 contenti
2320 3830 2432 3883 sint
2454 3830 2507 3883 A
2618 3834 2682 3886 13
2706 3846 2793 3883 ex-

501 3913 684 3968 hibeat
724 3915 990 3971 G¹H¹Tr.·
1025 3914 1238 3969 exhibet
1274 3916 1329 3970 A
1399 3914 1684 3969 exhibebat
1732 3916 2027 3971 G²SH²Lc
2135 3918 2197 3971 14
2235 3916 2485 3971 incedant
2519 3920 2603 3973 Η1
2711 3918 2793 3971 in-

503 4000 691 4055 cidunt
714 4003 767 4056 L
872 4002 1224 4071 temptatione
1251 4006 1303 4057 A
1416 4005 1479 4059 15
1519 4002 1721 4057 diabuli
1748 4004 1831 4057 ΙΙ1
1938 4002 2133 4073 multa]
2160 4002 2304 4057 mala
2328 4006 2397 4058 H
2495 4006 2549 4057 et
2582 4005 2793 4059 inutilia

502 4091 557 4142 et
601 4090 758 4142 noxia
806 4090 996 4145 GHT:
1042 4092 1098 4145 et
1141 4090 1296 4143 noxia
1340 4094 1394 4143 et
1437 4089 1654 4144 inutilia
1698 4091 1752 4145 L
1840 4090 2054 4144 inutilia
2100 4094 2153 4145 et
2200 4092 2390 4144 nociua
2433 4094 2487 4146 A
2532 4100 2582 4148 et
2636 4094 2791 4163 Παῖς.

506 4178 570 4231 16
604 4180 660 4231 et
691 4178 746 4231 in
780 4178 1137 4246 perditionem
1162 4180 1231 4233 H
1334 4182 1398 4235 18
1433 4178 1693 4247 filargiria
1728 4180 1799 4233 H
1826 4185 1889 4235 ut
1922 4180 2055 4235 solet
2125 4178 2403 4248 fylargiria
2426 4180 2480 4234 L
2586 4183 2649 4235 21
2691 4179 2795 4235 sibi

503 4278 710 4332 quoque
745 4265 800 4319 L
940 4268 1007 4320 23
1055 4264 1396 4319 abdicauerat
1431 4267 1500 4320 H
1634 4268 1703 4320 24
1747 4264 2026 4335 fylargiria
2061 4267 2114 4320 L
2256 4266 2547 4336 expediret]
2594 4267 2795 4336 eripere

501 4350 784 4406 festinaret
817 4354 872 4407 A
979 4356 1045 4409 25
1083 4352 1260 4406 mallit
1296 4354 1379 4408 ‚H1
1485 4353 1821 4421 grauissimis
1857 4353 1911 4407 L
2018 4356 2085 4409 26
2122 4355 2299 4423 urgeri
2342 4356 2463 4410 GH

2858 1533 2910 1570 10

2852 2063 2905 2100 15

2848 2582 2905 2624 20

2847 3110 2905 3149 25
