3167 4975
1309 443 1470 496 Inst.
1506 442 1617 496 lib.
1646 443 1711 504 X,
1753 447 1797 499 1.
2580 445 2704 509 173

495 617 663 680 XVI.
700 617 876 698 Quod
925 636 1048 681 non
1093 618 1216 680 odii
1263 636 1469 697 causa,
1519 618 1627 681 sed
1668 618 2017 683 dilectionis
2064 637 2169 684 eos
2204 621 2305 702 qui
2340 621 2705 704 delinquunt

414 723 716 803 corripere
765 721 1123 786 debeamus.

494 826 697 889 XVII.
747 827 1014 890 Diuersa
1043 827 1420 906 testimonia,
1469 826 1692 908 quibus
1740 829 2059 910 apostolus
2100 831 2417 912 praecepit
2462 833 2701 913 operari

409 929 634 993 debere
681 931 781 994 uel
828 931 959 1014 ipse
1007 935 1294 1013 operatus
1343 931 1533 994 fuisse
1581 936 1987 997 monstratur.

495 1035 730 1098 XVIII.
780 1034 954 1114 Quod
1017 1039 1263 1100 tantum
1328 1039 1620 1117 operatus
1682 1038 1765 1100 sit
1810 1038 2148 1119 apostolus,
2212 1043 2515 1120 quantum
2577 1057 2700 1104 nou

409 1138 524 1202 sihi
573 1139 706 1220 soli,
755 1140 864 1204 sed
911 1141 1102 1204 etiam
1148 1141 1246 1204 his
1295 1141 1397 1222 qui
1444 1157 1586 1203 cum
1638 1158 1709 1204 eo
1756 1145 1935 1206 erant
1978 1146 2193 1224 posset
2236 1143 2541 1208 sufficere.

493 1243 761 1307 XVIIII.
797 1242 1339 1323 Quemadmodum
1372 1245 1653 1328 intellegi
1686 1245 1939 1310 debeat:
1987 1246 2284 1312 'beatius
2319 1252 2434 1313 est
2464 1249 2699 1332 magis

408 1347 578 1410 dare
627 1367 839 1430 quam
886 1349 1242 1431 accipere.

488 1452 624 1516 XX.
651 1453 744 1516 De
764 1452 956 1516 fratre
983 1453 1308 1534 desidioso,
1335 1455 1436 1536 qui
1463 1454 1618 1517 alios
1645 1455 1857 1538 egredi
1881 1455 1957 1518 de
1982 1455 2277 1522 coenobio
2303 1457 2695 1522 sollicitabat.

297 1587 354 1623 ιο
493 1556 662 1620 XXI.
713 1556 980 1622 Diuersa
1023 1559 1385 1622 testimonia
1430 1557 1504 1621 de
1551 1557 1883 1623 Salomone
1930 1564 2149 1625 contra
2196 1562 2471 1626 acediari.

493 1660 694 1724 XXII.
755 1660 930 1741 Quod
989 1681 1101 1744 per
1147 1662 1506 1745 Aegyptum
1569 1661 1797 1727 fratres
1859 1665 1951 1728 ita
2011 1667 2138 1729 suis
2201 1665 2492 1731 manibus
2554 1684 2698 1749 ope-

409 1769 640 1846 rantur,
704 1769 776 1830 ut
831 1784 954 1830 non
1018 1767 1220 1830 solum
1266 1767 1526 1848 propriis
1574 1769 2052 1834 necessitatibus
2118 1770 2526 1852 satisfaciant,
2588 1772 2697 1835 sed

407 1869 592 1932 etiam
641 1869 740 1934 his
786 1871 888 1951 qui
935 1871 997 1934 in
1046 1869 1397 1934 carceribus
1445 1875 1595 1934 sunt
1639 1870 2135 1938 subministrent.

492 1973 726 2038 XXIII.
789 1974 964 2055 Quod
1029 1976 1136 2040 otii
1200 1992 1390 2039 eausa
1449 1974 1641 2039 faciat
1702 1976 1767 2039 in
1826 1978 2107 2059 partibus
2156 1977 2509 2044 Occidentis
2570 1997 2695 2044 non

287 2107 347 2146 ιε,
407 2095 544 2140 esse
591 2077 886 2142 coenobia
932 2079 1400 2144 monachorum.

493 2182 760 2246 XXIIII.
818 2184 914 2246 De
982 2182 1211 2247 abbate
1273 2184 1501 2267 Paulo,
1565 2188 1669 2267 qui
1729 2187 1989 2270 singulis
2052 2187 2233 2251 annis
2296 2205 2479 2252 omne
2540 2205 2695 2270 opus

407 2303 708 2350 manuum
755 2305 1010 2352 suarum
1058 2289 1200 2371 igne
1247 2287 1568 2372 subposito
1615 2289 2077 2356 concremabat.

491 2390 686 2454 XXV.
739 2390 947 2456 Uerba
1008 2391 1252 2457 abbatis
1298 2393 1524 2478 Moysi,
1588 2413 1745 2478 quae
1793 2395 2015 2460 dixerit
2074 2396 2229 2460 mihi
2285 2397 2360 2460 de
2422 2397 2695 2462 remedio

404 2496 670 2561 acediae.

280 2738 347 2776 20
493 2706 541 2769 Ι.
591 2705 845 2771 Sextum
907 2706 1085 2771 nobis
1133 2711 1450 2773 certamen
1499 2716 1613 2790 est,
1676 2710 1837 2792 quod
1884 2708 2106 2775 Graeci
2150 2711 2385 2789 ἀκηδίαν
2444 2714 2692 2793 uocant,

404 2827 592 2890 quam
640 2826 752 2875 nos
798 2812 1076 2876 taedium
1108 2813 1240 2876 siue
1287 2814 1663 2878 anxietatem
1696 2815 1897 2878 cordis
1942 2832 2277 2897 possumus
2309 2834 2689 2898 nuncupare.

404 2914 626 2977 adfinis
681 2916 834 2979 haee
878 2916 1164 2981 tristitiae
1211 2934 1282 2981 ac
1330 2918 1621 2982 solitariis
1669 2920 1870 3003 magis
1920 2924 2173 3001 experta
2218 2922 2281 2983 et
2326 2920 2387 2984 in
2436 2920 2691 2985 heremo

612 3051 668 3121 7]
706 3052 825 3106 Act.
852 3054 936 3117 20,
962 3055 1044 3109 35.

495 3180 518 3231 1
570 3176 868 3231 dilectionis
915 3177 1106 3231 HLT:
1151 3178 1467 3231 cori-exionis
1515 3180 1566 3233 A
1712 3178 1993 3247 delinqunt
2039 3181 2106 3234 H
2241 3183 2275 3235 2
2320 3180 2573 3235 debemus
2616 3182 2692 3237 Tr

401 3264 440 3318 3
473 3262 536 3316 de
561 3280 689 3317 uera
712 3264 780 3319 H
846 3264 910 3317 de
947 3264 1156 3319 diuersa
1179 3266 1233 3320 L
1340 3266 1615 3335 apostulus
1640 3268 1709 3321 H
1806 3268 2076 3336 praecepit
2100 3268 2181 3322 L:
2206 3268 2467 3338 praecipit
2490 3270 2691 3324 AHTv

396 3352 434 3405 4
472 3350 660 3403 deuere
696 3352 765 3406 H
888 3354 920 3407 5
957 3352 1098 3420 quod
1136 3368 1241 3406 non
1279 3354 1332 3407 L
1439 3354 1512 3407 sit
1548 3353 1819 3423 apostolus
1856 3372 1957 3411 om.
1985 3356 2039 3410 L
2146 3358 2179 3409 6
2214 3359 2393 3424 posset
2426 3375 2485 3411 r:
2519 3357 2689 3426 possit

397 3438 575 3493 AHT
638 3454 792 3507 posse
829 3440 882 3493 L
1008 3442 1036 3494 7
1076 3444 1156 3493 est
1191 3458 1292 3496 om.
1327 3441 1382 3494 L
1500 3443 1533 3496 9
1571 3442 1792 3497 titulum
1828 3459 1945 3511 cap.
1980 3446 2052 3496 20
2086 3460 2189 3498 om.
2219 3444 2393 3499 AHT
2494 3444 2598 3497 alio
2634 3446 2688 3499 L

399 3522 468 3577 de
505 3541 606 3579 om.
643 3526 696 3579 L
816 3529 879 3582 10
916 3525 1016 3579 XX
1053 3528 1178 3581 ΑΗ
1276 3526 1496 3581 deuersa
1529 3529 1599 3582 H
1708 3528 1977 3582 salamone
2014 3530 2083 3583 H
2182 3528 2398 3584 acedian
2437 3532 2518 3585 A.-
2553 3532 2691 3585 acci-

397 3610 546 3665 diam
577 3613 642 3667 H
695 3612 867 3666 acidia
891 3612 944 3667 L
1053 3618 1112 3669 11
1145 3612 1273 3667 XXI
1299 3615 1423 3669 AH
1521 3630 1618 3683 per
1653 3633 1753 3671 om.
1793 3616 1913 3670 HT
2013 3615 2286 3685 aegiptum
2311 3618 2365 3671 L
2470 3618 2549 3671 ita
2584 3636 2686 3673 om.

395 3700 574 3753 AHT
674 3702 738 3755 13
773 3699 831 3753 in
855 3718 957 3756 om.
983 3700 1052 3755 H
1141 3700 1571 3755 sumministrent
1596 3703 1651 3756 A
1762 3704 1826 3757 14
1850 3702 2009 3755 XXII
2033 3704 2159 3757 AH
2260 3706 2323 3758 15
2362 3718 2473 3757 esse
2498 3720 2599 3759 om.
2627 3705 2696 3758 Η

401 3788 470 3843 16
505 3786 692 3841 XXIII
729 3790 853 3842 ΑΗ
951 3788 1106 3857 opus]
1145 3792 1353 3858 tempus
1379 3791 1497 3844 HT
1601 3792 1663 3845 17
1702 3791 1975 3859 supposito
2000 3790 2109 3845 AL
2228 3794 2292 3847 18
2329 3790 2545 3845 XXIIII
2570 3793 2695 3846 AH

395 3874 570 3942 moysi
607 3876 745 3929 HT.-
781 3875 915 3928 mosi
951 3876 1061 3929 AL
1170 3876 1305 3931 dixit
1339 3878 1458 3931 HT
1555 3876 1691 3930 mihi
1728 3894 1827 3933 om.
1856 3878 1975 3931 HT
2078 3880 2141 3933 19
2178 3876 2411 3931 accidiae
2446 3878 2516 3932 H
2581 3879 2687 3933 aci-

395 3960 518 4013 diae
556 3962 664 4016 LT
727 3961 950 4016 Finiunt
995 3962 1230 4032 capitula
1277 3963 1342 4017 de
1387 3964 1488 4033 spu
1534 3963 1761 4017 acediae.
1835 3963 2035 4032 Incipit
2078 3962 2215 4017 liber
2251 3966 2306 4018 A
2377 3964 2578 4033 Incipit
2622 3965 2686 4018 de

394 4047 592 4116 spiritu
637 4047 848 4102 acediae
893 4047 1032 4103 liber
1075 4049 1313 4103 decimus
1363 4050 1414 4105 G
1490 4050 1799 4119 Expliciunt
1836 4051 2055 4119 capitul.
2146 4050 2301 4120 Incip
2337 4054 2513 4105 textus
2551 4053 2687 4106 eius-

393 4135 524 4188 dem
559 4134 612 4189 L
680 4137 825 4191 nihil
859 4137 1188 4207 inscriptum
1223 4140 1287 4193 in
1322 4139 1391 4193 H

485 4225 552 4278 20
587 4222 618 4276 Ι
653 4240 755 4279 om.
786 4223 892 4278 GL
999 4224 1195 4278 afnaan
1220 4226 1290 4279 H
1388 4223 1617 4279 acidiam
1642 4225 1695 4279 L
1803 4235 2183 4286 ΑΚΝΑΙΑΝ
2228 4226 2279 4281 Τ
2375 4228 2439 4281 21
2480 4226 2685 4281 ancxie-

393 4312 564 4363 tatem
602 4312 668 4364 H
769 4312 838 4365 22
873 4310 1002 4363 haec
1040 4310 1232 4365 adfinis
1255 4313 1309 4365 L
1415 4312 1669 4366 tristitiae
1694 4327 1755 4365 ac
1780 4313 2029 4367 AHLT:
2064 4313 2315 4366 tristitiae
2350 4317 2432 4366 est
2456 4317 2510 4366 et
2534 4314 2685 4381 uagis

391 4396 625 4451 maxime
663 4413 722 4451 ac
764 4399 848 4452 Gv
883 4398 966 4465 (in
1001 4416 1032 4453 r
1068 4398 1210 4453 deest
1245 4399 1496 4467 maxime)
1602 4399 1659 4452 in
1697 4416 1798 4454 om.
1824 4400 1877 4453 L

501 4500 631 4544 xvn.
661 4501 777 4543 Cass,
807 4506 846 4543 1.
2311 4491 2371 4540 19
