3167 4975
686 624 734 676 B

353 728 496 803 dam
549 728 868 813 fratrum
925 750 1060 791 sus-

349 844 598 917 ceptum
719 830 1062 916 ferculum

344 936 552 1022 paulo
587 936 856 999 tardius
889 937 1060 1000 intu-

353 1042 548 1119 lisset,
600 1042 882 1104 uidens
929 1044 1060 1104 hoc

343 1146 714 1232 praedictus
721 1144 880 1209 abba
891 1146 1060 1209 Pau-

352 1250 475 1327 lus,
500 1251 620 1335 qui
639 1251 810 1313 inter
833 1249 1062 1313 turbas

349 1354 873 1418 ministrantium
905 1356 1060 1442 fra-

351 1471 526 1522 trum
591 1458 874 1522 sollicite
935 1458 1061 1521 dis-

347 1563 678 1641 currebat,
697 1573 919 1627 exerta
933 1586 1062 1625 ma-

349 1690 442 1731 nu
488 1668 736 1753 alapa
767 1690 912 1731 eum
941 1666 1060 1729 sub

349 1773 642 1835 omnium
735 1772 1063 1857 percussit

351 1877 629 1954 intuitu,
663 1876 762 1939 ita
785 1886 860 1939 ut
883 1876 1063 1939 inli-

349 2004 474 2044 sae
493 1979 1064 2066 sonituspalmae

351 2085 548 2148 etiam
555 2106 944 2147 auem-sorum
957 2084 1066 2148 uel

354 2188 612 2276 longius
683 2189 1066 2253 considenti-

352 2316 464 2357 um
486 2293 770 2357 auribus
793 2293 1066 2358 resulta-

353 2410 469 2463 ret.
501 2422 576 2462 se
591 2398 636 2461 d
659 2400 744 2462 id
763 2422 1066 2463 memora-

354 2505 511 2567 bilis
550 2505 921 2590 patientiae
965 2506 1064 2568 iu-

351 2609 542 2672 uenis
604 2619 792 2672 tanta
857 2610 1068 2673 animi

355 2713 624 2776 lenitate
653 2715 956 2799 suscepit,
993 2725 1068 2778 ut

351 2841 484 2880 non
504 2817 688 2882 modo
705 2819 937 2881 nullus
947 2818 1068 2904 fu-

352 2923 482 2984 erit.
519 2945 598 2985 eze
628 2944 740 2985 ore
770 2922 910 2986 eius
940 2947 1066 2986 ser-

352 3049 450 3088 mo
470 3027 836 3112 prolapsus
857 3027 964 3090 uel
988 3037 1066 3090 te-

353 3155 393 3193 n
403 3154 446 3194 u
457 3132 748 3194 issi-mum
765 3154 1068 3194 murmur

351 3237 560 3299 tacita
581 3235 910 3298 labiorum
933 3237 1066 3322 aqi-

351 3341 946 3427 tationesiynatunz,
957 3341 1068 3404 sed

349 3468 430 3508 ne
463 3445 612 3530 ipsa
645 3443 904 3529 quidem
928 3445 1065 3508 oris

351 3549 668 3612 modestia
737 3571 823 3611 ac
891 3559 1068 3612 tran-

351 3653 662 3739 quillitas
717 3663 838 3715 aut
891 3652 1069 3716 color

349 3757 580 3820 saltem
650 3757 1066 3842 quantulum-

351 3885 618 3947 cumque
661 3871 970 3926 mutatus.

1468 622 1512 677 Ο

1147 751 1289 791 cum
1321 776 1334 790 .
1377 780 1392 793 .

1144 832 1294 895 sub
1395 834 1846 896 occasione

1147 937 1388 1000 istius
1415 937 1839 1001 tarditatis

2400 457 2642 513 LVIIII

2247 623 2296 675 Κ

1439 776 1453 791 .
1487 728 1843 805 intulisset,
1921 726 2640 813 praedictusabbaPau-

1930 832 2057 909 lus,
2074 833 2191 917 qui
2210 880 2223 894 .
2246 880 2260 894 .
2282 880 2297 893 .
2316 832 2359 895 d
2366 833 2639 895 iscurrc-

1932 936 2058 1010 bat,
2146 947 2369 999 ezcerta
2442 958 2641 999 manu

1149 1041 1839 1127 (sub...tarditatisin
1923 1040 2192 1125 palma
2224 1062 2365 1103 eum
2396 1088 2409 1103 .
2447 1089 2462 1103 .
2497 1088 2512 1103 .
2546 1042 2641 1102 in-

1147 1167 1369 1231 marg.
1400 1166 1584 1211 man.
1629 1145 1697 1229 2)
1730 1146 1845 1209 ui—

1147 1251 1192 1313 d
1204 1274 1328 1314 ens
1371 1253 1503 1314 hoc
1538 1250 1847 1335 praedic-

1147 1365 1251 1418 tus
1264 1354 1849 1440 abbaPaulus,qui

1147 1508 1162 1523 .
1193 1508 1206 1522 .
1236 1508 1251 1522 .
1279 1457 1712 1536 discurrebat,
1746 1480 1846 1521 θω-

1147 1574 1292 1626 erta
1343 1560 1540 1626 manu
1603 1552 1849 1648 alapa

1147 1690 1291 1731 eum
1317 1716 1330 1730 .
1359 1716 1374 1731 .
1403 1716 1417 1731 .
1445 1667 1723 1744 intuitu,
1750 1667 1847 1729 ita

1147 1782 1222 1836 ut
1284 1771 1522 1837 inlise
1592 1772 1845 1835 sonitus

1138 1876 1397 1964 palme
1421 1878 1621 1940 etiam
1646 1924 1660 1939 .
1683 1923 1696 1939 .
1722 1924 1735 1938 .
1756 1898 1849 1939 re—

1145 1981 1448 2045 sultaret.
1485 1982 1597 2044 hoc
1633 1989 1852 2043 autem

1150 2085 1398 2149 idcirco
1423 2084 1514 2148 ab
1541 2106 1619 2147 eo
1648 2082 1760 2167 (ab
1784 2104 1851 2147 eo

1147 2192 1215 2257 in
1267 2210 1489 2275 marg.
1548 2208 1733 2253 man.
1782 2188 1849 2272 2)

1138 2296 1504 2382 factumest,
1515 2303 1589 2356 ut
1599 2293 1847 2357 cunctis

1149 2400 1266 2486 qui
1289 2398 1572 2463 aderant
1592 2396 1850 2461 iubenis

1141 2505 1542 2592 patientiam
1588 2502 1851 2588 patefa-

1151 2619 1317 2673 ceret
1363 2619 1422 2672 et
1471 2630 1681 2670 omnes
1737 2608 1853 2692 qui

1151 2712 1614 2798 interfuissent
1728 2711 1853 2774 tali

1151 2817 1466 2904 speculo
1501 2816 1851 2880 ‘modestiae

1153 2923 1548 2986 erudientur
1678 2923 1853 3005 (Sicl)

1154 3026 1458 3111 eaeemplo.
1493 3049 1687 3112 quam
1716 3049 1844 3088 ma-

1155 3142 1305 3194 turo
1318 3142 1532 3193 autem
1543 3131 1618 3192 id
1632 3153 1739 3192 sen
1752 3131 1852 3192 ior

1137 3235 1388 3320 fecerit
1418 3234 1713 3311 consiliO,
1754 3257 1849 3297 re-

1145 3338 1506 3426 probant.
1554 3340 1685 3402 sed
1718 3339 1853 3402 hid

1151 3442 1500 3507 memorabi
1507 3444 1589 3506 lis
1596 3444 1852 3529 patien-

1157 3550 1285 3612 tiae
1297 3547 1552 3612 iubenis
1566 3558 1753 3611 tanta
1772 3547 1855 3610 id

1162 3655 1260 3738 (id
1273 3655 1580 3737 supralin.
1599 3673 1764 3718 man.
1782 3653 1849 3736 2)

1153 3757 1361 3820 animi
1413 3757 1679 3820 lenitate
1718 3779 1852 3820 sus-

1151 3863 1340 3947 cepit,
1385 3872 1458 3923 ut
1501 3910 1514 3924 .
1544 3908 1557 3924 .
1588 3909 1601 3924 .
1644 3861 1848 3924 mode-

1151 3968 1284 4030 stia
1335 3969 1472 4029 hac
1529 3965 1849 4050 tranquil-

1153 4071 1310 4134 litas
1358 4076 1423 4135 et
1466 4072 1576 4134 rel.

1932 1145 2130 1222 tuitu,
2186 1145 2285 1207 ita
2329 1154 2405 1207 ut
2449 1145 2641 1207 soni-

1931 1260 2053 1312 tus
2086 1250 2279 1312 etiam
2312 1298 2327 1312 .
2353 1298 2369 1311 .
2400 1296 2413 1311 .
2442 1248 2642 1313 resul-

1932 1365 2119 1417 taret.
2154 1356 2269 1417 koc
2298 1363 2515 1417 autem
2546 1353 2641 1415 id-

1930 1459 2101 1521 circo
2142 1458 2233 1521 ab
2268 1480 2345 1523 eo
2378 1457 2645 1543 factum

1932 1573 2041 1640 est,
2098 1573 2173 1627 ut
2214 1612 2229 1626 .
2275 1611 2288 1625 .
2334 1610 2347 1627 .
2382 1561 2643 1648 patefa-

1930 1678 2099 1730 ceret
2144 1678 2203 1731 et
2257 1690 2467 1732 omnes
2529 1668 2647 1753 qui

1934 1770 2395 1856 interfuissent
2516 1770 2645 1834 tali

1932 1876 2381 1962 spectaculo
2442 1876 2645 1939 mode-

1931 1980 2099 2044 stiae
2214 1980 2646 2045 erudirentur

1933 2083 2241 2171 exempla
2284 2106 2476 2171 quam
2516 2108 2645 2147 ma-

1938 2200 2089 2253 turo
2116 2237 2131 2251 .
2167 2238 2181 2253 .
2212 2236 2225 2252 .
2239 2189 2483 2275 fece-rit
2506 2212 2645 2251 con-

1934 2294 2102 2372 silio,
2188 2316 2305 2356 res
2368 2292 2646 2378 proba-

1934 2399 2077 2462 uit.
2123 2422 2293 2461 nam
2346 2420 2646 2461 ‘memora-

1938 2503 2095 2567 bilis
2132 2503 2502 2589 patientiae
2550 2504 2649 2566 iu-

1936 2609 2125 2672 uenis
2160 2618 2346 2672 tanta
2378 2607 2463 2670 id
2500 2607 2649 2669 ani-

1937 2714 2028 2777 mi
2055 2713 2321 2776 lenitate
2344 2713 2649 2796 suscepit,

1938 2829 2013 2881 ut
2039 2867 2053 2880 .
2090 2867 2103 2880 .
2140 2866 2155 2880 .
2188 2817 2505 2880 modestia
2545 2826 2647 2878 at-

1938 2943 2076 3007 que
2101 2921 2560 3006 tranquillitas
2588 2925 2651 2984 et.

1937 3028 2047 3092 rel.

446 4280 604 4360 Iam,
665 4282 866 4362 crede,
927 4282 1190 4346 dubium
1237 4301 1374 4344 esse
1420 4301 1544 4344 non
1593 4285 1820 4364 potest,
1882 4285 2027 4345 utra
2086 4283 2269 4345 loct-io
2334 4301 2483 4344 nora
2546 4281 2645 4344 sit.

353 4385 701 4451 Cassianus
749 4386 906 4451 nihil
951 4388 1091 4450 uult
1136 4386 1260 4450 nisi
1305 4387 1552 4470 insigne
1600 4387 1943 4470 patientiae
1999 4405 2071 4450 ac
2118 4386 2397 4450 lenitatis
2446 4404 2653 4450 exem-
