3167 4975
498 450 629 513 290
1318 447 1638 499 Iohannis
1683 445 1982 499 Cassiani

500 626 703 691 Dauid
766 624 1071 708 propheta
1130 624 1370 688 dicens:
1434 625 1642 687 misit
1703 624 2015 689 uerbum.
2076 644 2317 704 snum,
2379 628 2452 688 et
2499 626 2804 689 sanauit

500 750 641 796 eos,
718 730 896 794 uides
959 748 1105 813 ergo
1167 730 1243 793 ad
1306 729 1618 793 sanandos
1665 730 1952 794 homines
2009 728 2274 793 uerbum
2325 731 2590 793 missum
2637 750 2800 810 esse,

499 836 665 917 quia,
732 835 881 899 licet
923 854 1035 917 per
1081 834 1397 900 Christum
1458 835 1694 897 sanitas
1743 834 1888 897 data
1951 835 2056 913 sit,
2117 834 2380 897 uerbum
2439 838 2654 897 tamen
2701 835 2800 898 dei

500 941 563 1005 in
611 939 857 1004 Christo
900 938 1023 1003 fuit
1066 939 1231 1020 quod
1274 958 1385 1022 per
1432 937 1752 1002 Christum
1799 942 2024 1002 cuncta
2070 939 2348 1003 sanauit:
2395 958 2471 1002 ac
2503 940 2594 1003 sic
2625 940 2801 1003 unito

500 1066 611 1129 per
656 1048 1123 1109 sacramentum
1168 1044 1611 1108 incarnationis
1659 1042 1908 1107 Christo
1957 1048 2020 1107 et
2063 1044 2258 1108 uerbo
2301 1044 2402 1107 dei
2445 1045 2650 1108 factus
2705 1048 2804 1108 est
2881 1073 2910 1109 5

504 1149 793 1215 Christus
824 1152 889 1213 et
920 1148 1183 1212 uerbum
1217 1148 1315 1211 dei
1346 1166 1507 1211 unus
1554 1167 1628 1212 ex
1673 1167 1742 1211 re
1773 1152 2036 1229 utraque
2082 1148 2248 1212 filius
2295 1149 2416 1212 dei.
2483 1150 2650 1231 quod
2679 1152 2804 1213 uti-

502 1274 622 1337 que
674 1254 990 1337 apostolus
1037 1254 1349 1316 Iohannes
1396 1253 1712 1316 declarare
1759 1256 1972 1334 aperte
2017 1253 2236 1317 nolens
2283 1254 2518 1334 misit,
2579 1256 2803 1337 inquit,

502 1361 681 1423 deus
728 1360 973 1423 filium
1021 1377 1231 1421 suum
1280 1358 1738 1421 saluatorem
1785 1357 2059 1421 mundi.
2135 1358 2447 1441 intellegis
2493 1360 2804 1440 quomodo

504 1464 903 1547 inseparabili
934 1463 1269 1527 conexione
1310 1462 1497 1525 deum
1546 1462 1988 1544 hominemque
2035 1464 2440 1526 coniunxerit.
2513 1462 2802 1529 Christus

504 1570 695 1648 enim,
742 1569 847 1650 (1111
894 1587 965 1631 ex
1010 1567 1219 1631 Maria
1256 1570 1440 1631 natus
1472 1570 1590 1647 est,
1637 1566 1912 1631 saluator
1945 1567 2182 1648 absque
2229 1566 2418 1630 dubio
2449 1568 2804 1650 appellatur
2861 1592 2918 1631 ιο

506 1673 848 1737 secundum
910 1672 1093 1736 illud:
1161 1673 1331 1754 quia
1401 1677 1622 1735 natus
1691 1675 1806 1735 est
1873 1671 2088 1735 uobis
2146 1671 2366 1735 hodie
2435 1672 2802 1754 saluator,

506 1778 635 1860 qui
681 1780 799 1841 est
839 1776 1184 1841 Christus
1232 1776 1595 1839 (10111111115.
1671 1776 1772 1839 1119
1818 1780 2032 1840 autem
2075 1776 2284 1859 ipsum
2331 1776 2496 1857 quod
2537 1779 2804 1841 missum

508 1884 605 1945 est
626 1880 892 1945 uerbum
925 1880 1023 1944 dei
1055 1880 1437 1945 saluatorem
1470 1880 1754 1945 nominat.
1785 1880 2029 1944 dicens:
2075 1880 2284 1943 misit
2329 1880 2508 1944 deus
2555 1881 2802 1945 filium

508 2006 719 2051 suum
766 1986 1227 2049 saluatorem
1274 1985 1541 2049 mundi.

594 2092 669 2155 V.
716 2092 905 2155 Patet
966 2092 1173 2172 itaque
1236 2091 1397 2171 quod
1452 2110 1563 2172 per
1627 2092 2095 2153 sacramentum
2141 2090 2298 2153 uniti
2359 2108 2503 2153 cum
2549 2090 2804 2154 homine
2863 2116 2922 2155 15

508 2196 685 2260 uerbi
731 2195 830 2259 dei
876 2197 940 2259 et
982 2194 1269 2274 uerbum,
1316 2194 1479 2277 quod
1524 2194 1604 2257 ad
1650 2194 2028 2258 saluandum
2068 2194 2336 2257 missum
2367 2198 2482 2274 est,
2531 2197 2808 2259 saluator

508 2301 749 2381 dicitur,
798 2303 861 2363 et
905 2300 1183 2363 saluator
1227 2299 1293 2362 in
1340 2317 1525 2362 carne
1570 2302 1756 2362 natus
1803 2319 1914 2382 per
1960 2298 2136 2362 uerbi
2177 2301 2390 2381 utique
2423 2301 2804 2364 consortium

509 2405 607 2469 dei
652 2405 816 2468 filius
864 2407 1277 2488 nuncupatur,
1324 2422 1397 2467 ac
1435 2406 1522 2467 sic
1552 2403 1890 2467 indiscreta
1929 2403 2251 2485 utriusque
2297 2405 2566 2468 nominis
2615 2406 2807 2469 maie-

510 2514 691 2590 state,
738 2513 885 2592 quia
932 2512 1141 2573 unitus
1189 2513 1285 2572 est
1328 2528 1473 2573 cum
1518 2510 1770 2573 homine
1802 2510 1977 2590 deus,
2023 2508 2324 2591 quidquid
2371 2513 2467 2573 est
2510 2511 2696 2574 homo
2743 2515 2808 2574 et

509 2615 684 2696 (19115,
731 2619 933 2680 totum
977 2615 1227 2696 penitus
1288 2617 1686 2697 nuncupatur
1731 2613 1902 2678 deus.
1981 2617 2046 2677 et
2087 2613 2225 2678 ideo
2271 2614 2438 2678 idem
2487 2616 2804 2696 apostolus
2859 2641 2920 2678 20

512 2719 669 2783 bene
717 2719 996 2783 subdidit
1040 2719 1281 2782 dicens:
1344 2720 1660 2800 quisque
1721 2718 2129 2782 crediderit
2189 2719 2536 2800 quoniam
2591 2720 2804 2783 Iesus

512 2828 627 2888 est
672 2825 883 2889 filius
930 2824 1076 2904 dei,
1139 2824 1318 2888 deus
1362 2825 1435 2886 in
1482 2823 1617 2887 illo
1677 2826 1928 2886 manet
1988 2826 2060 2887 et
2119 2825 2399 2886 caritas
2446 2823 2559 2887 dei
2605 2824 2678 2887 in
2723 2841 2804 2888 eo

514 2929 853 3011 perfecta
913 2933 1045 2993 est.
1138 2930 1319 2993 illum
1378 2948 1524 2992 uere
1584 2928 1906 3011 praedicat
1965 2928 2244 3008 credere,
2306 2927 2485 2992 illum
2545 2929 2802 3010 plenum

512 3026 722 3098 diuina
752 3035 974 3098 asserit
1006 3035 1284 3115 caritate,
1332 3036 1438 3116 qui
1467 3034 1680 3098 Iesum
1718 3034 1918 3097 filium
1950 3034 2049 3097 (191
2081 3033 2292 3097 credit.
2357 3031 2562 3096 filium
2593 3035 2802 3096 autem

512 3138 612 3202 dei
673 3139 936 3203 uerbum
984 3139 1083 3202 dei
1144 3159 1281 3202 esse
1328 3143 1614 3219 testatur,
1678 3155 1749 3201 ac
1793 3157 1906 3221 per
1951 3139 2068 3202 hoc
2129 3157 2324 3201 unum
2386 3141 2574 3219 atque
2637 3137 2802 3200 idem
2853 3163 2914 3202 ea

509 3247 759 3327 penitus
790 3245 930 3308 uult
960 3245 1242 3327 intellegi
1274 3244 1668 3327 unigenitum
1700 3242 1966 3306 uerbum
2013 3243 2110 3306 dei
2142 3246 2205 3306 et
2235 3243 2450 3306 19511111
2483 3241 2801 3306 Christ-um

510 3349 712 3413 filium
744 3349 862 3412 (191.
932 3349 1030 3412 1115
1072 3355 1283 3412 autem
1311 3348 1556 3431 plenius
1591 3347 1770 3427 scire,
1818 3349 2108 3430 quamuis
2141 3347 2426 3412 Christus
2461 3346 2802 3410 secundum

512 3473 766 3518 carnem
808 3473 957 3517 uere
1005 3473 1077 3516 ex
1122 3454 1375 3517 homine
1420 3453 1607 3517 homo
1654 3456 1836 3516 natus
1881 3453 1980 3532 sit,
2029 3456 2243 3517 tamen
2289 3455 2542 3536 propter
2586 3451 2802 3515 ineffa-

512 3557 703 3622 bilem
765 3559 1143 3622 sacramenti
1204 3559 1533 3638 unitatem,
1599 3576 1721 3638 qua
1782 3558 1992 3621 unitus
2057 3575 2200 3621 cum
2263 3558 2376 3621 (190
2438 3556 2626 3621 1101110
2687 3557 2800 3635 est,

512 3663 753 3726 nullam
820 3663 1068 3744 penitus
1127 3662 1291 3724 inter
1352 3660 1672 3726 Christum
1740 3665 1802 3725 et
1866 3660 2135 3725 uerbum
2203 3679 2340 3725 esse
2397 3660 2798 3724 distantiam?
2851 3683 2911 3724 sn

721 3869 777 3938 7]
816 3869 845 3922 1
880 3868 1071 3932 Ioh.4,
1100 3869 1179 3924 14.
1292 3868 1379 3938 11]
1416 3867 1622 3933 Lu0.2,
1651 3870 1731 3924 11.
1839 3867 1926 3936 21]
1965 3867 1994 3922 1
2027 3867 2220 3936 Ioh.4,
2248 3869 2312 3923 15
2350 3869 2405 3921 et
2442 3868 2526 3922 12.

596 4064 630 4116 4
674 4078 737 4114 ac
780 4061 824 4114 si
862 4061 938 4116 M
1068 4064 1101 4117 6
1147 4077 1207 4116 ex
1251 4065 1478 4132 utroque
1519 4063 1597 4116 M
1727 4064 1761 4117 9
1807 4060 2126 4114 connexione
2173 4061 2278 4129 ΜΡ
2418 4057 2694 4112 coniunxit
2735 4059 2812 4112 M

515 4151 574 4204 11
625 4149 771 4218 quia]
820 4149 961 4217 quod
998 4150 1075 4204 M
1209 4153 1272 4205 12
1319 4149 1408 4218 qui
1452 4151 1531 4204 est
1568 4167 1669 4204 om.
1708 4149 1807 4218 ΝΡ
1952 4149 2016 4202 15
2061 4149 2210 4216 petet
2243 4147 2327 4202 N¹
2471 4148 2538 4202 18
2575 4145 2803 4199 discreta

511 4237 676 4306 Npa:
723 4240 794 4306 cf.
841 4255 960 4308 cap.
1006 4241 1045 4291 8
1084 4239 1177 4306 fin.
1361 4239 1424 4292 19
1480 4235 1733 4305 quicquid
1781 4253 1826 4305 p
2001 4237 2067 4291 21
2124 4234 2362 4304 quisquis
2415 4234 2480 4288 N
2486 4235 2538 4289 ²1>
2592 4233 2684 4302 qui
2737 4233 2814 4287 M

513 4326 579 4380 25
627 4323 851 4378 uerbum
900 4324 984 4378 dei
1032 4342 1134 4380 om.
1182 4325 1256 4378 M
1398 4325 1465 4378 26
1519 4321 1753 4392 intelligi
1809 4323 1912 4391 ΜΡ
2055 4337 2245 4376 uerum
2299 4321 2374 4376 M
2505 4323 2574 4376 27
2627 4319 2804 4373 filium

514 4411 625 4465 eius
664 4411 747 4464 dei
778 4413 843 4480 10¹
