<?xml version="1.0" encoding="UTF-8"?>
<!DOCTYPE html PUBLIC "-//W3C//DTD XHTML 1.0 Transitional//EN"
    "http://www.w3.org/TR/xhtml1/DTD/xhtml1-transitional.dtd">
<html xmlns="http://www.w3.org/1999/xhtml" xml:lang="en" lang="en">
 <head>
  <title>
</title>
<meta http-equiv="Content-Type" content="text/html;charset=utf-8" />
  <meta name='ocr-system' content='tesseract 3.04.00' />
  <meta name='ocr-capabilities' content='ocr_page ocr_carea ocr_par ocr_line ocrx_word'/>
</head>
<body>
  <div class='ocr_page' id='page_1' title='image "./corpusscriptoru28wissgoog_0117.png"; bbox 0 0 3167 4975; ppageno 0'>
   <div class='ocr_carea' id='block_1_1' title="bbox 0 3944 4 4507">
    <p class='ocr_par' dir='ltr' id='par_1_1' title="bbox 0 3944 4 4507">
     <span class='ocr_line' id='line_1_1' title="bbox 0 3944 4 4507; baseline 0 0"><span class='ocrx_word' id='word_1_1' title='bbox 0 3944 4 4507; x_wconf 95' lang='lat' dir='ltr'><em> </em></span> 
     </span>
    </p>
   </div>
   <div class='ocr_carea' id='block_1_2' title="bbox 2423 472 2660 528">
    <p class='ocr_par' dir='ltr' id='par_1_2' title="bbox 2423 472 2660 528">
     <span class='ocr_line' id='line_1_2' title="bbox 2423 472 2660 528; baseline 0 0"><span class='ocrx_word' id='word_1_2' title='bbox 2423 472 2660 528; x_wconf 86' lang='lat' dir='ltr'>ov1111</span> 
     </span>
    </p>
   </div>
   <div class='ocr_carea' id='block_1_3' title="bbox 358 641 2664 4494">
    <p class='ocr_par' dir='ltr' id='par_1_3' title="bbox 358 641 2664 1566">
     <span class='ocr_line' id='line_1_3' title="bbox 364 641 2658 729; baseline -0.001 -25"><span class='ocrx_word' id='word_1_3' title='bbox 364 642 821 707; x_wconf 75' lang='lat' dir='ltr'><em>contemnenda.</em></span> <span class='ocrx_word' id='word_1_4' title='bbox 866 641 1082 729; x_wconf 69' lang='lat' dir='ltr'><em>yloria</em></span> <span class='ocrx_word' id='word_1_5' title='bbox 1134 641 1385 706; x_wconf 87' lang='lat' dir='ltr'><em>libellos</em></span> <span class='ocrx_word' id='word_1_6' title='bbox 1430 642 1857 727; x_wconf 83' lang='lat' dir='ltr'><em>scripserunt,</em></span> <span class='ocrx_word' id='word_1_7' title='bbox 1911 641 2172 704; x_wconf 87' lang='lat' dir='ltr'><em>minime</em></span> <span class='ocrx_word' id='word_1_8' title='bbox 2217 663 2508 726; x_wconf 76' lang='lat' dir='ltr'><em>umquam</em></span> <span class='ocrx_word' id='word_1_9' title='bbox 2565 661 2658 702; x_wconf 89' lang='lat' dir='ltr'><em>re-</em></span> 
     </span>
     <span class='ocr_line' id='line_1_4' title="bbox 370 744 2664 835; baseline -0.003 -24"><span class='ocrx_word' id='word_1_10' title='bbox 370 759 712 812; x_wconf 84' lang='lat' dir='ltr'><em>cusarunt.</em></span> <span class='ocrx_word' id='word_1_11' title='bbox 784 748 1010 810; x_wconf 86' lang='lat' dir='ltr'><em>Huius</em></span> <span class='ocrx_word' id='word_1_12' title='bbox 1056 747 1268 835; x_wconf 73' lang='lat' dir='ltr'><em>iyitur</em></span> <span class='ocrx_word' id='word_1_13' title='bbox 1312 747 1550 810; x_wconf 73' lang='lat' dir='ltr'><em>codic-is</em></span> <span class='ocrx_word' id='word_1_14' title='bbox 1611 745 1902 828; x_wconf 84' lang='lat' dir='ltr'><em>beneficio</em></span> <span class='ocrx_word' id='word_1_15' title='bbox 1949 746 2223 809; x_wconf 77' lang='lat' dir='ltr'><em>adiutus</em></span> <span class='ocrx_word' id='word_1_16' title='bbox 2278 744 2664 810; x_wconf 86' lang='lat' dir='ltr'><em>Cassianum</em></span> 
     </span>
     <span class='ocr_line' id='line_1_5' title="bbox 366 848 2662 936; baseline -0.001 -22"><span class='ocrx_word' id='word_1_17' title='bbox 366 875 609 916; x_wconf 82' lang='lat' dir='ltr'><em>rursu-s</em></span> <span class='ocrx_word' id='word_1_18' title='bbox 656 854 728 916; x_wconf 89' lang='lat' dir='ltr'><em>in</em></span> <span class='ocrx_word' id='word_1_19' title='bbox 776 851 977 916; x_wconf 87' lang='lat' dir='ltr'><em>lucem</em></span> <span class='ocrx_word' id='word_1_20' title='bbox 1023 853 1253 930; x_wconf 73' lang='lat' dir='ltr'><em>emitto,</em></span> <span class='ocrx_word' id='word_1_21' title='bbox 1300 851 1362 916; x_wconf 70' lang='grc' dir='ltr'><strong>ὥ</strong></span> <span class='ocrx_word' id='word_1_22' title='bbox 1407 851 1666 936; x_wconf 82' lang='lat' dir='ltr'><em>quidem</em></span> <span class='ocrx_word' id='word_1_23' title='bbox 1699 849 2206 936; x_wconf 77' lang='lat' dir='ltr'><em>locupletiorem:</em></span> <span class='ocrx_word' id='word_1_24' title='bbox 2251 873 2403 913; x_wconf 89' lang='lat' dir='ltr'><em>nam</em></span> <span class='ocrx_word' id='word_1_25' title='bbox 2451 848 2662 913; x_wconf 80' lang='lat' dir='ltr'><em>multa</em></span> 
     </span>
     <span class='ocr_line' id='line_1_6' title="bbox 366 954 2661 1046; baseline -0.002 -26"><span class='ocrx_word' id='word_1_26' title='bbox 366 958 553 1022; x_wconf 88' lang='lat' dir='ltr'><em>Petri</em></span> <span class='ocrx_word' id='word_1_27' title='bbox 621 955 917 1046; x_wconf 85' lang='lat' dir='ltr'><em>Ciaconij</em></span> <span class='ocrx_word' id='word_1_28' title='bbox 972 980 1174 1020; x_wconf 88' lang='lat' dir='ltr'><em>manu</em></span> <span class='ocrx_word' id='word_1_29' title='bbox 1237 957 1445 1020; x_wconf 89' lang='lat' dir='ltr'><em>denuo</em></span> <span class='ocrx_word' id='word_1_30' title='bbox 1508 955 1827 1019; x_wconf 78' lang='lat' dir='ltr'><em>adiuncta</em></span> <span class='ocrx_word' id='word_1_31' title='bbox 1888 957 2126 1041; x_wconf 85' lang='lat' dir='ltr'><em>reperi,</em></span> <span class='ocrx_word' id='word_1_32' title='bbox 2189 977 2354 1040; x_wconf 82' lang='lat' dir='ltr'><em>quae</em></span> <span class='ocrx_word' id='word_1_33' title='bbox 2415 954 2661 1019; x_wconf 86' lang='lat' dir='ltr'><em>librum</em></span> 
     </span>
     <span class='ocr_line' id='line_1_7' title="bbox 366 1059 2660 1148; baseline -0.001 -24"><span class='ocrx_word' id='word_1_34' title='bbox 366 1064 587 1148; x_wconf 82' lang='lat' dir='ltr'><em>ipsum</em></span> <span class='ocrx_word' id='word_1_35' title='bbox 632 1061 1065 1126; x_wconf 77' lang='lat' dir='ltr'><em>illustriorem</em></span> <span class='ocrx_word' id='word_1_36' title='bbox 1120 1061 1425 1138; x_wconf 80' lang='lat' dir='ltr'><em>reddunt,</em></span> <span class='ocrx_word' id='word_1_37' title='bbox 1486 1071 1550 1124; x_wconf 86' lang='lat' dir='ltr'><em>vt</em></span> <span class='ocrx_word' id='word_1_38' title='bbox 1597 1083 1674 1124; x_wconf 75' lang='lat' dir='ltr'><em>ex</em></span> <span class='ocrx_word' id='word_1_39' title='bbox 1717 1061 2054 1146; x_wconf 70' lang='lat' dir='ltr'><em>utriusque</em></span> <span class='ocrx_word' id='word_1_40' title='bbox 2114 1060 2420 1124; x_wconf 75' lang='lat' dir='ltr'><em>editionis</em></span> <span class='ocrx_word' id='word_1_41' title='bbox 2466 1059 2660 1122; x_wconf 86' lang='lat' dir='ltr'><em>colla-</em></span> 
     </span>
     <span class='ocr_line' id='line_1_8' title="bbox 370 1163 2660 1252; baseline -0.002 -22"><span class='ocrx_word' id='word_1_42' title='bbox 370 1168 539 1230; x_wconf 83' lang='lat' dir='ltr'><em>tione</em></span> <span class='ocrx_word' id='word_1_43' title='bbox 586 1165 804 1252; x_wconf 88' lang='lat' dir='ltr'><em>facile</em></span> <span class='ocrx_word' id='word_1_44' title='bbox 865 1167 1227 1252; x_wconf 75' lang='lat' dir='ltr'><em>comperies.</em></span> <span class='ocrx_word' id='word_1_45' title='bbox 1312 1164 1535 1238; x_wconf 80' lang='lat' dir='ltr'><em>Quare</em></span> <span class='ocrx_word' id='word_1_46' title='bbox 1599 1163 1938 1228; x_wconf 76' lang='lat' dir='ltr'><em>laboribus</em></span> <span class='ocrx_word' id='word_1_47' title='bbox 1999 1165 2166 1242; x_wconf 78' lang='lat' dir='ltr'><em>istis,</em></span> <span class='ocrx_word' id='word_1_48' title='bbox 2235 1163 2472 1250; x_wconf 65' lang='lat' dir='ltr'><em>&lt;litibus</em></span> <span class='ocrx_word' id='word_1_49' title='bbox 2532 1187 2660 1227; x_wconf 89' lang='lat' dir='ltr'><em>non</em></span> 
     </span>
     <span class='ocr_line' id='line_1_9' title="bbox 366 1267 2662 1334; baseline -0 -1"><span class='ocrx_word' id='word_1_50' title='bbox 366 1270 777 1334; x_wconf 77' lang='lat' dir='ltr'><em>mediocriter</em></span> <span class='ocrx_word' id='word_1_51' title='bbox 821 1269 912 1334; x_wconf 89' lang='lat' dir='ltr'><em>ad</em></span> <span class='ocrx_word' id='word_1_52' title='bbox 954 1271 1125 1334; x_wconf 87' lang='lat' dir='ltr'><em>vitae</em></span> <span class='ocrx_word' id='word_1_53' title='bbox 1172 1270 1487 1332; x_wconf 86' lang='lat' dir='ltr'><em>rationem</em></span> <span class='ocrx_word' id='word_1_54' title='bbox 1538 1269 1894 1333; x_wconf 87' lang='lat' dir='ltr'><em>secundum</em></span> <span class='ocrx_word' id='word_1_55' title='bbox 1939 1267 2146 1332; x_wconf 90' lang='lat' dir='ltr'><em>Deum</em></span> <span class='ocrx_word' id='word_1_56' title='bbox 2191 1267 2662 1332; x_wconf 80' lang='lat' dir='ltr'><em>instituendam</em></span> 
     </span>
     <span class='ocr_line' id='line_1_10' title="bbox 369 1371 2660 1461; baseline -0.001 -23"><span class='ocrx_word' id='word_1_57' title='bbox 369 1376 631 1439; x_wconf 88' lang='lat' dir='ltr'><em>animus</em></span> <span class='ocrx_word' id='word_1_58' title='bbox 677 1374 1108 1461; x_wconf 84' lang='lat' dir='ltr'><em>informatur,</em></span> <span class='ocrx_word' id='word_1_59' title='bbox 1170 1384 1358 1452; x_wconf 84' lang='lat' dir='ltr'><em>vtere,</em></span> <span class='ocrx_word' id='word_1_60' title='bbox 1391 1373 1657 1460; x_wconf 85' lang='lat' dir='ltr'><em>fruere,</em></span> <span class='ocrx_word' id='word_1_61' title='bbox 1720 1395 1796 1436; x_wconf 90' lang='lat' dir='ltr'><em>ac</em></span> <span class='ocrx_word' id='word_1_62' title='bbox 1844 1372 1992 1437; x_wconf 90' lang='lat' dir='ltr'><em>bene</em></span> <span class='ocrx_word' id='word_1_63' title='bbox 2045 1371 2229 1438; x_wconf 90' lang='lat' dir='ltr'><em>nobis</em></span> <span class='ocrx_word' id='word_1_64' title='bbox 2275 1373 2348 1436; x_wconf 89' lang='lat' dir='ltr'><em>in</em></span> <span class='ocrx_word' id='word_1_65' title='bbox 2401 1371 2660 1438; x_wconf 80' lang='lat' dir='ltr'><em>Christo</em></span> 
     </span>
     <span class='ocr_line' id='line_1_11' title="bbox 358 1479 893 1566; baseline 0.002 -24"><span class='ocrx_word' id='word_1_66' title='bbox 358 1503 657 1566; x_wconf 77' lang='lat' dir='ltr'><em>precare.</em></span> <span class='ocrx_word' id='word_1_67' title='bbox 717 1479 893 1544; x_wconf 87' lang='lat' dir='ltr'><em>Vale.</em></span> 
     </span>
    </p>

    <p class='ocr_par' dir='ltr' id='par_1_4' title="bbox 370 1581 2662 4494">
     <span class='ocr_line' id='line_1_12' title="bbox 458 1581 2661 1668; baseline -0 -18"><span class='ocrx_word' id='word_1_68' title='bbox 458 1585 751 1668; x_wconf 82' lang='lat' dir='ltr'><em>Sequitur</em></span> <span class='ocrx_word' id='word_1_69' title='bbox 806 1586 1005 1650; x_wconf 85' lang='lat' dir='ltr'><em>altera</em></span> <span class='ocrx_word' id='word_1_70' title='bbox 1050 1585 1321 1668; x_wconf 86' lang='lat' dir='ltr'><em>epistula</em></span> <span class='ocrx_word' id='word_1_71' title='bbox 1363 1581 1472 1646; x_wconf 85' lang='lat' dir='ltr'><em>Ad</em></span> <span class='ocrx_word' id='word_1_72' title='bbox 1516 1583 1857 1660; x_wconf 77' lang='lat' dir='ltr'><em>Lectorem,</em></span> <span class='ocrx_word' id='word_1_73' title='bbox 1918 1603 2077 1667; x_wconf 86' lang='lat' dir='ltr'><em>quae</em></span> <span class='ocrx_word' id='word_1_74' title='bbox 2124 1585 2251 1650; x_wconf 88' lang='lat' dir='ltr'><em>iam</em></span> <span class='ocrx_word' id='word_1_75' title='bbox 2297 1603 2422 1650; x_wconf 90' lang='lat' dir='ltr'><em>non</em></span> <span class='ocrx_word' id='word_1_76' title='bbox 2483 1589 2661 1668; x_wconf 83' lang='lat' dir='ltr'><em>typo-</em></span> 
     </span>
     <span class='ocr_line' id='line_1_13' title="bbox 370 1688 2661 1774; baseline -0.001 -20"><span class='ocrx_word' id='word_1_77' title='bbox 370 1691 614 1774; x_wconf 83' lang='lat' dir='ltr'><em>graphi,</em></span> <span class='ocrx_word' id='word_1_78' title='bbox 664 1691 773 1754; x_wconf 88' lang='lat' dir='ltr'><em>sed</em></span> <span class='ocrx_word' id='word_1_79' title='bbox 804 1691 1003 1773; x_wconf 89' lang='lat' dir='ltr'><em>ipsius</em></span> <span class='ocrx_word' id='word_1_80' title='bbox 1036 1689 1349 1754; x_wconf 88' lang='lat' dir='ltr'><em>Ciacconii</em></span> <span class='ocrx_word' id='word_1_81' title='bbox 1395 1693 1508 1754; x_wconf 87' lang='lat' dir='ltr'><em>est.</em></span> <span class='ocrx_word' id='word_1_82' title='bbox 1575 1690 1641 1753; x_wconf 91' lang='lat' dir='ltr'><em>in</em></span> <span class='ocrx_word' id='word_1_83' title='bbox 1675 1707 1748 1752; x_wconf 90' lang='lat' dir='ltr'><em>ea</em></span> <span class='ocrx_word' id='word_1_84' title='bbox 1779 1689 1852 1752; x_wconf 89' lang='lat' dir='ltr'><em>de</em></span> <span class='ocrx_word' id='word_1_85' title='bbox 1900 1688 2198 1754; x_wconf 90' lang='lat' dir='ltr'><em>subsidiis</em></span> <span class='ocrx_word' id='word_1_86' title='bbox 2229 1689 2460 1754; x_wconf 87' lang='lat' dir='ltr'><em>criticis</em></span> <span class='ocrx_word' id='word_1_87' title='bbox 2507 1689 2661 1753; x_wconf 88' lang='lat' dir='ltr'><em>haec</em></span> 
     </span>
     <span class='ocr_line' id='line_1_14' title="bbox 370 1791 2658 1878; baseline -0.002 -19"><span class='ocrx_word' id='word_1_88' title='bbox 370 1795 590 1860; x_wconf 82' lang='lat' dir='ltr'><em>refert:</em></span> <span class='ocrx_word' id='word_1_89' title='bbox 650 1793 971 1856; x_wconf 88' lang='lat' dir='ltr'><em>Vaticana</em></span> <span class='ocrx_word' id='word_1_90' title='bbox 1001 1803 1133 1856; x_wconf 85' lang='lat' dir='ltr'><em>octo</em></span> <span class='ocrx_word' id='word_1_91' title='bbox 1166 1792 1349 1856; x_wconf 87' lang='lat' dir='ltr'><em>nobis</em></span> <span class='ocrx_word' id='word_1_92' title='bbox 1381 1792 1816 1877; x_wconf 83' lang='lat' dir='ltr'><em>(exemplaria)</em></span> <span class='ocrx_word' id='word_1_93' title='bbox 1850 1792 2312 1878; x_wconf 81' lang='lat' dir='ltr'><em>antiquissima</em></span> <span class='ocrx_word' id='word_1_94' title='bbox 2343 1791 2658 1869; x_wconf 78' lang='lat' dir='ltr'><em>eaelzibuit,</em></span> 
     </span>
     <span class='ocr_line' id='line_1_15' title="bbox 370 1895 2662 1983; baseline -0.001 -21"><span class='ocrx_word' id='word_1_95' title='bbox 370 1897 433 1962; x_wconf 69' lang='lat' dir='ltr'><em>cf:</em></span> <span class='ocrx_word' id='word_1_96' title='bbox 466 1920 541 1961; x_wconf 72' lang='lat' dir='ltr'><em>em</em></span> <span class='ocrx_word' id='word_1_97' title='bbox 572 1899 674 1962; x_wconf 80' lang='lat' dir='ltr'><em>his</em></span> <span class='ocrx_word' id='word_1_98' title='bbox 708 1897 1027 1983; x_wconf 81' lang='lat' dir='ltr'><em>quaedam</em></span> <span class='ocrx_word' id='word_1_99' title='bbox 1058 1897 1567 1962; x_wconf 86' lang='lat' dir='ltr'><em>emendatissime</em></span> <span class='ocrx_word' id='word_1_100' title='bbox 1599 1898 1871 1982; x_wconf 79' lang='lat' dir='ltr'><em>scripta,</em></span> <span class='ocrx_word' id='word_1_101' title='bbox 1903 1918 1982 1960; x_wconf 76' lang='lat' dir='ltr'><em>ex</em></span> <span class='ocrx_word' id='word_1_102' title='bbox 2012 1919 2288 1982; x_wconf 78' lang='lat' dir='ltr'><em>quorum</em></span> <span class='ocrx_word' id='word_1_103' title='bbox 2315 1895 2662 1960; x_wconf 87' lang='lat' dir='ltr'><em>collatione</em></span> 
     </span>
     <span class='ocr_line' id='line_1_16' title="bbox 372 2000 2660 2066; baseline -0 -1"><span class='ocrx_word' id='word_1_104' title='bbox 372 2002 895 2066; x_wconf 80' lang='lat' dir='ltr'><em>innumerabilia</em></span> <span class='ocrx_word' id='word_1_105' title='bbox 959 2001 1097 2065; x_wconf 90' lang='lat' dir='ltr'><em>loca</em></span> <span class='ocrx_word' id='word_1_106' title='bbox 1150 2012 1303 2066; x_wconf 88' lang='lat' dir='ltr'><em>sunt</em></span> <span class='ocrx_word' id='word_1_107' title='bbox 1364 2002 1436 2064; x_wconf 90' lang='lat' dir='ltr'><em>in</em></span> <span class='ocrx_word' id='word_1_108' title='bbox 1494 2003 1612 2064; x_wconf 77' lang='lat' dir='ltr'><em>hac</em></span> <span class='ocrx_word' id='word_1_109' title='bbox 1673 2000 1955 2065; x_wconf 84' lang='lat' dir='ltr'><em>editione</em></span> <span class='ocrx_word' id='word_1_110' title='bbox 2015 2002 2356 2065; x_wconf 82' lang='lat' dir='ltr'><em>restituta:</em></span> <span class='ocrx_word' id='word_1_111' title='bbox 2413 2001 2526 2064; x_wconf 88' lang='lat' dir='ltr'><em>sed</em></span> <span class='ocrx_word' id='word_1_112' title='bbox 2585 2024 2660 2064; x_wconf 89' lang='lat' dir='ltr'><em>ea</em></span> 
     </span>
     <span class='ocr_line' id='line_1_17' title="bbox 372 2105 2660 2193; baseline -0.001 -23"><span class='ocrx_word' id='word_1_113' title='bbox 372 2107 689 2171; x_wconf 87' lang='lat' dir='ltr'><em>adnotare</em></span> <span class='ocrx_word' id='word_1_114' title='bbox 718 2106 1019 2193; x_wconf 85' lang='lat' dir='ltr'><em>nonfuit</em></span> <span class='ocrx_word' id='word_1_115' title='bbox 1050 2106 1415 2184; x_wconf 85' lang='lat' dir='ltr'><em>consilium,</em></span> <span class='ocrx_word' id='word_1_116' title='bbox 1462 2106 1544 2170; x_wconf 90' lang='lat' dir='ltr'><em>in</em></span> <span class='ocrx_word' id='word_1_117' title='bbox 1592 2107 2030 2170; x_wconf 87' lang='lat' dir='ltr'><em>immensum</em></span> <span class='ocrx_word' id='word_1_118' title='bbox 2075 2106 2271 2170; x_wconf 87' lang='lat' dir='ltr'><em>enim</em></span> <span class='ocrx_word' id='word_1_119' title='bbox 2315 2105 2660 2170; x_wconf 86' lang='lat' dir='ltr'><em>volumen</em></span> 
     </span>
     <span class='ocr_line' id='line_1_18' title="bbox 373 2209 2661 2287; baseline -0.002 -11"><span class='ocrx_word' id='word_1_120' title='bbox 373 2222 864 2276; x_wconf 78' lang='lat' dir='ltr'><em>excresceret.</em></span> <span class='ocrx_word' id='word_1_121' title='bbox 920 2211 1083 2274; x_wconf 86' lang='lat' dir='ltr'><em>satis</em></span> <span class='ocrx_word' id='word_1_122' title='bbox 1114 2211 1203 2274; x_wconf 85' lang='lat' dir='ltr'><em>sit</em></span> <span class='ocrx_word' id='word_1_123' title='bbox 1235 2211 1347 2274; x_wconf 83' lang='lat' dir='ltr'><em>hoc</em></span> <span class='ocrx_word' id='word_1_124' title='bbox 1380 2209 1511 2273; x_wconf 89' lang='lat' dir='ltr'><em>loco</em></span> <span class='ocrx_word' id='word_1_125' title='bbox 1536 2211 1874 2287; x_wconf 85' lang='lat' dir='ltr'><em>monuisse,</em></span> <span class='ocrx_word' id='word_1_126' title='bbox 1911 2209 2239 2274; x_wconf 86' lang='lat' dir='ltr'><em>lectionem</em></span> <span class='ocrx_word' id='word_1_127' title='bbox 2267 2220 2661 2274; x_wconf 82' lang='lat' dir='ltr'><em>vetustorum</em></span> 
     </span>
     <span class='ocr_line' id='line_1_19' title="bbox 372 2313 2662 2401; baseline 0 -22"><span class='ocrx_word' id='word_1_128' title='bbox 372 2316 667 2380; x_wconf 87' lang='lat' dir='ltr'><em>codicum</em></span> <span class='ocrx_word' id='word_1_129' title='bbox 713 2326 895 2380; x_wconf 85' lang='lat' dir='ltr'><em>tanta</em></span> <span class='ocrx_word' id='word_1_130' title='bbox 944 2319 983 2378; x_wconf 80' lang='grc' dir='ltr'><em>ὰ</em></span> <span class='ocrx_word' id='word_1_131' title='bbox 1012 2315 1197 2379; x_wconf 87' lang='lat' dir='ltr'><em>nobis</em></span> <span class='ocrx_word' id='word_1_132' title='bbox 1229 2314 1455 2400; x_wconf 84' lang='lat' dir='ltr'><em>fuisse</em></span> <span class='ocrx_word' id='word_1_133' title='bbox 1495 2313 1812 2401; x_wconf 71' lang='lat' dir='ltr'><em>reliqione</em></span> <span class='ocrx_word' id='word_1_134' title='bbox 1855 2324 2322 2394; x_wconf 84' lang='lat' dir='ltr'><em>conseruatam,</em></span> <span class='ocrx_word' id='word_1_135' title='bbox 2367 2325 2434 2378; x_wconf 85' lang='lat' dir='ltr'><em>vt</em></span> <span class='ocrx_word' id='word_1_136' title='bbox 2462 2337 2662 2400; x_wconf 79' lang='lat' dir='ltr'><em>neque</em></span> 
     </span>
     <span class='ocr_line' id='line_1_20' title="bbox 375 2418 2659 2507; baseline 0 -23"><span class='ocrx_word' id='word_1_137' title='bbox 375 2443 597 2484; x_wconf 87' lang='lat' dir='ltr'><em>eorum</em></span> <span class='ocrx_word' id='word_1_138' title='bbox 626 2421 1018 2499; x_wconf 80' lang='lat' dir='ltr'><em>varietatem,</em></span> <span class='ocrx_word' id='word_1_139' title='bbox 1058 2421 1119 2484; x_wconf 85' lang='lat' dir='ltr'><em>si</em></span> <span class='ocrx_word' id='word_1_140' title='bbox 1150 2420 1409 2506; x_wconf 75' lang='lat' dir='ltr'><em>quando</em></span> <span class='ocrx_word' id='word_1_141' title='bbox 1451 2418 1798 2498; x_wconf 86' lang='lat' dir='ltr'><em>inciderat,</em></span> <span class='ocrx_word' id='word_1_142' title='bbox 1845 2419 2335 2507; x_wconf 66' lang='lat' dir='ltr'><em>neglexerimus.</em></span> <span class='ocrx_word' id='word_1_143' title='bbox 2385 2421 2492 2503; x_wconf 88' lang='lat' dir='ltr'><em>qui</em></span> <span class='ocrx_word' id='word_1_144' title='bbox 2524 2420 2659 2485; x_wconf 80' lang='lat' dir='ltr'><em>fue-</em></span> 
     </span>
     <span class='ocr_line' id='line_1_21' title="bbox 371 2526 2658 2609; baseline -0 -17"><span class='ocrx_word' id='word_1_145' title='bbox 371 2528 503 2592; x_wconf 84' lang='lat' dir='ltr'><em>rint</em></span> <span class='ocrx_word' id='word_1_146' title='bbox 532 2528 625 2592; x_wconf 89' lang='lat' dir='ltr'><em>illi</em></span> <span class='ocrx_word' id='word_1_147' title='bbox 658 2532 796 2593; x_wconf 89' lang='lat' dir='ltr'><em>octo</em></span> <span class='ocrx_word' id='word_1_148' title='bbox 828 2527 974 2591; x_wconf 88' lang='lat' dir='ltr'><em>libri</em></span> <span class='ocrx_word' id='word_1_149' title='bbox 1004 2526 1158 2592; x_wconf 85' lang='lat' dir='ltr'><em>bibl.</em></span> <span class='ocrx_word' id='word_1_150' title='bbox 1202 2527 1565 2607; x_wconf 83' lang='lat' dir='ltr'><em>Uaticanae,</em></span> <span class='ocrx_word' id='word_1_151' title='bbox 1598 2526 1783 2591; x_wconf 89' lang='lat' dir='ltr'><em>hodie</em></span> <span class='ocrx_word' id='word_1_152' title='bbox 1817 2544 1939 2591; x_wconf 90' lang='lat' dir='ltr'><em>non</em></span> <span class='ocrx_word' id='word_1_153' title='bbox 1971 2527 2190 2609; x_wconf 88' lang='lat' dir='ltr'><em>liquet.</em></span> <span class='ocrx_word' id='word_1_154' title='bbox 2238 2544 2458 2591; x_wconf 87' lang='lat' dir='ltr'><em>reuera</em></span> <span class='ocrx_word' id='word_1_155' title='bbox 2489 2527 2658 2591; x_wconf 90' lang='lat' dir='ltr'><em>enim</em></span> 
     </span>
     <span class='ocr_line' id='line_1_22' title="bbox 375 2629 2661 2715; baseline -0.002 -18"><span class='ocrx_word' id='word_1_156' title='bbox 375 2650 543 2697; x_wconf 89' lang='lat' dir='ltr'><em>nunc</em></span> <span class='ocrx_word' id='word_1_157' title='bbox 590 2633 656 2697; x_wconf 89' lang='lat' dir='ltr'><em>in</em></span> <span class='ocrx_word' id='word_1_158' title='bbox 686 2632 999 2697; x_wconf 89' lang='lat' dir='ltr'><em>Uaticana</em></span> <span class='ocrx_word' id='word_1_159' title='bbox 1048 2631 1153 2696; x_wconf 86' lang='lat' dir='ltr'><em>alii</em></span> <span class='ocrx_word' id='word_1_160' title='bbox 1200 2630 1345 2695; x_wconf 84' lang='lat' dir='ltr'><em>libri</em></span> <span class='ocrx_word' id='word_1_161' title='bbox 1393 2632 1818 2713; x_wconf 80' lang='lat' dir='ltr'><em>antiquissimi</em></span> <span class='ocrx_word' id='word_1_162' title='bbox 1859 2648 1984 2695; x_wconf 91' lang='lat' dir='ltr'><em>non</em></span> <span class='ocrx_word' id='word_1_163' title='bbox 2024 2635 2240 2695; x_wconf 81' lang='lat' dir='ltr'><em>extant</em></span> <span class='ocrx_word' id='word_1_164' title='bbox 2286 2635 2533 2715; x_wconf 84' lang='lat' dir='ltr'><em>praeter</em></span> <span class='ocrx_word' id='word_1_165' title='bbox 2591 2629 2661 2711; x_wconf 86' lang='lat' dir='ltr'><em>V,</em></span> 
     </span>
     <span class='ocr_line' id='line_1_23' title="bbox 376 2736 2662 2819; baseline -0.001 -18"><span class='ocrx_word' id='word_1_166' title='bbox 376 2756 563 2819; x_wconf 88' lang='lat' dir='ltr'><em>quem</em></span> <span class='ocrx_word' id='word_1_167' title='bbox 597 2738 721 2801; x_wconf 90' lang='lat' dir='ltr'><em>iam</em></span> <span class='ocrx_word' id='word_1_168' title='bbox 756 2736 1068 2802; x_wconf 74' lang='lat' dir='ltr'><em>ciacconii</em></span> <span class='ocrx_word' id='word_1_169' title='bbox 1101 2741 1305 2801; x_wconf 85' lang='lat' dir='ltr'><em>aetate</em></span> <span class='ocrx_word' id='word_1_170' title='bbox 1338 2736 1574 2801; x_wconf 87' lang='lat' dir='ltr'><em>Romae</em></span> <span class='ocrx_word' id='word_1_171' title='bbox 1610 2737 1804 2801; x_wconf 85' lang='lat' dir='ltr'><em>fuisse</em></span> <span class='ocrx_word' id='word_1_172' title='bbox 1837 2736 1940 2800; x_wconf 83' lang='lat' dir='ltr'><em>uix</em></span> <span class='ocrx_word' id='word_1_173' title='bbox 1971 2736 2252 2800; x_wconf 88' lang='lat' dir='ltr'><em>credam:</em></span> <span class='ocrx_word' id='word_1_174' title='bbox 2301 2741 2468 2801; x_wconf 84' lang='lat' dir='ltr'><em>certe</em></span> <span class='ocrx_word' id='word_1_175' title='bbox 2515 2754 2662 2799; x_wconf 90' lang='lat' dir='ltr'><em>eum</em></span> 
     </span>
     <span class='ocr_line' id='line_1_24' title="bbox 378 2839 2661 2924; baseline -0.001 -18"><span class='ocrx_word' id='word_1_176' title='bbox 378 2859 417 2905; x_wconf 89' lang='lat' dir='ltr'><em>a</em></span> <span class='ocrx_word' id='word_1_177' title='bbox 446 2840 771 2907; x_wconf 84' lang='lat' dir='ltr'><em>Ciacconio</em></span> <span class='ocrx_word' id='word_1_178' title='bbox 803 2842 1157 2924; x_wconf 89' lang='lat' dir='ltr'><em>inspectum</em></span> <span class='ocrx_word' id='word_1_179' title='bbox 1191 2860 1327 2905; x_wconf 87' lang='lat' dir='ltr'><em>esse</em></span> <span class='ocrx_word' id='word_1_180' title='bbox 1362 2858 1499 2904; x_wconf 86' lang='lat' dir='ltr'><em>meo</em></span> <span class='ocrx_word' id='word_1_181' title='bbox 1542 2842 1674 2904; x_wconf 88' lang='lat' dir='ltr'><em>iure</em></span> <span class='ocrx_word' id='word_1_182' title='bbox 1723 2857 1900 2924; x_wconf 86' lang='lat' dir='ltr'><em>nego.</em></span> <span class='ocrx_word' id='word_1_183' title='bbox 1960 2839 2021 2901; x_wconf 92' lang='lat' dir='ltr'><em>P</em></span> <span class='ocrx_word' id='word_1_184' title='bbox 2059 2844 2270 2905; x_wconf 85' lang='lat' dir='ltr'><em>autem</em></span> <span class='ocrx_word' id='word_1_185' title='bbox 2305 2844 2454 2904; x_wconf 89' lang='lat' dir='ltr'><em>tunc</em></span> <span class='ocrx_word' id='word_1_186' title='bbox 2502 2843 2661 2903; x_wconf 87' lang='lat' dir='ltr'><em>tem-</em></span> 
     </span>
     <span class='ocr_line' id='line_1_25' title="bbox 374 2944 2662 3030; baseline -0.002 -19"><span class='ocrx_word' id='word_1_187' title='bbox 374 2947 543 3030; x_wconf 89' lang='lat' dir='ltr'><em>poris</em></span> <span class='ocrx_word' id='word_1_188' title='bbox 574 2946 1031 3029; x_wconf 86' lang='lat' dir='ltr'><em>Heidelbergae</em></span> <span class='ocrx_word' id='word_1_189' title='bbox 1078 2946 1217 3025; x_wconf 83' lang='lat' dir='ltr'><em>fuit,</em></span> <span class='ocrx_word' id='word_1_190' title='bbox 1265 2944 1640 3028; x_wconf 88' lang='lat' dir='ltr'><em>Reginensis</em></span> <span class='ocrx_word' id='word_1_191' title='bbox 1674 2944 1754 3019; x_wconf 82' lang='lat' dir='ltr'><em>R,</em></span> <span class='ocrx_word' id='word_1_192' title='bbox 1802 2946 1909 3027; x_wconf 90' lang='lat' dir='ltr'><em>qui</em></span> <span class='ocrx_word' id='word_1_193' title='bbox 1943 2949 2155 3009; x_wconf 88' lang='lat' dir='ltr'><em>tamen</em></span> <span class='ocrx_word' id='word_1_194' title='bbox 2188 2944 2378 3009; x_wconf 88' lang='lat' dir='ltr'><em>breue</em></span> <span class='ocrx_word' id='word_1_195' title='bbox 2412 2948 2662 3008; x_wconf 86' lang='lat' dir='ltr'><em>tantum</em></span> 
     </span>
     <span class='ocr_line' id='line_1_26' title="bbox 374 3048 2662 3135; baseline -0 -22"><span class='ocrx_word' id='word_1_196' title='bbox 374 3051 801 3135; x_wconf 81' lang='lat' dir='ltr'><em>fragmentum</em></span> <span class='ocrx_word' id='word_1_197' title='bbox 833 3051 1133 3131; x_wconf 81' lang='lat' dir='ltr'><em>continet,</em></span> <span class='ocrx_word' id='word_1_198' title='bbox 1182 3050 1390 3114; x_wconf 86' lang='lat' dir='ltr'><em>nescio</em></span> <span class='ocrx_word' id='word_1_199' title='bbox 1437 3048 1564 3113; x_wconf 90' lang='lat' dir='ltr'><em>ubi.</em></span> <span class='ocrx_word' id='word_1_200' title='bbox 1633 3049 1844 3130; x_wconf 89' lang='lat' dir='ltr'><em>itaque</em></span> <span class='ocrx_word' id='word_1_201' title='bbox 1890 3066 2000 3132; x_wconf 88' lang='lat' dir='ltr'><em>pro</em></span> <span class='ocrx_word' id='word_1_202' title='bbox 2034 3053 2202 3113; x_wconf 85' lang='lat' dir='ltr'><em>certo</em></span> <span class='ocrx_word' id='word_1_203' title='bbox 2249 3048 2450 3113; x_wconf 86' lang='lat' dir='ltr'><em>habeo</em></span> <span class='ocrx_word' id='word_1_204' title='bbox 2485 3048 2662 3113; x_wconf 67' lang='grc'><strong>(11110-</strong></span> 
     </span>
     <span class='ocr_line' id='line_1_27' title="bbox 376 3152 2661 3237; baseline -0.001 -18"><span class='ocrx_word' id='word_1_205' title='bbox 376 3156 538 3220; x_wconf 84' lang='grc'><strong>001111</strong></span> <span class='ocrx_word' id='word_1_206' title='bbox 598 3156 793 3219; x_wconf 91' lang='lat' dir='ltr'><em>libros</em></span> <span class='ocrx_word' id='word_1_207' title='bbox 861 3172 1053 3219; x_wconf 88' lang='lat' dir='ltr'><em>manu</em></span> <span class='ocrx_word' id='word_1_208' title='bbox 1122 3154 1385 3237; x_wconf 88' lang='lat' dir='ltr'><em>scriptos</em></span> <span class='ocrx_word' id='word_1_209' title='bbox 1456 3152 1928 3234; x_wconf 87' lang='lat' dir='ltr'><em>antiquissimos</em></span> <span class='ocrx_word' id='word_1_210' title='bbox 1995 3172 2216 3217; x_wconf 88' lang='lat' dir='ltr'><em>reuera</em></span> <span class='ocrx_word' id='word_1_211' title='bbox 2284 3153 2661 3218; x_wconf 83' lang='lat' dir='ltr'><em>recentiores</em></span> 
     </span>
     <span class='ocr_line' id='line_1_28' title="bbox 375 3258 2661 3342; baseline -0.001 -19"><span class='ocrx_word' id='word_1_212' title='bbox 375 3260 590 3340; x_wconf 84' lang='lat' dir='ltr'><em>fuisse,</em></span> <span class='ocrx_word' id='word_1_213' title='bbox 646 3260 811 3342; x_wconf 90' lang='lat' dir='ltr'><em>quod</em></span> <span class='ocrx_word' id='word_1_214' title='bbox 858 3260 1049 3323; x_wconf 83' lang='lat' dir='ltr'><em>ctiam</em></span> <span class='ocrx_word' id='word_1_215' title='bbox 1080 3262 1255 3323; x_wconf 83' lang='lat' dir='ltr'><em>textu</em></span> <span class='ocrx_word' id='word_1_216' title='bbox 1302 3258 1435 3322; x_wconf 87' lang='lat' dir='ltr'><em>eius</em></span> <span class='ocrx_word' id='word_1_217' title='bbox 1468 3258 1890 3322; x_wconf 83' lang='lat' dir='ltr'><em>confirmatur.</em></span> <span class='ocrx_word' id='word_1_218' title='bbox 1954 3275 2336 3340; x_wconf 85' lang='lat' dir='ltr'><em>quamquam</em></span> <span class='ocrx_word' id='word_1_219' title='bbox 2371 3259 2560 3339; x_wconf 89' lang='lat' dir='ltr'><em>enim,</em></span> <span class='ocrx_word' id='word_1_220' title='bbox 2609 3258 2661 3321; x_wconf 89' lang='lat' dir='ltr'><em>si</em></span> 
     </span>
     <span class='ocr_line' id='line_1_29' title="bbox 375 3361 2660 3447; baseline -0.001 -18"><span class='ocrx_word' id='word_1_221' title='bbox 375 3364 815 3429; x_wconf 86' lang='lat' dir='ltr'><em>Conlationum</em></span> <span class='ocrx_word' id='word_1_222' title='bbox 877 3366 1118 3447; x_wconf 82' lang='lat' dir='ltr'><em>partem</em></span> <span class='ocrx_word' id='word_1_223' title='bbox 1180 3363 1449 3447; x_wconf 86' lang='lat' dir='ltr'><em>primam</em></span> <span class='ocrx_word' id='word_1_224' title='bbox 1506 3362 1796 3444; x_wconf 82' lang='lat' dir='ltr'><em>excipias,</em></span> <span class='ocrx_word' id='word_1_225' title='bbox 1863 3361 2056 3426; x_wconf 89' lang='lat' dir='ltr'><em>uerba</em></span> <span class='ocrx_word' id='word_1_226' title='bbox 2113 3362 2396 3427; x_wconf 86' lang='lat' dir='ltr'><em>Cassiani</em></span> <span class='ocrx_word' id='word_1_227' title='bbox 2461 3362 2660 3427; x_wconf 90' lang='lat' dir='ltr'><em>multo</em></span> 
     </span>
     <span class='ocr_line' id='line_1_30' title="bbox 376 3466 2659 3550; baseline -0.001 -17"><span class='ocrx_word' id='word_1_228' title='bbox 376 3470 764 3533; x_wconf 82' lang='lat' dir='ltr'><em>emendatius</em></span> <span class='ocrx_word' id='word_1_229' title='bbox 790 3468 1067 3533; x_wconf 87' lang='lat' dir='ltr'><em>restituit</em></span> <span class='ocrx_word' id='word_1_230' title='bbox 1098 3486 1287 3549; x_wconf 86' lang='lat' dir='ltr'><em>quam</em></span> <span class='ocrx_word' id='word_1_231' title='bbox 1315 3466 1647 3549; x_wconf 80' lang='lat' dir='ltr'><em>CuyckiuS,</em></span> <span class='ocrx_word' id='word_1_232' title='bbox 1681 3469 1894 3531; x_wconf 84' lang='lat' dir='ltr'><em>tamen</em></span> <span class='ocrx_word' id='word_1_233' title='bbox 1927 3468 2006 3529; x_wconf 88' lang='lat' dir='ltr'><em>ad</em></span> <span class='ocrx_word' id='word_1_234' title='bbox 2039 3485 2178 3529; x_wconf 85' lang='lat' dir='ltr'><em>eam</em></span> <span class='ocrx_word' id='word_1_235' title='bbox 2210 3466 2659 3550; x_wconf 82' lang='lat' dir='ltr'><em>integritatem,</em></span> 
     </span>
     <span class='ocr_line' id='line_1_31' title="bbox 374 3570 2659 3656; baseline -0.001 -19"><span class='ocrx_word' id='word_1_236' title='bbox 374 3592 563 3656; x_wconf 88' lang='lat' dir='ltr'><em>quam</em></span> <span class='ocrx_word' id='word_1_237' title='bbox 612 3591 722 3638; x_wconf 92' lang='grc'><strong>1103</strong></span> <span class='ocrx_word' id='word_1_238' title='bbox 754 3572 933 3637; x_wconf 85' lang='lat' dir='ltr'><em>libris</em></span> <span class='ocrx_word' id='word_1_239' title='bbox 965 3573 1149 3656; x_wconf 80' lang='lat' dir='ltr'><em>longe</em></span> <span class='ocrx_word' id='word_1_240' title='bbox 1183 3570 1546 3637; x_wconf 87' lang='lat' dir='ltr'><em>melioribus</em></span> <span class='ocrx_word' id='word_1_241' title='bbox 1595 3571 1915 3635; x_wconf 84' lang='lat' dir='ltr'><em>consecuti</em></span> <span class='ocrx_word' id='word_1_242' title='bbox 1947 3588 2186 3650; x_wconf 86' lang='grc'><strong>311111113,</strong></span> <span class='ocrx_word' id='word_1_243' title='bbox 2235 3590 2310 3635; x_wconf 87' lang='grc'><em>110</em></span> <span class='ocrx_word' id='word_1_244' title='bbox 2344 3570 2659 3653; x_wconf 87' lang='lat' dir='ltr'><em>adspirare</em></span> 
     </span>
     <span class='ocr_line' id='line_1_32' title="bbox 375 3674 2661 3767; baseline -0 -27"><span class='ocrx_word' id='word_1_245' title='bbox 375 3678 626 3760; x_wconf 83' lang='lat' dir='ltr'><em>quidem</em></span> <span class='ocrx_word' id='word_1_246' title='bbox 672 3678 895 3760; x_wconf 87' lang='lat' dir='ltr'><em>potuit.</em></span> <span class='ocrx_word' id='word_1_247' title='bbox 946 3694 1094 3741; x_wconf 88' lang='lat' dir='ltr'><em>nam</em></span> <span class='ocrx_word' id='word_1_248' title='bbox 1142 3694 1284 3740; x_wconf 90' lang='lat' dir='ltr'><em>cum</em></span> <span class='ocrx_word' id='word_1_249' title='bbox 1333 3674 1650 3739; x_wconf 83' lang='lat' dir='ltr'><em>codicibus</em></span> <span class='ocrx_word' id='word_1_250' title='bbox 1699 3674 1776 3739; x_wconf 89' lang='lat' dir='ltr'><em>ad</em></span> <span class='ocrx_word' id='word_1_251' title='bbox 1822 3674 2104 3739; x_wconf 86' lang='lat' dir='ltr'><em>diuersas</em></span> <span class='ocrx_word' id='word_1_252' title='bbox 2149 3675 2423 3767; x_wconf 76' lang='lat' dir='ltr'><em>familias</em></span> <span class='ocrx_word' id='word_1_253' title='bbox 2470 3676 2661 3757; x_wconf 86' lang='lat' dir='ltr'><em>perti-</em></span> 
     </span>
     <span class='ocr_line' id='line_1_33' title="bbox 374 3779 2660 3863; baseline -0.002 -17"><span class='ocrx_word' id='word_1_254' title='bbox 374 3782 668 3848; x_wconf 89' lang='lat' dir='ltr'><em>nentibus</em></span> <span class='ocrx_word' id='word_1_255' title='bbox 702 3785 1000 3862; x_wconf 86' lang='lat' dir='ltr'><em>uteretur,</em></span> <span class='ocrx_word' id='word_1_256' title='bbox 1050 3799 1174 3846; x_wconf 91' lang='grc'><strong>11011</strong></span> <span class='ocrx_word' id='word_1_257' title='bbox 1207 3780 1437 3863; x_wconf 80' lang='lat' dir='ltr'><em>ubique</em></span> <span class='ocrx_word' id='word_1_258' title='bbox 1478 3780 1754 3844; x_wconf 87' lang='lat' dir='ltr'><em>sinceros</em></span> <span class='ocrx_word' id='word_1_259' title='bbox 1788 3779 1864 3843; x_wconf 91' lang='lat' dir='ltr'><em>ab</em></span> <span class='ocrx_word' id='word_1_260' title='bbox 1897 3779 2292 3861; x_wconf 85' lang='lat' dir='ltr'><em>interpolatis</em></span> <span class='ocrx_word' id='word_1_261' title='bbox 2341 3798 2660 3843; x_wconf 87' lang='lat' dir='ltr'><em>secernere</em></span> 
     </span>
     <span class='ocr_line' id='line_1_34' title="bbox 374 3884 2660 3971; baseline -0.001 -21"><span class='ocrx_word' id='word_1_262' title='bbox 374 3888 431 3950; x_wconf 86' lang='lat' dir='ltr'><em>ei</em></span> <span class='ocrx_word' id='word_1_263' title='bbox 490 3887 773 3971; x_wconf 88' lang='lat' dir='ltr'><em>contigit.</em></span> <span class='ocrx_word' id='word_1_264' title='bbox 836 3887 927 3951; x_wconf 89' lang='lat' dir='ltr'><em>ita</em></span> <span class='ocrx_word' id='word_1_265' title='bbox 988 3886 1225 3951; x_wconf 86' lang='lat' dir='ltr'><em>factum</em></span> <span class='ocrx_word' id='word_1_266' title='bbox 1288 3888 1406 3966; x_wconf 86' lang='lat' dir='ltr'><em>est,</em></span> <span class='ocrx_word' id='word_1_267' title='bbox 1472 3889 1545 3949; x_wconf 89' lang='grc'><em>111</em></span> <span class='ocrx_word' id='word_1_268' title='bbox 1607 3885 1672 3948; x_wconf 89' lang='grc'><em>111</em></span> <span class='ocrx_word' id='word_1_269' title='bbox 1731 3885 1936 3968; x_wconf 87' lang='lat' dir='ltr'><em>prima</em></span> <span class='ocrx_word' id='word_1_270' title='bbox 1982 3884 2422 3949; x_wconf 85' lang='lat' dir='ltr'><em>Conlationum</em></span> <span class='ocrx_word' id='word_1_271' title='bbox 2482 3888 2660 3967; x_wconf 86' lang='lat' dir='ltr'><em>parte</em></span> 
     </span>
     <span class='ocr_line' id='line_1_35' title="bbox 374 3988 2658 4075; baseline -0.001 -20"><span class='ocrx_word' id='word_1_272' title='bbox 374 4010 559 4075; x_wconf 86' lang='lat' dir='ltr'><em>saepe</em></span> <span class='ocrx_word' id='word_1_273' title='bbox 618 3992 786 4056; x_wconf 91' lang='lat' dir='ltr'><em>locos</em></span> <span class='ocrx_word' id='word_1_274' title='bbox 849 3991 1259 4075; x_wconf 86' lang='lat' dir='ltr'><em>interpolatos</em></span> <span class='ocrx_word' id='word_1_275' title='bbox 1321 4010 1353 4053; x_wconf 87' lang='lat' dir='ltr'><em>e</em></span> <span class='ocrx_word' id='word_1_276' title='bbox 1416 3988 1734 4053; x_wconf 87' lang='lat' dir='ltr'><em>codicibus</em></span> <span class='ocrx_word' id='word_1_277' title='bbox 1798 3988 2076 4053; x_wconf 84' lang='lat' dir='ltr'><em>eiusdem</em></span> <span class='ocrx_word' id='word_1_278' title='bbox 2143 3988 2417 4053; x_wconf 86' lang='lat' dir='ltr'><em>familiae</em></span> <span class='ocrx_word' id='word_1_279' title='bbox 2480 3988 2658 4053; x_wconf 90' lang='lat' dir='ltr'><em>cuius</em></span> 
     </span>
     <span class='ocr_line' id='line_1_36' title="bbox 374 4092 2661 4179; baseline -0.001 -19"><span class='ocrx_word' id='word_1_280' title='bbox 374 4100 523 4161; x_wconf 89' lang='lat' dir='ltr'><em>sunt</em></span> <span class='ocrx_word' id='word_1_281' title='bbox 567 4094 691 4157; x_wconf 86' lang='lat' dir='ltr'><em>PX</em></span> <span class='ocrx_word' id='word_1_282' title='bbox 728 4096 1051 4179; x_wconf 84' lang='lat' dir='ltr'><em>reciperet,</em></span> <span class='ocrx_word' id='word_1_283' title='bbox 1112 4096 1177 4160; x_wconf 91' lang='lat' dir='ltr'><em>in</em></span> <span class='ocrx_word' id='word_1_284' title='bbox 1222 4098 1401 4179; x_wconf 87' lang='lat' dir='ltr'><em>parte</em></span> <span class='ocrx_word' id='word_1_285' title='bbox 1458 4094 1644 4159; x_wconf 84' lang='lat' dir='ltr'><em>tertia</em></span> <span class='ocrx_word' id='word_1_286' title='bbox 1691 4097 1922 4168; x_wconf 89' lang='lat' dir='ltr'><em>autem,</em></span> <span class='ocrx_word' id='word_1_287' title='bbox 1984 4092 2094 4157; x_wconf 89' lang='lat' dir='ltr'><em>ubi</em></span> <span class='ocrx_word' id='word_1_288' title='bbox 2140 4092 2522 4157; x_wconf 84' lang='lat' dir='ltr'><em>familiarum</em></span> <span class='ocrx_word' id='word_1_289' title='bbox 2568 4094 2661 4157; x_wconf 90' lang='lat' dir='ltr'><em>di-</em></span> 
     </span>
     <span class='ocr_line' id='line_1_37' title="bbox 372 4196 2657 4283; baseline -0.001 -19"><span class='ocrx_word' id='word_1_290' title='bbox 372 4202 639 4265; x_wconf 86' lang='lat' dir='ltr'><em>uersitas</em></span> <span class='ocrx_word' id='word_1_291' title='bbox 700 4202 891 4266; x_wconf 85' lang='lat' dir='ltr'><em>latius</em></span> <span class='ocrx_word' id='word_1_292' title='bbox 954 4203 1150 4283; x_wconf 88' lang='lat' dir='ltr'><em>patet,</em></span> <span class='ocrx_word' id='word_1_293' title='bbox 1215 4218 1337 4264; x_wconf 91' lang='lat' dir='ltr'><em>non</em></span> <span class='ocrx_word' id='word_1_294' title='bbox 1400 4218 1647 4281; x_wconf 84' lang='lat' dir='ltr'><em>semper</em></span> <span class='ocrx_word' id='word_1_295' title='bbox 1707 4198 2042 4262; x_wconf 86' lang='lat' dir='ltr'><em>lectionem</em></span> <span class='ocrx_word' id='word_1_296' title='bbox 2103 4216 2316 4261; x_wconf 84' lang='lat' dir='ltr'><em>ueram</em></span> <span class='ocrx_word' id='word_1_297' title='bbox 2379 4196 2657 4281; x_wconf 86' lang='lat' dir='ltr'><em>eligeret.</em></span> 
     </span>
     <span class='ocr_line' id='line_1_38' title="bbox 370 4301 2660 4381; baseline -0.002 -11"><span class='ocrx_word' id='word_1_298' title='bbox 370 4305 628 4371; x_wconf 89' lang='lat' dir='ltr'><em>omnino</em></span> <span class='ocrx_word' id='word_1_299' title='bbox 661 4309 873 4370; x_wconf 81' lang='lat' dir='ltr'><em>autem</em></span> <span class='ocrx_word' id='word_1_300' title='bbox 920 4304 1143 4369; x_wconf 88' lang='lat' dir='ltr'><em>editori</em></span> <span class='ocrx_word' id='word_1_301' title='bbox 1173 4304 1455 4369; x_wconf 85' lang='lat' dir='ltr'><em>Romano</em></span> <span class='ocrx_word' id='word_1_302' title='bbox 1504 4320 1753 4367; x_wconf 88' lang='lat' dir='ltr'><em>summa</em></span> <span class='ocrx_word' id='word_1_303' title='bbox 1797 4302 1934 4367; x_wconf 91' lang='lat' dir='ltr'><em>laus</em></span> <span class='ocrx_word' id='word_1_304' title='bbox 1969 4301 2301 4367; x_wconf 87' lang='lat' dir='ltr'><em>tribuenda</em></span> <span class='ocrx_word' id='word_1_305' title='bbox 2347 4305 2462 4381; x_wconf 87' lang='lat' dir='ltr'><em>est,</em></span> <span class='ocrx_word' id='word_1_306' title='bbox 2516 4320 2660 4366; x_wconf 90' lang='lat' dir='ltr'><em>cum</em></span> 
     </span>
     <span class='ocr_line' id='line_1_39' title="bbox 372 4406 2660 4494; baseline -0.002 -19"><span class='ocrx_word' id='word_1_307' title='bbox 372 4430 483 4494; x_wconf 87' lang='lat' dir='ltr'><em>pro</em></span> <span class='ocrx_word' id='word_1_308' title='bbox 532 4411 891 4475; x_wconf 89' lang='lat' dir='ltr'><em>condicione</em></span> <span class='ocrx_word' id='word_1_309' title='bbox 940 4409 1363 4475; x_wconf 87' lang='lat' dir='ltr'><em>subsidiorum</em></span> <span class='ocrx_word' id='word_1_310' title='bbox 1422 4410 1782 4473; x_wconf 88' lang='lat' dir='ltr'><em>criticorum</em></span> <span class='ocrx_word' id='word_1_311' title='bbox 1829 4408 2055 4489; x_wconf 89' lang='lat' dir='ltr'><em>quibus</em></span> <span class='ocrx_word' id='word_1_312' title='bbox 2103 4406 2395 4471; x_wconf 85' lang='lat' dir='ltr'><em>utebatur</em></span> <span class='ocrx_word' id='word_1_313' title='bbox 2443 4426 2518 4470; x_wconf 86' lang='lat' dir='ltr'><em>ne</em></span> <span class='ocrx_word' id='word_1_314' title='bbox 2565 4408 2660 4471; x_wconf 89' lang='lat' dir='ltr'><em>in-</em></span> 
     </span>
    </p>
   </div>
  </div>
 </body>
</html>
