3167 4975
533 421 658 484 144
1331 421 1653 476 Iohannis
1698 421 1997 476 Cassiani

527 599 909 676 senatorem,
977 597 1196 677 inquit,
1267 595 1651 679 Syncletium
1721 596 2042 680 perdidisti
2112 599 2174 659 et
2244 597 2620 660 monachum
2688 614 2811 660 non

527 701 746 764 fecisti.

611 805 747 869 XX.
797 806 1016 888 Itaque
1064 807 1116 869 si
1161 824 1426 890 agonem
1483 807 1831 889 spiritalem
1886 811 2123 870 certare
2169 805 2444 888 legitime
2506 805 2811 888 cupimuS,

524 910 688 973 hunc
721 928 964 992 quoque
996 911 1410 993 perniciosum
1444 911 1693 975 hostem
1725 929 1763 972 a
1792 910 2018 974 nostris
2051 909 2336 974 cordibus
2379 911 2807 974 extrudamus:

523 1031 710 1094 quem
755 1018 1058 1095 quantum
1107 1033 1401 1098 superare
1447 1033 1571 1078 non
1620 1032 1884 1096 magnae
1930 1014 2179 1078 uirtutis
2244 1018 2359 1094 est,
2420 1017 2669 1078 tantum
2730 1013 2807 1078 ab
2891 1041 2918 1078 ε»

522 1118 740 1183 eodem
809 1119 974 1182 uinci
1041 1119 1521 1203 ignominiosum
1583 1120 1967 1202 plenumque
2030 1117 2365 1182 dedecoris
2458 1136 2495 1181 a
2552 1122 2808 1202 potente

521 1223 688 1286 enim
735 1223 897 1304 elidi,
942 1223 1087 1287 licet
1133 1223 1215 1287 sit
1256 1223 1320 1286 in
1368 1222 1709 1288 deiectione
1756 1223 1927 1288 dolor
1974 1227 2034 1287 et
2075 1223 2345 1305 gemitus
2376 1223 2441 1287 in
2473 1225 2807 1287 amissione

518 1327 833 1407 uictoriae,
866 1330 1078 1391 tamen
1111 1327 1565 1409 quodammodo
1598 1327 1674 1391 de
1706 1327 2045 1390 aduersarii
2076 1327 2293 1392 robore
2325 1329 2506 1392 uictis
2533 1329 2808 1391 nascitur

519 1432 886 1496 consolatio:
949 1432 1044 1496 sin
1105 1451 1252 1497 uero
1311 1437 1374 1495 et
1426 1432 1713 1496 inimicus
1762 1432 1931 1495 exilis
1981 1436 2045 1496 et
2088 1451 2288 1516 genus
2335 1433 2805 1497 conluctationis

513 1535 857 1617 infirmum,
918 1539 1086 1601 ultra
1143 1537 1500 1602 deiectionis
1563 1537 1839 1601 dolorem
1900 1537 2178 1601 confusio
2238 1537 2476 1620 turpior
2522 1540 2587 1601 et
2630 1537 2805 1621 igno·
2865 1564 2913 1600 ω

518 1640 709 1703 minia
754 1641 1127 1706 detrimento
1171 1641 1418 1724 grauior
1462 1641 1747 1706 infertur.

603 1744 772 1808 XXI.
821 1745 917 1809 De
966 1764 1086 1827 quo
1132 1746 1287 1809 haec
1333 1746 1450 1810 erit
1495 1763 1745 1809 summa
1806 1745 2063 1810 uictoria
2124 1746 2604 1829 triumphusque
2664 1767 2805 1830 per-

513 1852 758 1932 petuuS,
819 1853 908 1930 ut,
971 1849 1499 1930 quemadmodum
1546 1849 1786 1930 dicitur,
1834 1869 1913 1913 ne
1960 1850 2201 1914 minuto
2247 1850 2497 1932 quidem
2545 1870 2805 1915 nummo

513 1952 891 2017 conscientia
951 1953 1236 2017 monachi
1298 1954 1631 2036 polluatur.
1724 1953 2084 2036 inpossibile
2145 1972 2414 2036 namque
2478 1960 2576 2019 est
2636 1975 2801 2036 eum,

511 2058 618 2138 qui
663 2057 865 2120 uictus
911 2057 974 2121 in
1008 2059 1228 2140 exigua
1260 2059 1417 2140 stipe
1450 2057 1989 2141 concupiscentiae
2022 2059 2219 2122 semel
2250 2058 2313 2122 in
2346 2059 2528 2123 corde
2560 2078 2672 2123 suo
2702 2077 2802 2123 ra·
2862 2091 2909 2130 ιε,

512 2160 710 2224 dicem
758 2162 1121 2245 susceperit,
1169 2173 1291 2226 non
1341 2162 1589 2226 maioris
1631 2161 1913 2226 desiderii
1946 2163 2226 2245 protinus
2258 2163 2541 2227 incendio
2573 2164 2801 2228 confla-

509 2265 694 2347 grari.
759 2266 996 2330 tamdiu
1031 2285 1301 2348 namque
1333 2267 1514 2330 miles
1549 2266 1778 2330 Christi
1810 2267 2009 2330 uictor
2039 2285 2111 2330 ac
2153 2285 2404 2331 securus
2452 2273 2799 2352 cunctaque

510 2369 864 2452 cupiditatis
935 2370 1379 2453 inpugnatione
1451 2372 1568 2435 erit
1637 2374 1959 2452 externae,
2021 2372 2217 2436 donec
2274 2371 2451 2436 initia
2510 2375 2799 2457 concupi-

510 2475 781 2538 scentiae
814 2473 997 2539 huius
1030 2475 1130 2540 hic
1175 2475 1592 2558 nequissimus
1627 2476 1879 2559 spiritus
1912 2476 1977 2539 in
2010 2475 2141 2540 eius
2174 2475 2355 2541 corde
2388 2495 2511 2542 non
2544 2479 2795 2544 seuerit.

507 2582 883 2662 quapropter
927 2597 1072 2643 cum
1117 2580 1179 2643 in
1229 2581 1468 2644 cunctis
1513 2580 1849 2663 generibus
1896 2581 2191 2645 uitiomm
2236 2583 2611 2664 generaliter
2664 2604 2796 2649 ser·
2852 2613 2906 2651 20

506 2682 714 2765 pentis
760 2688 947 2765 caput
1005 2688 1287 2766 oporteat
1347 2684 1685 2765 obseruari,
1745 2684 1807 2747 in
1868 2685 1985 2749 hoc
2046 2686 2375 2767 praecipue
2436 2686 2795 2769 diligentius

506 2787 797 2851 conuenit
841 2788 1217 2870 praecaueri.
1295 2788 1461 2870 quod
1505 2790 1554 2851 si
1602 2789 1791 2853 fuerit
1844 2788 2298 2870 intromissum,
2360 2807 2474 2853 sua
2535 2794 2795 2858 materie

505 2892 946 2955 conualescens
993 2892 1198 2974 ipsum
1260 2892 1514 2957 sibimet
1572 2892 2039 2957 uehementiora
2101 2893 2430 2957 suscitabit
2486 2895 2790 2962 incendia.

501 2993 759 3076 ideoque
805 3014 928 3060 non
976 2996 1180 3059 solum
1220 2998 1627 3079 pecuniarum
1659 2997 1939 3061 cauenda
1967 2997 2301 3080 possessio,
2346 3016 2567 3063 uerum
2601 3002 2793 3065 etiam

501 3099 791 3163 uoluntas
852 3099 990 3183 ipsa
1051 3100 1125 3164 de
1186 3102 1394 3164 animo
1453 3102 1703 3183 penitus
1768 3101 2164 3167 extrudenda.
2245 3119 2369 3165 non
2431 3103 2597 3167 enim
2658 3110 2789 3169 tam
2847 3130 2901 3169 25

501 3201 759 3266 effectus
805 3202 1156 3287 filargyriae
1201 3205 1492 3269 uitandus
1543 3210 1641 3269 est
1685 3224 1873 3288 quam
1920 3205 2180 3270 affectus
2240 3207 2433 3289 ipsius
2496 3208 2789 3273 radicitus

499 3308 949 3390 amputandus:
997 3309 1149 3373 nihil
1198 3310 1364 3373 enim
1410 3310 1688 3392 proderit
1732 3311 2026 3393 pecunias
2084 3328 2205 3374 non
2268 3310 2506 3391 haberi,
2569 3314 2621 3377 si
2680 3332 2791 3378 uo-

497 3411 705 3474 luntas
753 3412 815 3475 in
861 3410 1040 3477 nobis
1086 3413 1274 3478 fuerit
1319 3413 1693 3497 possidendi.

707 3548 798 3619 21]
838 3548 904 3604 cf.
943 3550 1076 3605 Gen.
1104 3552 1152 3615 3,
1181 3554 1262 3607 15.

590 3674 615 3727 1
655 3670 844 3739 inquid
883 3673 951 3726 H
953 3676 966 3708 ¹
1075 3672 1376 3726 sincletium
1419 3674 1473 3727 L
1553 3672 1763 3727 sincleti
1808 3676 1877 3729 H
1944 3674 2174 3728 sincletii
2204 3676 2254 3729 T
2353 3678 2387 3731 3
2412 3675 2651 3743 legitime
2676 3694 2788 3731 cer-

499 3761 610 3810 tare
646 3758 766 3813 ΙΙΤ
913 3760 946 3813 4
983 3758 1333 3827 pernitiosum
1377 3760 1482 3814 GL
1553 3760 2063 3828 perniciosissimum
2110 3768 2159 3816 et
2204 3760 2453 3815 cordibus
2490 3763 2686 3817 nostris
2724 3766 2795 3819 H

497 3848 530 3900 8
567 3845 744 3898 uictus
771 3844 848 3900 12¹
953 3847 986 3899 9
1011 3845 1056 3899 si
1082 3846 1135 3900 L
1233 3848 1297 3902 10
1322 3845 1570 3899 infirmus
1596 3847 1671 3901 L¹
1770 3848 1837 3903 16
1861 3848 2144 3917 susciperit
2169 3850 2251 3902 H¹
2350 3852 2412 3904 17
2441 3848 2527 3918 :spi
2556 3850 2706 3904 miles
2735 3852 2787 3905 G

495 3933 630 3998 (non
667 3932 733 3999 S)
843 3935 908 3988 18
945 3931 1257 4001 cupiditatis
1293 3933 1452 3986 huius
1477 3934 1530 3988 L
1643 3938 1706 3989 19
1742 3934 1901 3987 huius
1938 3954 2037 3990 om.
2076 3935 2130 3989 L
2237 3936 2323 3989 hic
2360 3954 2461 3991 om.
2500 3938 2569 3991 H
2676 3953 2789 3990 ser-

495 4020 705 4072 uauerit
721 4020 804 4075 ΙΙι
895 4022 957 4075 21
983 4019 1154 4089 capud
1174 4022 1257 4074 ΙΙι
1350 4020 1703 4075 obseruarcL
1795 4021 2113 4089 dilegentius
2134 4024 2207 4076 L¹
2296 4024 2365 4077 22
2384 4039 2697 4091 praecauere
2711 4026 2787 4079 L¹

495 4122 619 4159 suae
639 4108 720 4161 H¹
783 4107 948 4161 sueL
1057 4107 1276 4160 materie
1295 4107 1434 4161 AG.-
1457 4108 1681 4178 materie²
1701 4108 1830 4176 (-ae)
1850 4110 1975 4163 LII
1976 4112 1987 4144 ¹
2060 4109 2285 4162 materia
2302 4110 2473 4165 112Tv
2565 4113 2635 4165 23
2660 4127 2786 4163 cou-

495 4192 757 4247 ualiscens
782 4195 836 4247 A
907 4194 1018 4262 ipse
1045 4194 1112 4248 H
1175 4193 1276 4263 ipsi
1305 4195 1354 4247 L
1427 4195 1709 4248 suscitauit
1731 4196 1808 4249 L¹
1880 4198 1947 4250 24
1974 4196 2317 4265 pecuniarum
2347 4239 2355 4248 .
2386 4238 2396 4249 .
2428 4238 2439 4249 .
2458 4214 2587 4267 pay.
2612 4202 2731 4258 145,
2750 4202 2787 4251 4

493 4280 820 4349 paupertatis
859 4282 1051 4335 desunt
1087 4282 1148 4334 in
1185 4283 1239 4335 A
1355 4285 1423 4337 25
1459 4281 1791 4335 extrudenda
1825 4286 1905 4335 est
1940 4284 2008 4336 H
2128 4288 2305 4336 tamen
2351 4285 2419 4338 H
2422 4286 2435 4318 ¹
2544 4287 2611 4339 26
2646 4284 2783 4353 phy—

493 4364 737 4434 largiriae
776 4368 827 4420 L
864 4368 1118 4437 (passim)
1224 4370 1291 4422 27
1329 4369 1526 4421 etenim
1562 4370 1616 4423 L
1723 4368 1916 4422 habere
1954 4371 2049 4423 Hc-
2154 4371 2221 4424 28
2257 4369 2574 4438 possedendi
2610 4372 2695 4425 Ηι
