3167 4975
538 419 668 484 220
1349 420 1669 473 Iohannis
1715 417 2015 474 Cassiani

537 595 702 676 quod
760 596 1096 678 procliuius
1141 597 1338 660 fertur
1400 597 1477 660 ad
1537 597 1723 678 uitia,
1792 597 1869 659 ad
1930 596 2257 661 meliorem
2311 595 2524 678 dirigit
2582 597 2829 677 frugem

539 703 602 764 et
647 699 725 763 ad
771 700 1080 764 uirtutum
1128 701 1300 765 uiam
1346 700 1772 784 instigationis
1820 718 1969 765 suae
2016 699 2377 764 uisitatione
2437 702 2827 780 contorquet.

621 803 893 868 XVIIII.
941 805 1117 870 Haec
1179 809 1276 869 est
1335 805 1584 888 proprie
1646 804 1966 869 humilitas
2029 823 2181 888 erga
2240 804 2457 884 deum,
2518 803 2671 866 haec
2734 806 2831 866 est-

537 909 1118 991 antiquissimorum
1161 913 1415 993 patrum
1462 911 1709 974 sincera
1752 907 1927 990 fideS,
1990 927 2149 991 quae
2196 927 2389 992 penes
2436 925 2829 973 successores

535 1014 813 1096 ipsorum
874 1032 1049 1080 mera
1093 1032 1262 1080 nunc
1307 1033 1505 1096 usque
1550 1014 1869 1098 perdurat.
1932 1014 2033 1078 cui
2077 1013 2222 1077 fidei
2268 1014 2534 1078 uirtutes
2582 1015 2829 1095 aposto·-
2913 1038 2941 1076 ⁵

535 1117 711 1198 lic-ae,
759 1136 920 1200 quae
953 1136 1403 1202 saepenumero
1450 1138 1562 1202 per
1608 1137 1713 1183 eos
1760 1118 2205 1182 manifestatae
2238 1121 2405 1198 sunt,
2452 1135 2575 1181 non
2624 1117 2829 1181 solum

537 1223 703 1306 apud
750 1239 884 1304 1108,
946 1223 1056 1288 sed
1104 1223 1298 1288 etiam
1357 1223 1523 1306 apud
1567 1222 1853 1288 infideles
1900 1227 1963 1288 et
2005 1222 2357 1287 incredulos
2403 1221 2829 1286 indubitatum

535 1327 972 1392 testimonium
1030 1328 1320 1392 reddunt.
1397 1329 1505 1410 qui
1551 1328 1908 1411 simplicem
1968 1328 2353 1411 piscatorum
2396 1327 2585 1391 fidem
2646 1327 2829 1392 corde

536 1432 806 1514 simplici
850 1432 1197 1497 retinentes
1243 1450 1370 1498 non
1417 1450 1557 1497 eam
1606 1433 1988 1516 syllogismis
2036 1432 2377 1497 dialecticis
2432 1435 2497 1496 et
2540 1431 2831 1496 Tulliana

534 1536 830 1600 facundia
889 1537 1112 1620 spiritu
1179 1555 1519 1620 concepere
1589 1537 1935 1618 mundano,
2006 1536 2117 1600 sed
2178 1537 2599 1619 experimento
2658 1536 2827 1600 uitae

535 1641 795 1706 sinceris
843 1645 1111 1724 actuque
1155 1642 1515 1725 purissime,
1562 1643 1944 1707 correctione
1991 1659 2237 1724 quoque
2282 1641 2602 1721 uitiorum,
2650 1645 2713 1704 et
2756 1645 2829 1704 ut

534 1745 742 1809 uerius
785 1745 1046 1810 dixerim
1090 1747 1157 1810 in
1201 1747 1340 1830 ipsa
1382 1746 1787 1830 perfectionis
1834 1747 2039 1810 inesse
2085 1749 2377 1810 naturam
2423 1745 2687 1809 oculatis
2732 1746 2828 1808 in-

534 1848 710 1914 diciis
771 1849 1336 1933 deprehenderunt,
1401 1850 1537 1914 sine
1585 1869 1711 1932 qua
1768 1868 1885 1914 nec
1928 1850 2131 1934 pietas
2193 1850 2256 1914 in
2306 1849 2492 1913 deum
2556 1867 2671 1913 nec
2731 1848 2826 1913 ui-

533 1953 762 2018 tiorum
808 1955 1096 2038 purgatio
1141 1973 1256 2019 nec
1303 1955 1662 2020 emendatio
1708 1973 1957 2020 morum
2002 1973 2119 2018 nec
2164 1955 2471 2018 uirtutum
2534 1971 2826 2018 consum-

531 2058 726 2122 matio
771 2059 1007 2142 poterit
1051 2059 1452 2142 adprehendi.

618 2163 758 2226 XX.
805 2161 968 2227 Noui
1012 2164 1324 2245 quendam
1372 2164 1448 2228 de
1493 2163 1761 2228 fratrum
1808 2180 2070 2227 numero
2126 2161 2341 2245 (quem
2405 2162 2646 2225 utinam
2708 2161 2824 2223 mi-

532 2268 700 2330 nime
747 2267 1026 2348 scissem,
1073 2267 1379 2350 siquidem
1423 2272 1566 2350 post
1610 2268 1767 2332 haec
1812 2268 2043 2332 ordinis
2092 2269 2215 2331 mei
2261 2266 2460 2351 gradu
2503 2283 2569 2328 se
2600 2283 2823 2346 passus

533 2375 630 2434 est
671 2371 1124 2456 praegrauari),
1185 2373 1290 2453 qui
1339 2371 1779 2454 probatissimo
1827 2372 2074 2436 cuidam
2121 2390 2343 2435 senum
2407 2371 2556 2433 uitio
2621 2370 2823 2432 carnis

532 2479 736 2541 semet
776 2475 984 2558 ipsum
1029 2477 1401 2561 grauissimo
1448 2476 1771 2542 confessus
1827 2480 1923 2541 est
1980 2476 2338 2559 inpugnari:
2402 2493 2550 2539 nam
2610 2477 2826 2539 contra

530 2600 716 2645 usum
761 2585 1021 2645 naturae
1074 2580 1375 2646 desiderio
1435 2581 1713 2664 patiendi
1772 2582 1973 2666 magis
2033 2599 2221 2662 quam
2282 2580 2588 2645 inferendi
2648 2580 2826 2661 igno-

532 2686 790 2748 miniam
836 2684 1216 2750 intolerabili
1263 2690 1440 2749 aestu
1481 2686 1755 2750 libidinis
1786 2686 2103 2750 urebatur.
2167 2689 2301 2749 tum
2332 2684 2512 2748 illum
2543 2686 2615 2747 ut
2644 2683 2826 2765 spiri—

532 2789 726 2855 talem
786 2808 1130 2872 uerumque
1192 2790 1507 2855 medicum
1564 2791 1923 2855 interiorem
1984 2808 2240 2854 causam
2288 2789 2487 2854 morbi
2532 2788 2715 2851 huius
2764 2792 2827 2851 et

530 2896 836 2977 originem
867 2896 1151 2977 protinus
1181 2895 1553 2978 peruidisse:
1588 2896 1691 2977 qui
1722 2896 1998 2979 grauiter
2031 2896 2373 2977 suspiranS,
2406 2912 2823 2976 nequaquam,

531 3000 636 3078 ait,
683 3002 814 3063 tam
861 3016 1130 3081 nequam
1177 3000 1421 3081 spiritui
1465 3000 1627 3064 tradi
1673 3004 1735 3063 te
1782 3000 2070 3064 dominus
2107 3000 2514 3081 permisisset,
2560 3000 2679 3062 nisi
2710 2998 2825 3062 ali—

529 3102 676 3183 quid
720 3102 1228 3186 blasphemasses
1275 3105 1339 3167 in
1387 3124 1550 3167 eum.
1629 3122 1749 3186 quo
1794 3104 1899 3168 ille
1946 3108 2239 3186 conperto
2294 3102 2620 3167 confestim
2679 3121 2823 3185 pro-

529 3206 677 3271 cidit
723 3207 800 3271 ad
845 3208 1036 3289 pedes
1084 3208 1216 3272 eius
1257 3208 1320 3271 in
1354 3212 1609 3289 terram,
1658 3227 2029 3291 summaque
2062 3208 2467 3273 admiratione
2498 3208 2823 3289 perculsus

620 3373 645 3426 1
683 3368 875 3423 cliuius
902 3371 971 3424 H
1073 3370 1269 3439 diregit
1293 3372 1360 3425 H
1461 3374 1495 3427 3
1521 3370 1756 3440 proprie]
1791 3370 1968 3439 prima
1991 3372 2059 3425 H
2158 3372 2191 3426 4
2217 3368 2308 3439 qui
2334 3370 2409 3425 L¹
2516 3374 2548 3425 5
2584 3384 2728 3423 mera
2757 3370 2825 3425 G:

531 3458 723 3511 merita
758 3459 834 3513 L¹
907 3457 1099 3511 merito
1137 3459 1280 3512 HL²
1347 3458 1669 3511 intemerata
1719 3459 1796 3512 Tv
1922 3457 2030 3511 fide
2064 3458 2284 3512 uirtutis
2320 3459 2398 3513 L¹
2538 3460 2571 3511 6
2606 3472 2702 3525 per
2736 3472 2826 3511 eos

528 3562 630 3600 om.
664 3544 738 3600 θ’
833 3543 1116 3598 manifeste
1145 3545 1214 3599 H
1300 3546 1333 3599 9
1359 3544 1685 3613 syllogismis
1716 3544 1873 3601 GL2:
1898 3544 2206 3613 sillogismis
2230 3546 2298 3599 H
2352 3542 2721 3613 syllogissimis
2747 3545 2825 3599 L¹

528 3631 605 3685 cis
642 3634 697 3684 et
732 3630 958 3685 tulliana
985 3674 995 3685 .
1026 3674 1036 3685 .
1065 3673 1076 3685 .
1103 3649 1223 3701 cap.
1257 3636 1329 3687 28
1374 3630 1440 3685 de
1483 3648 1570 3685 ore
1615 3648 1711 3686 suo
1756 3648 1974 3701 prorsus
2018 3632 2261 3685 emittere
2297 3638 2482 3687 cadant
2517 3634 2581 3685 in
2622 3631 2669 3684 0
2773 3634 2828 3683 et

529 3760 819 3817 tertuliana
855 3762 924 3817 H
1027 3764 1092 3817 10
1131 3762 1405 3831 concipere
1446 3761 1562 3818 CH
1662 3718 1937 3833 congidere
1975 3763 2027 3818 L
2137 3766 2197 3819 11
2238 3763 2457 3817 sinceris
2488 3762 2681 3817 GHL:
2715 3762 2827 3816 sin-

528 3865 646 3919 cere
689 3848 740 3903 G
786 3849 836 3919 (e
873 3850 936 3903 in
971 3866 1080 3905 rac.
1117 3867 1186 3905 m.
1225 3848 1281 3918 2)
1317 3868 1350 3906 v
1457 3850 1786 3919 correptione
1823 3852 1892 3905 H
1994 3852 2059 3905 12
2106 3853 2351 3905 naturam
2408 3849 2589 3905 GG2v:
2631 3852 2829 3903 natura

525 3938 642 3992 rell.
751 3935 945 3989 indicis
970 3938 1038 3991 H
1141 3938 1204 3992 13
1243 3936 1795 4007 compraehenderunt
1826 3939 1881 3992 L
1991 3940 2055 3994 14
2092 3937 2402 3991 emundatio
2428 3939 2496 3993 H
2597 3940 2662 3994 16
2698 3936 2825 3991 noui

529 4074 539 4085 ,
569 4067 580 4078 .
612 4067 624 4078 .
652 4040 874 4078 numero
910 4042 1067 4081 enan.
1103 4026 1166 4079 in
1205 4024 1252 4079 Ο
1384 4028 1447 4081 17
1487 4025 1677 4079 scirem
1714 4027 1783 4081 H
1910 4026 1975 4081 18
2010 4026 2327 4095 probissimo
2370 4026 2421 4081 G
2548 4028 2612 4081 19
2650 4026 2827 4094 impu·—

525 4128 692 4180 gnare
737 4113 792 4167 L
899 4114 969 4168 20
1004 4112 1305 4181 ignominisi
1344 4114 1411 4167 H
1511 4115 1575 4169 21
1618 4117 1681 4167 ut
1716 4132 1817 4171 om.
1857 4115 1910 4169 L
2018 4113 2108 4167 ille
2152 4116 2217 4167 ut
2261 4112 2516 4183 spiritalis
2562 4128 2827 4181 uerusque

527 4198 767 4252 medicus
790 4242 802 4253 .
825 4242 836 4253 .
861 4198 1130 4270 ‚peruidit
1153 4200 1220 4253 H
1312 4202 1380 4255 23
1405 4199 1699 4269 preuidisse
1730 4202 1801 4256 θ’
1910 4200 1987 4254 ait
2010 4216 2347 4269 nequaquam
2374 4202 2442 4255 H
2538 4202 2607 4255 24
2632 4199 2829 4268 aliquit

526 4285 944 4355 blasphemassis
977 4288 1023 4341 Ο
1107 4288 1175 4343 25
1201 4287 1256 4339 in
1281 4304 1384 4343 om.
1411 4288 1480 4342 H
1559 4287 1805 4357 procedit
1832 4289 1974 4343 G¹H
2060 4290 2127 4343 26
2152 4288 2218 4341 ad
2246 4291 2445 4341 terram
2470 4289 2539 4343 H
2614 4302 2829 4341 summa

524 4390 592 4429 ex
629 4390 896 4428 summam
924 4376 977 4430 L
1088 4374 1442 4429 admiration&
1475 4376 1551 4430 L¹

2888 1559 2939 1600 10
