<?xml version="1.0" encoding="UTF-8"?>
<!DOCTYPE html PUBLIC "-//W3C//DTD XHTML 1.0 Transitional//EN"
    "http://www.w3.org/TR/xhtml1/DTD/xhtml1-transitional.dtd">
<html xmlns="http://www.w3.org/1999/xhtml" xml:lang="en" lang="en">
 <head>
  <title>
</title>
<meta http-equiv="Content-Type" content="text/html;charset=utf-8" />
  <meta name='ocr-system' content='tesseract 3.04.00' />
  <meta name='ocr-capabilities' content='ocr_page ocr_carea ocr_par ocr_line ocrx_word'/>
</head>
<body>
  <div class='ocr_page' id='page_1' title='image "./corpusscriptoru28wissgoog_0256.png"; bbox 0 0 3167 4975; ppageno 0'>
   <div class='ocr_carea' id='block_1_1' title="bbox 508 420 1975 484">
    <p class='ocr_par' dir='ltr' id='par_1_1' title="bbox 508 420 1975 484">
     <span class='ocr_line' id='line_1_1' title="bbox 508 420 1975 484; baseline -0.007 0"><span class='ocrx_word' id='word_1_1' title='bbox 508 420 632 484; x_wconf 85' lang='grc'><strong>124</strong></span> <span class='ocrx_word' id='word_1_2' title='bbox 1314 421 1628 476; x_wconf 85' lang='lat' dir='ltr'>Iohannis</span> <span class='ocrx_word' id='word_1_3' title='bbox 1675 420 1975 476; x_wconf 85' lang='lat' dir='ltr'><strong>Cassiani</strong></span> 
     </span>
    </p>
   </div>
   <div class='ocr_carea' id='block_1_2' title="bbox 496 596 2901 3507">
    <p class='ocr_par' dir='ltr' id='par_1_2' title="bbox 500 596 2899 1517">
     <span class='ocr_line' id='line_1_2' title="bbox 502 596 2793 679; baseline 0 -19"><span class='ocrx_word' id='word_1_4' title='bbox 502 596 813 660; x_wconf 89' lang='lat' dir='ltr'><strong>tineatis</strong></span> <span class='ocrx_word' id='word_1_5' title='bbox 891 613 1050 677; x_wconf 92' lang='lat' dir='ltr'><strong>uos,</strong></span> <span class='ocrx_word' id='word_1_6' title='bbox 1128 597 1362 679; x_wconf 91' lang='lat' dir='ltr'><strong>inquit,</strong></span> <span class='ocrx_word' id='word_1_7' title='bbox 1442 615 1480 660; x_wconf 89' lang='lat' dir='ltr'><strong>a</strong></span> <span class='ocrx_word' id='word_1_8' title='bbox 1545 597 2079 678; x_wconf 72' lang='lat' dir='ltr'>fornicatione,</span> <span class='ocrx_word' id='word_1_9' title='bbox 2155 599 2236 661; x_wconf 92' lang='lat' dir='ltr'><strong>ut</strong></span> <span class='ocrx_word' id='word_1_10' title='bbox 2302 596 2496 662; x_wconf 88' lang='lat' dir='ltr'><strong>sciat</strong></span> <span class='ocrx_word' id='word_1_11' title='bbox 2570 614 2793 660; x_wconf 88' lang='lat' dir='ltr'><strong>unus-</strong></span> 
     </span>
     <span class='ocr_line' id='line_1_3' title="bbox 503 701 2794 786; baseline 0.001 -24"><span class='ocrx_word' id='word_1_12' title='bbox 503 701 818 782; x_wconf 89' lang='lat' dir='ltr'><strong>quisque</strong></span> <span class='ocrx_word' id='word_1_13' title='bbox 887 705 1226 766; x_wconf 91' lang='lat' dir='ltr'><strong>uestrum</strong></span> <span class='ocrx_word' id='word_1_14' title='bbox 1293 719 1426 766; x_wconf 90' lang='lat' dir='ltr'><strong>uas</strong></span> <span class='ocrx_word' id='word_1_15' title='bbox 1494 721 1704 766; x_wconf 90' lang='lat' dir='ltr'><strong>suum</strong></span> <span class='ocrx_word' id='word_1_16' title='bbox 1772 702 2159 786; x_wconf 89' lang='lat' dir='ltr'><strong>possidere</strong></span> <span class='ocrx_word' id='word_1_17' title='bbox 2226 701 2300 766; x_wconf 91' lang='lat' dir='ltr'><strong>in</strong></span> <span class='ocrx_word' id='word_1_18' title='bbox 2368 701 2645 780; x_wconf 82' lang='lat' dir='ltr'><strong>honore</strong></span> <span class='ocrx_word' id='word_1_19' title='bbox 2722 702 2794 764; x_wconf 90' lang='lat' dir='ltr'><strong>ct</strong></span> 
     </span>
     <span class='ocr_line' id='line_1_4' title="bbox 503 805 2793 890; baseline 0 -23"><span class='ocrx_word' id='word_1_20' title='bbox 503 805 1154 886; x_wconf 78' lang='lat' dir='ltr'><strong>sanctificatione,</strong></span> <span class='ocrx_word' id='word_1_21' title='bbox 1223 825 1364 870; x_wconf 90' lang='lat' dir='ltr'><strong>non</strong></span> <span class='ocrx_word' id='word_1_22' title='bbox 1435 807 1508 870; x_wconf 90' lang='lat' dir='ltr'><strong>in</strong></span> <span class='ocrx_word' id='word_1_23' title='bbox 1575 807 1933 890; x_wconf 79' lang='lat' dir='ltr'><strong>passione</strong></span> <span class='ocrx_word' id='word_1_24' title='bbox 2001 806 2389 886; x_wconf 88' lang='lat' dir='ltr'><strong>desiderii,</strong></span> <span class='ocrx_word' id='word_1_25' title='bbox 2458 807 2656 869; x_wconf 88' lang='lat' dir='ltr'><strong>sicut</strong></span> <span class='ocrx_word' id='word_1_26' title='bbox 2721 809 2793 868; x_wconf 87' lang='lat' dir='ltr'><strong>et</strong></span> 
     </span>
     <span class='ocr_line' id='line_1_5' title="bbox 500 909 2792 994; baseline 0 -22"><span class='ocrx_word' id='word_1_27' title='bbox 500 914 763 992; x_wconf 79' lang='lat' dir='ltr'><strong>gentes</strong></span> <span class='ocrx_word' id='word_1_28' title='bbox 826 929 1011 992; x_wconf 90' lang='lat' dir='ltr'><strong>quae</strong></span> <span class='ocrx_word' id='word_1_29' title='bbox 1074 912 1427 994; x_wconf 86' lang='lat' dir='ltr'><strong>ignorant</strong></span> <span class='ocrx_word' id='word_1_30' title='bbox 1486 911 1719 976; x_wconf 89' lang='lat' dir='ltr'><strong>deum.</strong></span> <span class='ocrx_word' id='word_1_31' title='bbox 1813 912 1955 976; x_wconf 90' lang='lat' dir='ltr'><strong>uide</strong></span> <span class='ocrx_word' id='word_1_32' title='bbox 2016 909 2245 993; x_wconf 89' lang='lat' dir='ltr'><strong>quibus</strong></span> <span class='ocrx_word' id='word_1_33' title='bbox 2306 928 2447 974; x_wconf 92' lang='lat' dir='ltr'><strong>eam</strong></span> <span class='ocrx_word' id='word_1_34' title='bbox 2500 909 2792 974; x_wconf 84' lang='lat' dir='ltr'><strong>laudibus</strong></span> 
     </span>
     <span class='ocr_line' id='line_1_6' title="bbox 501 1014 2899 1098; baseline 0 -22"><span class='ocrx_word' id='word_1_35' title='bbox 501 1017 934 1096; x_wconf 82' lang='lat' dir='ltr'><strong>prosequatur,</strong></span> <span class='ocrx_word' id='word_1_36' title='bbox 994 1014 1298 1080; x_wconf 84' lang='lat' dir='ltr'><strong>honorem</strong></span> <span class='ocrx_word' id='word_1_37' title='bbox 1352 1016 1544 1096; x_wconf 88' lang='lat' dir='ltr'><strong>uasis,</strong></span> <span class='ocrx_word' id='word_1_38' title='bbox 1609 1016 1668 1079; x_wconf 92' lang='lat' dir='ltr'><strong>id</strong></span> <span class='ocrx_word' id='word_1_39' title='bbox 1718 1019 1817 1080; x_wconf 89' lang='lat' dir='ltr'><strong>est</strong></span> <span class='ocrx_word' id='word_1_40' title='bbox 1862 1016 2134 1098; x_wconf 89' lang='lat' dir='ltr'><strong>corporis</strong></span> <span class='ocrx_word' id='word_1_41' title='bbox 2182 1015 2401 1096; x_wconf 88' lang='lat' dir='ltr'><strong>nostri,</strong></span> <span class='ocrx_word' id='word_1_42' title='bbox 2450 1018 2514 1078; x_wconf 89' lang='lat' dir='ltr'><strong>et</strong></span> <span class='ocrx_word' id='word_1_43' title='bbox 2560 1015 2793 1078; x_wconf 85' lang='lat' dir='ltr'><strong>sancti·</strong></span> <span class='ocrx_word' id='word_1_44' title='bbox 2872 1029 2899 1066; x_wconf 80' lang='lat'>⁵</span> 
     </span>
     <span class='ocr_line' id='line_1_7' title="bbox 501 1117 2789 1204; baseline 0 -23"><span class='ocrx_word' id='word_1_45' title='bbox 501 1117 858 1183; x_wconf 88' lang='lat' dir='ltr'><strong>ficationem</strong></span> <span class='ocrx_word' id='word_1_46' title='bbox 904 1119 1229 1203; x_wconf 86' lang='lat' dir='ltr'><strong>appellans</strong></span> <span class='ocrx_word' id='word_1_47' title='bbox 1278 1137 1436 1184; x_wconf 89' lang='lat' dir='ltr'><strong>eam.</strong></span> <span class='ocrx_word' id='word_1_48' title='bbox 1515 1120 1708 1204; x_wconf 86' lang='lat' dir='ltr'><strong>igitur</strong></span> <span class='ocrx_word' id='word_1_49' title='bbox 1754 1140 1787 1182; x_wconf 93' lang='lat' dir='ltr'><strong>e</strong></span> <span class='ocrx_word' id='word_1_50' title='bbox 1842 1121 2174 1201; x_wconf 88' lang='lat' dir='ltr'><strong>contrario,</strong></span> <span class='ocrx_word' id='word_1_51' title='bbox 2236 1120 2344 1201; x_wconf 90' lang='lat' dir='ltr'><strong>qui</strong></span> <span class='ocrx_word' id='word_1_52' title='bbox 2390 1119 2455 1182; x_wconf 87' lang='lat' dir='ltr'><strong>in</strong></span> <span class='ocrx_word' id='word_1_53' title='bbox 2499 1119 2789 1202; x_wconf 86' lang='lat' dir='ltr'><strong>passione</strong></span> 
     </span>
     <span class='ocr_line' id='line_1_8' title="bbox 501 1222 2793 1308; baseline 0.001 -24"><span class='ocrx_word' id='word_1_54' title='bbox 501 1222 795 1288; x_wconf 87' lang='lat' dir='ltr'><strong>desiderii</strong></span> <span class='ocrx_word' id='word_1_55' title='bbox 840 1227 957 1305; x_wconf 89' lang='lat' dir='ltr'><strong>est,</strong></span> <span class='ocrx_word' id='word_1_56' title='bbox 1003 1225 1067 1289; x_wconf 90' lang='lat' dir='ltr'><strong>in</strong></span> <span class='ocrx_word' id='word_1_57' title='bbox 1109 1225 1457 1308; x_wconf 88' lang='lat' dir='ltr'><strong>ignominia</strong></span> <span class='ocrx_word' id='word_1_58' title='bbox 1488 1228 1552 1289; x_wconf 90' lang='lat' dir='ltr'><strong>et</strong></span> <span class='ocrx_word' id='word_1_59' title='bbox 1598 1225 1978 1290; x_wconf 87' lang='lat' dir='ltr'><strong>inmunditia</strong></span> <span class='ocrx_word' id='word_1_60' title='bbox 2021 1225 2311 1290; x_wconf 87' lang='lat' dir='ltr'><strong>consistit</strong></span> <span class='ocrx_word' id='word_1_61' title='bbox 2356 1227 2419 1288; x_wconf 93' lang='lat' dir='ltr'><strong>et</strong></span> <span class='ocrx_word' id='word_1_62' title='bbox 2464 1223 2705 1288; x_wconf 89' lang='lat' dir='ltr'><strong>alienus</strong></span> <span class='ocrx_word' id='word_1_63' title='bbox 2755 1241 2793 1287; x_wconf 90' lang='lat' dir='ltr'><strong>a</strong></span> 
     </span>
     <span class='ocr_line' id='line_1_9' title="bbox 505 1327 2790 1414; baseline 0.001 -24"><span class='ocrx_word' id='word_1_64' title='bbox 505 1327 996 1392; x_wconf 86' lang='lat' dir='ltr'><strong>sanctificatione</strong></span> <span class='ocrx_word' id='word_1_65' title='bbox 1030 1333 1334 1393; x_wconf 88' lang='lat' dir='ltr'><strong>uersatur.</strong></span> <span class='ocrx_word' id='word_1_66' title='bbox 1409 1329 1595 1393; x_wconf 84' lang='lat' dir='ltr'><strong>tertio</strong></span> <span class='ocrx_word' id='word_1_67' title='bbox 1636 1348 1881 1412; x_wconf 91' lang='lat' dir='ltr'><strong>quoque</strong></span> <span class='ocrx_word' id='word_1_68' title='bbox 1927 1333 2071 1414; x_wconf 90' lang='lat' dir='ltr'><strong>post</strong></span> <span class='ocrx_word' id='word_1_69' title='bbox 2100 1347 2301 1413; x_wconf 88' lang='lat' dir='ltr'><strong>pauca</strong></span> <span class='ocrx_word' id='word_1_70' title='bbox 2330 1328 2541 1408; x_wconf 88' lang='lat' dir='ltr'><strong>infert,</strong></span> <span class='ocrx_word' id='word_1_71' title='bbox 2574 1347 2790 1392; x_wconf 88' lang='lat' dir='ltr'><strong>rursus</strong></span> 
     </span>
     <span class='ocr_line' id='line_1_10' title="bbox 501 1433 2790 1517; baseline 0 -22"><span class='ocrx_word' id='word_1_72' title='bbox 501 1451 640 1496; x_wconf 87' lang='lat' dir='ltr'><strong>eam</strong></span> <span class='ocrx_word' id='word_1_73' title='bbox 675 1433 1160 1498; x_wconf 83' lang='lat' dir='ltr'><strong>sanctimoniam</strong></span> <span class='ocrx_word' id='word_1_74' title='bbox 1191 1434 1638 1517; x_wconf 84' lang='lat' dir='ltr'><strong>pronuntians:</strong></span> <span class='ocrx_word' id='word_1_75' title='bbox 1672 1453 1814 1500; x_wconf 91' lang='lat' dir='ltr'><strong>non</strong></span> <span class='ocrx_word' id='word_1_76' title='bbox 1847 1435 2041 1498; x_wconf 90' lang='lat' dir='ltr'><strong>enim</strong></span> <span class='ocrx_word' id='word_1_77' title='bbox 2082 1433 2386 1498; x_wconf 88' lang='lat' dir='ltr'><strong>uocauit</strong></span> <span class='ocrx_word' id='word_1_78' title='bbox 2432 1451 2563 1497; x_wconf 91' lang='lat' dir='ltr'><strong>nos</strong></span> <span class='ocrx_word' id='word_1_79' title='bbox 2610 1433 2790 1496; x_wconf 88' lang='lat' dir='ltr'><strong>deus</strong></span> 
     </span>
    </p>

    <p class='ocr_par' dir='ltr' id='par_1_3' title="bbox 497 1537 2901 3091">
     <span class='ocr_line' id='line_1_11' title="bbox 503 1537 2901 1621; baseline 0.001 -21"><span class='ocrx_word' id='word_1_80' title='bbox 503 1537 574 1601; x_wconf 90' lang='lat' dir='ltr'><strong>in</strong></span> <span class='ocrx_word' id='word_1_81' title='bbox 623 1537 1114 1621; x_wconf 83' lang='lat' dir='ltr'><strong>ignominiam</strong></span> <span class='ocrx_word' id='word_1_82' title='bbox 1160 1539 1287 1602; x_wconf 88' lang='lat' dir='ltr'><strong>sed</strong></span> <span class='ocrx_word' id='word_1_83' title='bbox 1334 1538 1407 1603; x_wconf 90' lang='lat' dir='ltr'><strong>in</strong></span> <span class='ocrx_word' id='word_1_84' title='bbox 1455 1539 2060 1603; x_wconf 87' lang='lat' dir='ltr'><strong>sanctimoniam.</strong></span> <span class='ocrx_word' id='word_1_85' title='bbox 2138 1539 2397 1620; x_wconf 84' lang='lat' dir='ltr'><strong>itaque</strong></span> <span class='ocrx_word' id='word_1_86' title='bbox 2446 1539 2571 1620; x_wconf 91' lang='lat' dir='ltr'><strong>qui</strong></span> <span class='ocrx_word' id='word_1_87' title='bbox 2608 1538 2792 1602; x_wconf 88' lang='lat' dir='ltr'><strong>haec</strong></span> <span class='ocrx_word' id='word_1_88' title='bbox 2849 1565 2901 1603; x_wconf 81' lang='grc' dir='ltr'><strong>ιο</strong></span> 
     </span>
     <span class='ocr_line' id='line_1_12' title="bbox 503 1642 2788 1727; baseline 0.001 -23"><span class='ocrx_word' id='word_1_89' title='bbox 503 1642 820 1726; x_wconf 88' lang='lat' dir='ltr'><strong>spernit,</strong></span> <span class='ocrx_word' id='word_1_90' title='bbox 883 1661 1025 1708; x_wconf 90' lang='lat' dir='ltr'><strong>non</strong></span> <span class='ocrx_word' id='word_1_91' title='bbox 1087 1643 1460 1708; x_wconf 87' lang='lat' dir='ltr'><strong>hominem</strong></span> <span class='ocrx_word' id='word_1_92' title='bbox 1523 1645 1817 1727; x_wconf 88' lang='lat' dir='ltr'><strong>spernit</strong></span> <span class='ocrx_word' id='word_1_93' title='bbox 1878 1645 2003 1707; x_wconf 89' lang='lat' dir='ltr'><strong>sed</strong></span> <span class='ocrx_word' id='word_1_94' title='bbox 2064 1644 2307 1724; x_wconf 89' lang='lat' dir='ltr'><strong>deum,</strong></span> <span class='ocrx_word' id='word_1_95' title='bbox 2378 1645 2500 1726; x_wconf 91' lang='lat' dir='ltr'><strong>qui</strong></span> <span class='ocrx_word' id='word_1_96' title='bbox 2563 1644 2788 1707; x_wconf 90' lang='lat' dir='ltr'><strong>etiam</strong></span> 
     </span>
     <span class='ocr_line' id='line_1_13' title="bbox 501 1747 2789 1831; baseline 0 -21"><span class='ocrx_word' id='word_1_97' title='bbox 501 1747 708 1811; x_wconf 86' lang='lat' dir='ltr'><strong>dedit</strong></span> <span class='ocrx_word' id='word_1_98' title='bbox 776 1748 1128 1831; x_wconf 87' lang='lat' dir='ltr'><strong>spiritum</strong></span> <span class='ocrx_word' id='word_1_99' title='bbox 1200 1767 1411 1812; x_wconf 88' lang='lat' dir='ltr'><strong>suum</strong></span> <span class='ocrx_word' id='word_1_100' title='bbox 1482 1753 1824 1813; x_wconf 87' lang='lat' dir='ltr'><strong>sanctum</strong></span> <span class='ocrx_word' id='word_1_101' title='bbox 1886 1749 1959 1812; x_wconf 90' lang='lat' dir='ltr'><strong>in</strong></span> <span class='ocrx_word' id='word_1_102' title='bbox 2023 1747 2256 1813; x_wconf 79' lang='lat' dir='ltr'><strong>nobis,</strong></span> <span class='ocrx_word' id='word_1_103' title='bbox 2350 1748 2789 1812; x_wconf 88' lang='lat' dir='ltr'><strong>auctoritatem</strong></span> 
     </span>
     <span class='ocr_line' id='line_1_14' title="bbox 500 1852 2786 1935; baseline 0.001 -21"><span class='ocrx_word' id='word_1_104' title='bbox 500 1855 832 1935; x_wconf 88' lang='lat' dir='ltr'><strong>praecepto</strong></span> <span class='ocrx_word' id='word_1_105' title='bbox 878 1869 991 1915; x_wconf 92' lang='lat' dir='ltr'><strong>suo</strong></span> <span class='ocrx_word' id='word_1_106' title='bbox 1038 1852 1468 1917; x_wconf 89' lang='lat' dir='ltr'><strong>inuiolabilem</strong></span> <span class='ocrx_word' id='word_1_107' title='bbox 1513 1853 1717 1917; x_wconf 86' lang='lat' dir='ltr'><strong>iunxit</strong></span> <span class='ocrx_word' id='word_1_108' title='bbox 1772 1853 1983 1916; x_wconf 84' lang='lat' dir='ltr'><strong>dicens</strong></span> <span class='ocrx_word' id='word_1_109' title='bbox 2039 1853 2164 1935; x_wconf 92' lang='lat' dir='ltr'><strong>qui</strong></span> <span class='ocrx_word' id='word_1_110' title='bbox 2223 1852 2405 1916; x_wconf 88' lang='lat' dir='ltr'><strong>haec</strong></span> <span class='ocrx_word' id='word_1_111' title='bbox 2466 1853 2786 1935; x_wconf 88' lang='lat' dir='ltr'><strong>spernit,</strong></span> 
     </span>
     <span class='ocr_line' id='line_1_15' title="bbox 501 1955 2785 2040; baseline 0.001 -22"><span class='ocrx_word' id='word_1_112' title='bbox 501 1955 564 2018; x_wconf 91' lang='lat' dir='ltr'><strong>id</strong></span> <span class='ocrx_word' id='word_1_113' title='bbox 611 1960 708 2019; x_wconf 88' lang='lat' dir='ltr'><strong>est</strong></span> <span class='ocrx_word' id='word_1_114' title='bbox 768 1975 927 2038; x_wconf 86' lang='lat' dir='ltr'><strong>quae</strong></span> <span class='ocrx_word' id='word_1_115' title='bbox 989 1957 1064 2020; x_wconf 89' lang='lat' dir='ltr'><strong>de</strong></span> <span class='ocrx_word' id='word_1_116' title='bbox 1127 1957 1542 2022; x_wconf 88' lang='lat' dir='ltr'><strong>sanctimonia</strong></span> <span class='ocrx_word' id='word_1_117' title='bbox 1602 1958 1922 2040; x_wconf 86' lang='lat' dir='ltr'><strong>praefatus</strong></span> <span class='ocrx_word' id='word_1_118' title='bbox 1984 1976 2147 2038; x_wconf 90' lang='lat' dir='ltr'><strong>sum,</strong></span> <span class='ocrx_word' id='word_1_119' title='bbox 2210 1976 2353 2021; x_wconf 91' lang='lat' dir='ltr'><strong>non</strong></span> <span class='ocrx_word' id='word_1_120' title='bbox 2411 1956 2785 2021; x_wconf 90' lang='lat' dir='ltr'><strong>hominem</strong></span> 
     </span>
     <span class='ocr_line' id='line_1_16' title="bbox 502 2061 2900 2145; baseline 0.002 -22"><span class='ocrx_word' id='word_1_121' title='bbox 502 2061 822 2142; x_wconf 88' lang='lat' dir='ltr'><strong>spernit,</strong></span> <span class='ocrx_word' id='word_1_122' title='bbox 868 2062 986 2125; x_wconf 88' lang='lat' dir='ltr'><strong>hoc</strong></span> <span class='ocrx_word' id='word_1_123' title='bbox 1033 2066 1128 2125; x_wconf 88' lang='lat' dir='ltr'><strong>est</strong></span> <span class='ocrx_word' id='word_1_124' title='bbox 1177 2081 1276 2125; x_wconf 89' lang='lat' dir='ltr'><strong>me</strong></span> <span class='ocrx_word' id='word_1_125' title='bbox 1324 2063 1431 2144; x_wconf 91' lang='lat' dir='ltr'><strong>qui</strong></span> <span class='ocrx_word' id='word_1_126' title='bbox 1477 2062 1633 2126; x_wconf 86' lang='lat' dir='ltr'><strong>haec</strong></span> <span class='ocrx_word' id='word_1_127' title='bbox 1678 2062 2009 2145; x_wconf 85' lang='lat' dir='ltr'><strong>praecipio,</strong></span> <span class='ocrx_word' id='word_1_128' title='bbox 2073 2062 2199 2125; x_wconf 91' lang='lat' dir='ltr'><strong>sed</strong></span> <span class='ocrx_word' id='word_1_129' title='bbox 2246 2062 2487 2142; x_wconf 91' lang='lat' dir='ltr'><strong>deum,</strong></span> <span class='ocrx_word' id='word_1_130' title='bbox 2543 2062 2667 2144; x_wconf 91' lang='lat' dir='ltr'><strong>qui</strong></span> <span class='ocrx_word' id='word_1_131' title='bbox 2714 2062 2789 2125; x_wconf 90' lang='lat' dir='ltr'><strong>in</strong></span> <span class='ocrx_word' id='word_1_132' title='bbox 2848 2087 2900 2128; x_wconf 71' lang='grc' dir='ltr'><strong>ιε»</strong></span> 
     </span>
     <span class='ocr_line' id='line_1_17' title="bbox 501 2164 2791 2250; baseline 0.001 -23"><span class='ocrx_word' id='word_1_133' title='bbox 501 2183 610 2228; x_wconf 87' lang='lat' dir='ltr'><strong>me</strong></span> <span class='ocrx_word' id='word_1_134' title='bbox 656 2165 1020 2247; x_wconf 89' lang='lat' dir='ltr'><strong>loquitur,</strong></span> <span class='ocrx_word' id='word_1_135' title='bbox 1071 2167 1174 2248; x_wconf 92' lang='lat' dir='ltr'><strong>qui</strong></span> <span class='ocrx_word' id='word_1_136' title='bbox 1219 2167 1410 2230; x_wconf 88' lang='lat' dir='ltr'><strong>etiam</strong></span> <span class='ocrx_word' id='word_1_137' title='bbox 1451 2167 1702 2250; x_wconf 90' lang='lat' dir='ltr'><strong>spiritui</strong></span> <span class='ocrx_word' id='word_1_138' title='bbox 1736 2185 1847 2230; x_wconf 89' lang='lat' dir='ltr'><strong>suo</strong></span> <span class='ocrx_word' id='word_1_139' title='bbox 1882 2169 2098 2230; x_wconf 89' lang='lat' dir='ltr'><strong>sancto</strong></span> <span class='ocrx_word' id='word_1_140' title='bbox 2132 2184 2235 2230; x_wconf 92' lang='lat' dir='ltr'><strong>cor</strong></span> <span class='ocrx_word' id='word_1_141' title='bbox 2281 2169 2568 2232; x_wconf 88' lang='lat' dir='ltr'><strong>nostrum</strong></span> <span class='ocrx_word' id='word_1_142' title='bbox 2610 2164 2791 2230; x_wconf 87' lang='lat' dir='ltr'><strong>habi-</strong></span> 
     </span>
     <span class='ocr_line' id='line_1_18' title="bbox 500 2269 2790 2354; baseline 0.001 -23"><span class='ocrx_word' id='word_1_143' title='bbox 500 2269 780 2332; x_wconf 86' lang='lat' dir='ltr'><strong>taculum</strong></span> <span class='ocrx_word' id='word_1_144' title='bbox 828 2269 1173 2352; x_wconf 83' lang='lat' dir='ltr'><strong>deputauit.</strong></span> <span class='ocrx_word' id='word_1_145' title='bbox 1251 2271 1454 2334; x_wconf 87' lang='lat' dir='ltr'><strong>cernis</strong></span> <span class='ocrx_word' id='word_1_146' title='bbox 1501 2269 1894 2354; x_wconf 88' lang='lat' dir='ltr'><strong>simplicibus</strong></span> <span class='ocrx_word' id='word_1_147' title='bbox 1940 2269 2152 2334; x_wconf 87' lang='lat' dir='ltr'><strong>uerbis</strong></span> <span class='ocrx_word' id='word_1_148' title='bbox 2200 2289 2272 2335; x_wconf 90' lang='lat' dir='ltr'><strong>ac</strong></span> <span class='ocrx_word' id='word_1_149' title='bbox 2326 2271 2500 2354; x_wconf 83' lang='lat' dir='ltr'><strong>puris</strong></span> <span class='ocrx_word' id='word_1_150' title='bbox 2563 2270 2790 2352; x_wconf 89' lang='lat' dir='ltr'><strong>quibus</strong></span> 
     </span>
     <span class='ocr_line' id='line_1_19' title="bbox 501 2362 2791 2458; baseline 0.001 -22"><span class='ocrx_word' id='word_1_151' title='bbox 501 2393 640 2438; x_wconf 87' lang='lat' dir='ltr'><strong>eam</strong></span> <span class='ocrx_word' id='word_1_152' title='bbox 685 2362 1033 2457; x_wconf 75' lang='lat' dir='ltr'><strong>praeconiis</strong></span> <span class='ocrx_word' id='word_1_153' title='bbox 1080 2377 1457 2457; x_wconf 89' lang='lat' dir='ltr'><strong>quantisque</strong></span> <span class='ocrx_word' id='word_1_154' title='bbox 1505 2375 1799 2439; x_wconf 86' lang='lat' dir='ltr'><strong>extulerit</strong></span> <span class='ocrx_word' id='word_1_155' title='bbox 1858 2375 2173 2456; x_wconf 83' lang='lat' dir='ltr'><strong>laudibuS,</strong></span> <span class='ocrx_word' id='word_1_156' title='bbox 2234 2376 2510 2458; x_wconf 89' lang='lat' dir='ltr'><strong>primum</strong></span> <span class='ocrx_word' id='word_1_157' title='bbox 2571 2375 2791 2439; x_wconf 88' lang='lat' dir='ltr'><strong>uirtuti</strong></span> 
     </span>
     <span class='ocr_line' id='line_1_20' title="bbox 499 2479 2791 2565; baseline 0 -22"><span class='ocrx_word' id='word_1_158' title='bbox 499 2479 646 2543; x_wconf 91' lang='lat' dir='ltr'><strong>huic</strong></span> <span class='ocrx_word' id='word_1_159' title='bbox 693 2479 1256 2545; x_wconf 87' lang='lat' dir='ltr'><strong>sanctificationem</strong></span> <span class='ocrx_word' id='word_1_160' title='bbox 1300 2481 1546 2565; x_wconf 85' lang='lat' dir='ltr'><strong>proprie</strong></span> <span class='ocrx_word' id='word_1_161' title='bbox 1596 2479 1949 2561; x_wconf 89' lang='lat' dir='ltr'><strong>tribuend0,</strong></span> <span class='ocrx_word' id='word_1_162' title='bbox 2010 2481 2232 2545; x_wconf 88' lang='lat' dir='ltr'><strong>deinde</strong></span> <span class='ocrx_word' id='word_1_163' title='bbox 2294 2501 2403 2565; x_wconf 89' lang='lat' dir='ltr'><strong>per</strong></span> <span class='ocrx_word' id='word_1_164' title='bbox 2462 2480 2627 2546; x_wconf 88' lang='lat' dir='ltr'><strong>hanc</strong></span> <span class='ocrx_word' id='word_1_165' title='bbox 2682 2480 2791 2544; x_wconf 88' lang='lat' dir='ltr'><strong>ad-</strong></span> 
     </span>
     <span class='ocr_line' id='line_1_21' title="bbox 501 2585 2901 2670; baseline 0 -21"><span class='ocrx_word' id='word_1_166' title='bbox 501 2603 713 2649; x_wconf 90' lang='lat' dir='ltr'><strong>serens</strong></span> <span class='ocrx_word' id='word_1_167' title='bbox 762 2604 874 2647; x_wconf 91' lang='lat' dir='ltr'><strong>uas</strong></span> <span class='ocrx_word' id='word_1_168' title='bbox 922 2586 1118 2650; x_wconf 90' lang='lat' dir='ltr'><strong>nostri</strong></span> <span class='ocrx_word' id='word_1_169' title='bbox 1163 2587 1435 2670; x_wconf 90' lang='lat' dir='ltr'><strong>corporis</strong></span> <span class='ocrx_word' id='word_1_170' title='bbox 1482 2586 1867 2650; x_wconf 87' lang='lat' dir='ltr'><strong>inmunditia</strong></span> <span class='ocrx_word' id='word_1_171' title='bbox 1909 2585 2327 2667; x_wconf 89' lang='lat' dir='ltr'><strong>liberandum,</strong></span> <span class='ocrx_word' id='word_1_172' title='bbox 2375 2587 2579 2665; x_wconf 87' lang='lat' dir='ltr'><strong>tertio,</strong></span> <span class='ocrx_word' id='word_1_173' title='bbox 2626 2585 2791 2667; x_wconf 91' lang='lat' dir='ltr'><strong>quod</strong></span> <span class='ocrx_word' id='word_1_174' title='bbox 2832 2612 2901 2657; x_wconf 59' lang='grc' dir='ltr'><strong>χο</strong></span> 
     </span>
     <span class='ocr_line' id='line_1_22' title="bbox 501 2690 2789 2773; baseline 0 -20"><span class='ocrx_word' id='word_1_175' title='bbox 501 2690 748 2753; x_wconf 89' lang='lat' dir='ltr'><strong>abiecta</strong></span> <span class='ocrx_word' id='word_1_176' title='bbox 792 2690 1138 2773; x_wconf 85' lang='lat' dir='ltr'><strong>ignominia</strong></span> <span class='ocrx_word' id='word_1_177' title='bbox 1185 2693 1248 2754; x_wconf 88' lang='lat' dir='ltr'><strong>et</strong></span> <span class='ocrx_word' id='word_1_178' title='bbox 1293 2690 1677 2755; x_wconf 87' lang='lat' dir='ltr'><strong>contumelia</strong></span> <span class='ocrx_word' id='word_1_179' title='bbox 1721 2691 1787 2754; x_wconf 93' lang='lat' dir='ltr'><strong>in</strong></span> <span class='ocrx_word' id='word_1_180' title='bbox 1818 2690 2051 2754; x_wconf 89' lang='lat' dir='ltr'><strong>honore</strong></span> <span class='ocrx_word' id='word_1_181' title='bbox 2085 2691 2168 2755; x_wconf 89' lang='lat' dir='ltr'><strong>sit</strong></span> <span class='ocrx_word' id='word_1_182' title='bbox 2200 2695 2264 2755; x_wconf 89' lang='lat' dir='ltr'><strong>et</strong></span> <span class='ocrx_word' id='word_1_183' title='bbox 2296 2690 2789 2755; x_wconf 88' lang='lat' dir='ltr'><strong>sanctificatione</strong></span> 
     </span>
     <span class='ocr_line' id='line_1_23' title="bbox 501 2795 2787 2879; baseline 0 -22"><span class='ocrx_word' id='word_1_184' title='bbox 501 2813 896 2859; x_wconf 86' lang='lat' dir='ltr'><strong>mansurum:</strong></span> <span class='ocrx_word' id='word_1_185' title='bbox 965 2798 1312 2878; x_wconf 90' lang='lat' dir='ltr'><strong>postremo,</strong></span> <span class='ocrx_word' id='word_1_186' title='bbox 1380 2813 1538 2877; x_wconf 87' lang='lat' dir='ltr'><strong>quae</strong></span> <span class='ocrx_word' id='word_1_187' title='bbox 1600 2814 1855 2859; x_wconf 87' lang='lat' dir='ltr'><strong>summa</strong></span> <span class='ocrx_word' id='word_1_188' title='bbox 1914 2800 2012 2860; x_wconf 90' lang='lat' dir='ltr'><strong>est</strong></span> <span class='ocrx_word' id='word_1_189' title='bbox 2070 2796 2333 2879; x_wconf 89' lang='lat' dir='ltr'><strong>perfecti</strong></span> <span class='ocrx_word' id='word_1_190' title='bbox 2391 2795 2655 2879; x_wconf 88' lang='lat' dir='ltr'><strong>praemii</strong></span> <span class='ocrx_word' id='word_1_191' title='bbox 2716 2813 2787 2858; x_wconf 90' lang='lat' dir='ltr'><strong>ac</strong></span> 
     </span>
     <span class='ocr_line' id='line_1_24' title="bbox 497 2898 2786 2985; baseline -0 -22"><span class='ocrx_word' id='word_1_192' title='bbox 497 2898 907 2963; x_wconf 81' lang='lat' dir='ltr'><strong>beatitudinis</strong></span> <span class='ocrx_word' id='word_1_193' title='bbox 953 2901 1394 2981; x_wconf 88' lang='lat' dir='ltr'><strong>remuneratio,</strong></span> <span class='ocrx_word' id='word_1_194' title='bbox 1441 2920 1552 2985; x_wconf 92' lang='lat' dir='ltr'><strong>per</strong></span> <span class='ocrx_word' id='word_1_195' title='bbox 1598 2900 1763 2964; x_wconf 89' lang='lat' dir='ltr'><strong>hanc</strong></span> <span class='ocrx_word' id='word_1_196' title='bbox 1808 2899 2233 2964; x_wconf 89' lang='lat' dir='ltr'><strong>habitatorem</strong></span> <span class='ocrx_word' id='word_1_197' title='bbox 2277 2900 2547 2983; x_wconf 87' lang='lat' dir='ltr'><strong>pectoris</strong></span> <span class='ocrx_word' id='word_1_198' title='bbox 2590 2898 2786 2963; x_wconf 86' lang='lat' dir='ltr'><strong>nostri</strong></span> 
     </span>
     <span class='ocr_line' id='line_1_25' title="bbox 499 3006 1729 3091; baseline 0.002 -23"><span class='ocrx_word' id='word_1_199' title='bbox 499 3008 789 3069; x_wconf 86' lang='lat' dir='ltr'><strong>sanctum</strong></span> <span class='ocrx_word' id='word_1_200' title='bbox 839 3006 967 3070; x_wconf 88' lang='lat' dir='ltr'><strong>fore</strong></span> <span class='ocrx_word' id='word_1_201' title='bbox 1015 3008 1306 3089; x_wconf 87' lang='lat' dir='ltr'><strong>spiritum</strong></span> <span class='ocrx_word' id='word_1_202' title='bbox 1353 3007 1729 3091; x_wconf 87' lang='lat' dir='ltr'><strong>designauit.</strong></span> 
     </span>
    </p>

    <p class='ocr_par' dir='ltr' id='par_1_4' title="bbox 496 3110 2893 3507">
     <span class='ocr_line' id='line_1_26' title="bbox 584 3110 2893 3191; baseline 0 -18"><span class='ocrx_word' id='word_1_203' title='bbox 584 3110 753 3175; x_wconf 90' lang='lat' dir='ltr'>XVI.</span> <span class='ocrx_word' id='word_1_204' title='bbox 801 3110 883 3175; x_wconf 85' lang='lat' dir='ltr'><strong>Et</strong></span> <span class='ocrx_word' id='word_1_205' title='bbox 939 3112 1089 3176; x_wconf 90' lang='lat' dir='ltr'><strong>licet</strong></span> <span class='ocrx_word' id='word_1_206' title='bbox 1143 3112 1222 3175; x_wconf 88' lang='lat' dir='ltr'><strong>ad</strong></span> <span class='ocrx_word' id='word_1_207' title='bbox 1279 3112 1469 3177; x_wconf 90' lang='lat' dir='ltr'><strong>finem</strong></span> <span class='ocrx_word' id='word_1_208' title='bbox 1530 3110 1730 3176; x_wconf 91' lang='lat' dir='ltr'><strong>libelli</strong></span> <span class='ocrx_word' id='word_1_209' title='bbox 1789 3111 2011 3175; x_wconf 89' lang='lat' dir='ltr'><strong>tendat</strong></span> <span class='ocrx_word' id='word_1_210' title='bbox 2071 3112 2286 3191; x_wconf 89' lang='lat' dir='ltr'><strong>orati0,</strong></span> <span class='ocrx_word' id='word_1_211' title='bbox 2348 3110 2517 3177; x_wconf 88' lang='lat' dir='ltr'><strong>aliud</strong></span> <span class='ocrx_word' id='word_1_212' title='bbox 2582 3110 2785 3175; x_wconf 88' lang='lat' dir='ltr'><strong>adhuc</strong></span> <span class='ocrx_word' id='word_1_213' title='bbox 2838 3133 2893 3173; x_wconf 74' lang='lat'><strong>25</strong></span> 
     </span>
     <span class='ocr_line' id='line_1_27' title="bbox 497 3215 2785 3301; baseline -0 -23"><span class='ocrx_word' id='word_1_214' title='bbox 497 3215 704 3279; x_wconf 90' lang='lat' dir='ltr'><strong>simile</strong></span> <span class='ocrx_word' id='word_1_215' title='bbox 750 3216 898 3280; x_wconf 91' lang='lat' dir='ltr'><strong>huic</strong></span> <span class='ocrx_word' id='word_1_216' title='bbox 943 3220 1189 3300; x_wconf 89' lang='lat' dir='ltr'><strong>praeter</strong></span> <span class='ocrx_word' id='word_1_217' title='bbox 1243 3216 1624 3301; x_wconf 90' lang='lat' dir='ltr'><strong>promissum</strong></span> <span class='ocrx_word' id='word_1_218' title='bbox 1685 3216 1966 3281; x_wconf 87' lang='lat' dir='ltr'><strong>eiusdem</strong></span> <span class='ocrx_word' id='word_1_219' title='bbox 2028 3216 2290 3299; x_wconf 84' lang='lat' dir='ltr'><strong>apostoli</strong></span> <span class='ocrx_word' id='word_1_220' title='bbox 2349 3215 2785 3280; x_wconf 87' lang='lat' dir='ltr'><strong>testimonium</strong></span> 
     </span>
     <span class='ocr_line' id='line_1_28' title="bbox 496 3320 2785 3405; baseline -0.001 -20"><span class='ocrx_word' id='word_1_221' title='bbox 496 3338 744 3402; x_wconf 89' lang='lat' dir='ltr'><strong>ponam.</strong></span> <span class='ocrx_word' id='word_1_222' title='bbox 817 3322 895 3385; x_wconf 88' lang='lat' dir='ltr'><strong>ad</strong></span> <span class='ocrx_word' id='word_1_223' title='bbox 925 3320 1248 3387; x_wconf 89' lang='lat' dir='ltr'><strong>Hebraeos</strong></span> <span class='ocrx_word' id='word_1_224' title='bbox 1293 3340 1568 3404; x_wconf 88' lang='lat' dir='ltr'><strong>namque</strong></span> <span class='ocrx_word' id='word_1_225' title='bbox 1616 3320 1897 3386; x_wconf 90' lang='lat' dir='ltr'><strong>scribens</strong></span> <span class='ocrx_word' id='word_1_226' title='bbox 1944 3340 2229 3405; x_wconf 88' lang='lat' dir='ltr'><strong>pacem,</strong></span> <span class='ocrx_word' id='word_1_227' title='bbox 2276 3321 2501 3402; x_wconf 87' lang='lat' dir='ltr'><strong>inquit,</strong></span> <span class='ocrx_word' id='word_1_228' title='bbox 2548 3324 2785 3384; x_wconf 86' lang='lat' dir='ltr'><strong>secta-</strong></span> 
     </span>
     <span class='ocr_line' id='line_1_29' title="bbox 497 3425 2782 3507; baseline 0 -19"><span class='ocrx_word' id='word_1_229' title='bbox 497 3426 676 3489; x_wconf 91' lang='lat' dir='ltr'><strong>mini</strong></span> <span class='ocrx_word' id='word_1_230' title='bbox 725 3445 886 3490; x_wconf 88' lang='lat' dir='ltr'><strong>cum</strong></span> <span class='ocrx_word' id='word_1_231' title='bbox 931 3426 1306 3507; x_wconf 90' lang='lat' dir='ltr'><strong>omnibus,</strong></span> <span class='ocrx_word' id='word_1_232' title='bbox 1355 3430 1425 3491; x_wconf 92' lang='lat' dir='ltr'><strong>et</strong></span> <span class='ocrx_word' id='word_1_233' title='bbox 1473 3425 2085 3506; x_wconf 89' lang='lat' dir='ltr'><strong>sanctimoniam,</strong></span> <span class='ocrx_word' id='word_1_234' title='bbox 2148 3426 2309 3489; x_wconf 89' lang='lat' dir='ltr'><strong>sine</strong></span> <span class='ocrx_word' id='word_1_235' title='bbox 2370 3443 2511 3507; x_wconf 89' lang='lat' dir='ltr'><strong>qua</strong></span> <span class='ocrx_word' id='word_1_236' title='bbox 2572 3443 2782 3490; x_wconf 88' lang='lat' dir='ltr'><strong>nemo</strong></span> 
     </span>
    </p>
   </div>
   <div class='ocr_carea' id='block_1_3' title="bbox 703 3606 2783 3679">
    <p class='ocr_par' dir='ltr' id='par_1_5' title="bbox 703 3606 2783 3679">
     <span class='ocr_line' id='line_1_30' title="bbox 703 3606 2783 3679; baseline 0 -16"><span class='ocrx_word' id='word_1_237' title='bbox 703 3607 1060 3678; x_wconf 81' lang='lat' dir='ltr'><strong>9]1.0.7—s.</strong></span> <span class='ocrx_word' id='word_1_238' title='bbox 1137 3607 1450 3678; x_wconf 77' lang='lat' dir='ltr'><strong>1511100r.</strong></span> <span class='ocrx_word' id='word_1_239' title='bbox 1474 3611 1554 3673; x_wconf 88' lang='lat'><strong>13,</strong></span> <span class='ocrx_word' id='word_1_240' title='bbox 1580 3611 1629 3664; x_wconf 87' lang='lat'><strong>3.</strong></span> <span class='ocrx_word' id='word_1_241' title='bbox 1706 3608 1793 3678; x_wconf 87' lang='lat'><strong>16]</strong></span> <span class='ocrx_word' id='word_1_242' title='bbox 1818 3608 1885 3661; x_wconf 79' lang='lat' dir='ltr'><strong>of.</strong></span> <span class='ocrx_word' id='word_1_243' title='bbox 1905 3607 2041 3679; x_wconf 84' lang='lat' dir='ltr'><strong>Eph.</strong></span> <span class='ocrx_word' id='word_1_244' title='bbox 2060 3610 2109 3672; x_wconf 87' lang='lat'><strong>2,</strong></span> <span class='ocrx_word' id='word_1_245' title='bbox 2136 3610 2220 3663; x_wconf 87' lang='lat'><strong>22.</strong></span> <span class='ocrx_word' id='word_1_246' title='bbox 2292 3606 2673 3678; x_wconf 79' lang='lat' dir='ltr'><strong>27JHeb1-.12,</strong></span> <span class='ocrx_word' id='word_1_247' title='bbox 2702 3610 2783 3663; x_wconf 84' lang='lat'><strong>14.</strong></span> 
     </span>
    </p>
   </div>
   <div class='ocr_carea' id='block_1_4' title="bbox 492 3773 2791 4456">
    <p class='ocr_par' dir='ltr' id='par_1_6' title="bbox 492 3773 2791 4456">
     <span class='ocr_line' id='line_1_31' title="bbox 587 3773 2781 3844; baseline 0 -15"><span class='ocrx_word' id='word_1_248' title='bbox 587 3776 612 3829; x_wconf 93' lang='grc'><strong><em>1</em></strong></span> <span class='ocrx_word' id='word_1_249' title='bbox 653 3773 840 3843; x_wconf 89' lang='lat' dir='ltr'><strong>inquid</strong></span> <span class='ocrx_word' id='word_1_250' title='bbox 865 3775 992 3829; x_wconf 86' lang='lat' dir='ltr'><strong>AH</strong></span> <span class='ocrx_word' id='word_1_251' title='bbox 1088 3777 1121 3830; x_wconf 85' lang='lat'>2</span> <span class='ocrx_word' id='word_1_252' title='bbox 1159 3792 1318 3829; x_wconf 84' lang='lat' dir='ltr'><strong>suum</strong></span> <span class='ocrx_word' id='word_1_253' title='bbox 1353 3792 1448 3829; x_wconf 82' lang='lat' dir='ltr'><strong>uas</strong></span> <span class='ocrx_word' id='word_1_254' title='bbox 1481 3776 1534 3830; x_wconf 91' lang='lat' dir='ltr'><strong><em>L</em></strong></span> <span class='ocrx_word' id='word_1_255' title='bbox 1642 3774 2062 3829; x_wconf 85' lang='lat' dir='ltr'><strong>sanctificatione</strong></span> <span class='ocrx_word' id='word_1_256' title='bbox 2098 3777 2153 3829; x_wconf 82' lang='lat' dir='ltr'><strong>et·</strong></span> <span class='ocrx_word' id='word_1_257' title='bbox 2186 3774 2386 3829; x_wconf 86' lang='lat' dir='ltr'><strong>honore</strong></span> <span class='ocrx_word' id='word_1_258' title='bbox 2410 3776 2497 3830; x_wconf 84' lang='lat' dir='ltr'><strong>Lv</strong></span> <span class='ocrx_word' id='word_1_259' title='bbox 2530 3781 2582 3830; x_wconf 81' lang='lat' dir='ltr'><strong>ct</strong></span> <span class='ocrx_word' id='word_1_260' title='bbox 2626 3775 2781 3844; x_wconf 63' lang='grc' dir='ltr'><strong><em>Παῖς.</em></strong></span> 
     </span>
     <span class='ocr_line' id='line_1_32' title="bbox 495 3860 2785 3931; baseline 0 -16"><span class='ocrx_word' id='word_1_261' title='bbox 495 3864 530 3915; x_wconf 86' lang='grc'><strong>4</strong></span> <span class='ocrx_word' id='word_1_262' title='bbox 575 3860 849 3929; x_wconf 84' lang='lat' dir='ltr'><strong>ignorant]</strong></span> <span class='ocrx_word' id='word_1_263' title='bbox 896 3877 1004 3915; x_wconf 91' lang='lat' dir='ltr'><strong>non</strong></span> <span class='ocrx_word' id='word_1_264' title='bbox 1049 3864 1316 3917; x_wconf 82' lang='lat' dir='ltr'><strong>nonerunt</strong></span> <span class='ocrx_word' id='word_1_265' title='bbox 1358 3863 1411 3917; x_wconf 91' lang='lat' dir='ltr'><strong><em>L</em></strong></span> <span class='ocrx_word' id='word_1_266' title='bbox 1517 3860 1668 3915; x_wconf 88' lang='lat' dir='ltr'><strong>uides</strong></span> <span class='ocrx_word' id='word_1_267' title='bbox 1704 3863 1791 3917; x_wconf 85' lang='lat' dir='ltr'><strong>Ar</strong></span> <span class='ocrx_word' id='word_1_268' title='bbox 1832 3864 1904 3931; x_wconf 77' lang='lat' dir='ltr'><strong>cf.</strong></span> <span class='ocrx_word' id='word_1_269' title='bbox 1942 3868 2133 3918; x_wconf 76' lang='lat' dir='ltr'><strong>contra</strong></span> <span class='ocrx_word' id='word_1_270' title='bbox 2168 3862 2383 3917; x_wconf 81' lang='lat' dir='ltr'><strong>Nestor.</strong></span> <span class='ocrx_word' id='word_1_271' title='bbox 2422 3862 2575 3931; x_wconf 85' lang='lat'><em>1111,</em></span> <span class='ocrx_word' id='word_1_272' title='bbox 2621 3866 2703 3930; x_wconf 86' lang='lat'><strong>11,</strong></span> <span class='ocrx_word' id='word_1_273' title='bbox 2746 3865 2785 3915; x_wconf 83' lang='lat'><em>2</em></span> 
     </span>
     <span class='ocr_line' id='line_1_33' title="bbox 496 3946 2783 4017; baseline -0.001 -14"><span class='ocrx_word' id='word_1_274' title='bbox 496 3951 528 4003; x_wconf 84' lang='lat'><strong>7</strong></span> <span class='ocrx_word' id='word_1_275' title='bbox 565 3951 620 4001; x_wconf 89' lang='lat' dir='ltr'><strong>et</strong></span> <span class='ocrx_word' id='word_1_276' title='bbox 653 3948 710 4001; x_wconf 88' lang='lat' dir='ltr'><strong>in</strong></span> <span class='ocrx_word' id='word_1_277' title='bbox 747 3946 1072 4002; x_wconf 89' lang='lat' dir='ltr'><strong>inmunditia</strong></span> <span class='ocrx_word' id='word_1_278' title='bbox 1107 3949 1270 4006; x_wconf 80' lang='lat' dir='ltr'><strong>AL²c</strong></span> <span class='ocrx_word' id='word_1_279' title='bbox 1391 3951 1445 4003; x_wconf 87' lang='lat' dir='ltr'><strong>et</strong></span> <span class='ocrx_word' id='word_1_280' title='bbox 1489 3950 1547 4002; x_wconf 92' lang='lat' dir='ltr'><strong>in</strong></span> <span class='ocrx_word' id='word_1_281' title='bbox 1592 3948 1889 4017; x_wconf 86' lang='lat' dir='ltr'><strong>ignominia</strong></span> <span class='ocrx_word' id='word_1_282' title='bbox 1934 3951 1988 4003; x_wconf 87' lang='lat' dir='ltr'><strong>et</strong></span> <span class='ocrx_word' id='word_1_283' title='bbox 2032 3947 2359 4003; x_wconf 89' lang='lat' dir='ltr'><strong>inmunditia</strong></span> <span class='ocrx_word' id='word_1_284' title='bbox 2404 3950 2475 4003; x_wconf 88' lang='lat' dir='ltr'><strong><em>H</em></strong></span> <span class='ocrx_word' id='word_1_285' title='bbox 2588 3951 2622 4004; x_wconf 89' lang='lat'>8</span> <span class='ocrx_word' id='word_1_286' title='bbox 2668 3964 2783 4001; x_wconf 88' lang='lat' dir='ltr'><strong>rur-</strong></span> 
     </span>
     <span class='ocr_line' id='line_1_34' title="bbox 495 4034 2785 4105; baseline 0.001 -18"><span class='ocrx_word' id='word_1_287' title='bbox 495 4051 614 4087; x_wconf 89' lang='lat' dir='ltr'><strong>sum</strong></span> <span class='ocrx_word' id='word_1_288' title='bbox 657 4036 728 4089; x_wconf 88' lang='lat' dir='ltr'><strong><em>H</em></strong></span> <span class='ocrx_word' id='word_1_289' title='bbox 842 4038 876 4091; x_wconf 85' lang='lat'>9</span> <span class='ocrx_word' id='word_1_290' title='bbox 913 4034 1042 4089; x_wconf 88' lang='lat' dir='ltr'><strong>deus</strong></span> <span class='ocrx_word' id='word_1_291' title='bbox 1087 4054 1188 4091; x_wconf 85' lang='lat' dir='ltr'><strong>om.</strong></span> <span class='ocrx_word' id='word_1_292' title='bbox 1223 4036 1336 4091; x_wconf 77' lang='lat' dir='ltr'><strong>AG</strong></span> <span class='ocrx_word' id='word_1_293' title='bbox 1463 4038 1526 4091; x_wconf 88' lang='grc'><strong>10</strong></span> <span class='ocrx_word' id='word_1_294' title='bbox 1573 4036 1928 4105; x_wconf 86' lang='lat' dir='ltr'><strong>ignominiam</strong></span> <span class='ocrx_word' id='word_1_295' title='bbox 1969 4036 2215 4091; x_wconf 80' lang='lat' dir='ltr'><strong><em>GHLT:</em></strong></span> <span class='ocrx_word' id='word_1_296' title='bbox 2258 4034 2659 4089; x_wconf 84' lang='lat' dir='ltr'><strong>immunditiam</strong></span> <span class='ocrx_word' id='word_1_297' title='bbox 2696 4036 2785 4090; x_wconf 78' lang='lat' dir='ltr'><strong>Av</strong></span> 
     </span>
     <span class='ocr_line' id='line_1_35' title="bbox 493 4122 2783 4194; baseline -0 -18"><span class='ocrx_word' id='word_1_298' title='bbox 493 4127 544 4176; x_wconf 80' lang='lat' dir='ltr'><strong>et</strong></span> <span class='ocrx_word' id='word_1_299' title='bbox 577 4122 732 4192; x_wconf 65' lang='grc' dir='ltr'><strong><em>Παῖς.</em></strong></span> <span class='ocrx_word' id='word_1_300' title='bbox 841 4122 1314 4177; x_wconf 84' lang='lat' dir='ltr'><strong>sanctificationem</strong></span> <span class='ocrx_word' id='word_1_301' title='bbox 1341 4124 1428 4179; x_wconf 79' lang='lat' dir='ltr'><strong>Gv</strong></span> <span class='ocrx_word' id='word_1_302' title='bbox 1449 4130 1498 4178; x_wconf 82' lang='lat' dir='ltr'><strong>et</strong></span> <span class='ocrx_word' id='word_1_303' title='bbox 1533 4125 1688 4194; x_wconf 62' lang='grc' dir='ltr'><strong><em>Παῖς.</em></strong></span> <span class='ocrx_word' id='word_1_304' title='bbox 1800 4126 1865 4179; x_wconf 89' lang='grc'><strong>12</strong></span> <span class='ocrx_word' id='word_1_305' title='bbox 1900 4125 2145 4176; x_wconf 82' lang='lat' dir='ltr'><strong>sanctum</strong></span> <span class='ocrx_word' id='word_1_306' title='bbox 2178 4139 2337 4177; x_wconf 87' lang='lat' dir='ltr'><strong>suum</strong></span> <span class='ocrx_word' id='word_1_307' title='bbox 2360 4124 2431 4177; x_wconf 88' lang='lat' dir='ltr'><strong><em>H</em></strong></span> <span class='ocrx_word' id='word_1_308' title='bbox 2532 4125 2596 4178; x_wconf 84' lang='lat'><strong>13</strong></span> <span class='ocrx_word' id='word_1_309' title='bbox 2631 4122 2783 4177; x_wconf 90' lang='lat' dir='ltr'><strong>iunc-</strong></span> 
     </span>
     <span class='ocr_line' id='line_1_36' title="bbox 494 4208 2783 4266; baseline 0.002 -5"><span class='ocrx_word' id='word_1_310' title='bbox 494 4209 572 4262; x_wconf 80' lang='lat' dir='ltr'><strong>xit</strong></span> <span class='ocrx_word' id='word_1_311' title='bbox 609 4210 678 4263; x_wconf 91' lang='lat' dir='ltr'><strong><em>H</em></strong></span> <span class='ocrx_word' id='word_1_312' title='bbox 779 4210 842 4264; x_wconf 89' lang='lat'><strong>14</strong></span> <span class='ocrx_word' id='word_1_313' title='bbox 880 4210 1232 4264; x_wconf 87' lang='lat' dir='ltr'><strong>sanctimonio</strong></span> <span class='ocrx_word' id='word_1_314' title='bbox 1269 4212 1354 4265; x_wconf 71' lang='grc' dir='ltr'><strong>Ηι</strong></span> <span class='ocrx_word' id='word_1_315' title='bbox 1463 4212 1528 4265; x_wconf 90' lang='lat'><strong>18</strong></span> <span class='ocrx_word' id='word_1_316' title='bbox 1563 4208 1858 4264; x_wconf 87' lang='lat' dir='ltr'><strong>uirtutibus</strong></span> <span class='ocrx_word' id='word_1_317' title='bbox 1891 4212 1967 4266; x_wconf 88' lang='lat' dir='ltr'><strong>L¹</strong></span> <span class='ocrx_word' id='word_1_318' title='bbox 2074 4212 2142 4265; x_wconf 85' lang='lat'><strong>20</strong></span> <span class='ocrx_word' id='word_1_319' title='bbox 2177 4208 2243 4263; x_wconf 87' lang='lat' dir='ltr'><strong>ab</strong></span> <span class='ocrx_word' id='word_1_320' title='bbox 2280 4209 2608 4264; x_wconf 87' lang='lat' dir='ltr'><strong>inmunditia</strong></span> <span class='ocrx_word' id='word_1_321' title='bbox 2644 4210 2783 4265; x_wconf 61' lang='lat' dir='ltr'><strong>GL«,</strong></span> 
     </span>
     <span class='ocr_line' id='line_1_37' title="bbox 492 4295 2791 4368; baseline 0.001 -18"><span class='ocrx_word' id='word_1_322' title='bbox 492 4298 558 4351; x_wconf 90' lang='grc'><strong>21</strong></span> <span class='ocrx_word' id='word_1_323' title='bbox 611 4295 1002 4352; x_wconf 77' lang='lat' dir='ltr'><strong>contumiliaA</strong></span> <span class='ocrx_word' id='word_1_324' title='bbox 1143 4300 1209 4352; x_wconf 85' lang='lat'><strong>22</strong></span> <span class='ocrx_word' id='word_1_325' title='bbox 1252 4314 1466 4351; x_wconf 86' lang='lat' dir='ltr'><strong>summa</strong></span> <span class='ocrx_word' id='word_1_326' title='bbox 1511 4297 1582 4350; x_wconf 90' lang='lat' dir='ltr'><strong>sit</strong></span> <span class='ocrx_word' id='word_1_327' title='bbox 1626 4297 1879 4368; x_wconf 84' lang='lat' dir='ltr'><strong>perfectio</strong></span> <span class='ocrx_word' id='word_1_328' title='bbox 1916 4299 1987 4352; x_wconf 99' lang='lat' dir='ltr'><strong><em>H</em></strong></span> <span class='ocrx_word' id='word_1_329' title='bbox 2117 4298 2219 4351; x_wconf 84' lang='lat' dir='ltr'><strong>hac</strong></span> <span class='ocrx_word' id='word_1_330' title='bbox 2264 4299 2339 4353; x_wconf 82' lang='lat' dir='ltr'><strong>L¹</strong></span> <span class='ocrx_word' id='word_1_331' title='bbox 2481 4300 2549 4353; x_wconf 83' lang='lat'><strong>25</strong></span> <span class='ocrx_word' id='word_1_332' title='bbox 2586 4296 2683 4351; x_wconf 87' lang='lat' dir='ltr'><strong>XV</strong></span> <span class='ocrx_word' id='word_1_333' title='bbox 2719 4298 2791 4353; x_wconf 90' lang='lat' dir='ltr'><strong><em>H</em></strong></span> 
     </span>
     <span class='ocr_line' id='line_1_38' title="bbox 495 4382 2791 4456; baseline 0.003 -21"><span class='ocrx_word' id='word_1_334' title='bbox 495 4382 630 4437; x_wconf 85' lang='lat' dir='ltr'><strong>aliut</strong></span> <span class='ocrx_word' id='word_1_335' title='bbox 654 4386 708 4438; x_wconf 81' lang='lat' dir='ltr'><strong><em>A</em></strong></span> <span class='ocrx_word' id='word_1_336' title='bbox 815 4386 883 4439; x_wconf 82' lang='lat'><strong>26</strong></span> <span class='ocrx_word' id='word_1_337' title='bbox 907 4384 1228 4453; x_wconf 85' lang='lat' dir='ltr'><strong>premissum</strong></span> <span class='ocrx_word' id='word_1_338' title='bbox 1255 4386 1324 4441; x_wconf 80' lang='lat' dir='ltr'><strong>S.-</strong></span> <span class='ocrx_word' id='word_1_339' title='bbox 1355 4387 1423 4454; x_wconf 77' lang='lat' dir='ltr'><strong>cf.</strong></span> <span class='ocrx_word' id='word_1_340' title='bbox 1443 4402 1576 4456; x_wconf 76' lang='lat' dir='ltr'><strong>pay.</strong></span> <span class='ocrx_word' id='word_1_341' title='bbox 1606 4389 1725 4454; x_wconf 82' lang='lat'><strong>123,</strong></span> <span class='ocrx_word' id='word_1_342' title='bbox 1752 4390 1821 4440; x_wconf 79' lang='lat'><strong>17</strong></span> <span class='ocrx_word' id='word_1_343' title='bbox 1913 4387 1979 4441; x_wconf 84' lang='lat'><strong>27</strong></span> <span class='ocrx_word' id='word_1_344' title='bbox 2006 4384 2231 4441; x_wconf 84' lang='lat' dir='ltr'><strong>hebreos</strong></span> <span class='ocrx_word' id='word_1_345' title='bbox 2256 4386 2408 4441; x_wconf 80' lang='lat' dir='ltr'><strong>codd.</strong></span> <span class='ocrx_word' id='word_1_346' title='bbox 2506 4384 2693 4454; x_wconf 88' lang='lat' dir='ltr'><strong>inquid</strong></span> <span class='ocrx_word' id='word_1_347' title='bbox 2719 4386 2791 4441; x_wconf 88' lang='lat' dir='ltr'><strong><em>H</em></strong></span> 
     </span>
    </p>
   </div>
  </div>
 </body>
</html>
