3167 4975
526 445 654 510 380
1336 445 1654 499 Iohannis
1699 444 2000 498 Cassiani

524 641 792 704 egenum
853 622 1175 686 dominum
1238 622 1449 685 Iesum
1513 621 1830 685 Christum
1891 621 2085 684 fuisse
2146 620 2374 700 crediS,
2437 620 2628 702 quod,
2691 619 2813 683 nisi

524 745 666 790 eum
698 727 955 810 spiritus
988 727 1299 790 eleuasset
1330 726 1394 790 in
1432 727 1695 806 caelum,
1743 726 1944 790 adhue
1990 725 2174 790 hodie
2217 725 2480 789 forsitan
2526 724 2810 788 futurum

522 832 887 895 aestimares
933 832 997 894 in
1045 835 1230 895 terra.
1306 831 1385 894 ad
1430 829 1863 914 probationem
1929 835 2140 895 autem
2187 830 2334 894 dicti
2393 830 2584 893 etiam
2632 829 2811 892 testi-

522 936 801 1000 monium
850 953 1097 1000 sacrum
1146 934 1447 998 adhibens
1494 936 1627 1016 ait,
1675 935 1906 1017 inquiS,
1963 935 2184 1000 enim:
2234 935 2415 999 dans
2463 933 2813 998 mandata

520 1041 915 1123 apostoliS,
962 1058 1143 1122 quos
1192 1041 1454 1122 elegit,
1500 1059 1630 1123 per
1675 1040 2026 1123 spiritum
2075 1044 2417 1104 sanctum
2463 1039 2808 1102 eleuatus

440 1155 475 1207 2
525 1149 656 1209 est.
732 1145 879 1227 quid
938 1149 999 1208 te
1062 1146 1393 1228 appellem,
1453 1145 1602 1227 quid
1655 1149 1718 1208 te
1779 1147 2128 1226 aestimem,
2192 1145 2298 1226 qui
2356 1144 2811 1227 corrumpendo

521 1251 763 1314 diuinas
808 1249 1047 1314 litteras
1094 1250 1156 1312 id
1202 1251 1357 1333 agiS,
1405 1269 1483 1314 ne
1530 1250 1896 1315 testimonia
1932 1269 2108 1314 sacra
2151 1249 2426 1314 habeant
2454 1249 2584 1313 uim
2633 1249 2814 1312 testi-

521 1355 914 1418 moniorum?
962 1372 1195 1418 nouum
1242 1355 1535 1418 audaciae
1580 1373 1803 1438 genuS,
1851 1373 2009 1437 quae
2048 1355 2108 1419 id
2143 1353 2386 1418 efficere
2421 1355 2811 1436 argumentis

519 1459 835 1540 nequitiae
866 1477 1015 1523 suae
1061 1459 1302 1540 nititur,
1348 1463 1421 1523 ut
1465 1459 1809 1524 falsitatem
1841 1460 2074 1523 ueritas
2105 1458 2472 1523 confirmare
2503 1458 2810 1521 uideatur.

520 1581 645 1628 non
678 1564 847 1628 enim
877 1564 969 1628 ita
998 1564 1063 1628 in
1096 1564 1453 1646 apostolicis
1502 1563 1746 1628 actibus
1794 1563 2032 1628 dictum
2079 1568 2196 1644 est,
2241 1566 2314 1628 ut
2358 1568 2426 1627 tu
2474 1563 2586 1627 ais,
2655 1561 2810 1643 quid

522 1669 689 1733 enim
738 1669 1045 1752 scriptura
1089 1669 1280 1733 dicit?
1342 1687 1525 1751 quae
1582 1669 1828 1753 coepit
1871 1670 2084 1733 Iesus
2131 1669 2379 1733 facere
2427 1671 2500 1732 et
2543 1667 2810 1731 docere

520 1793 755 1856 usque
799 1775 873 1838 in
920 1774 1111 1838 diem
1160 1791 1301 1856 qua
1344 1775 1815 1857 praecipiens
1857 1774 2253 1856 apostoliS,
2291 1793 2419 1858 per
2457 1773 2810 1854 spiritum

440 1886 474 1939 3
524 1883 864 1943 sanctum
913 1897 1092 1961 quos
1140 1879 1397 1962 elegit,
1446 1883 1874 1962 assumptus
1923 1882 2052 1942 est.
2120 1879 2284 1961 quod
2323 1879 2537 1960 utique
2581 1877 2812 1960 hyper-

521 1982 711 2047 baton
760 1987 856 2047 est
902 1987 965 2047 et
1010 1984 1097 2048 ita
1142 1983 1668 2067 intellegendum:
1733 2001 1918 2066 quae
1978 1984 2225 2066 coepit
2285 1982 2498 2046 Iesus
2560 1983 2810 2046 facere

522 2091 594 2152 et
654 2087 917 2152 docere
984 2107 1215 2170 usque
1282 2089 1355 2152 in
1424 2090 1616 2153 diem
1685 2108 1824 2171 qua
1892 2091 2324 2171 assumptus
2393 2091 2535 2168 est,
2602 2104 2811 2170 prae-

521 2192 809 2275 cipiens
856 2193 1250 2276 apostoliS‚
1312 2212 1494 2276 quos
1558 2194 1788 2277 elegit
1831 2213 1960 2277 per
2020 2194 2384 2277 spiritum
2445 2197 2808 2273 sanetum,

519 2301 591 2360 ut
648 2297 1009 2380 responderi
1068 2297 1186 2362 tibi
1244 2299 1505 2363 forsitan
1568 2299 1838 2382 amplius
1893 2317 2084 2382 quam
2129 2299 2486 2363 testimonio
2547 2298 2681 2378 ipso
2741 2297 2806 2360 in

520 2400 639 2465 hac
682 2405 861 2484 parte
906 2421 1031 2466 non
1075 2403 1323 2483 habeat,
1370 2403 1515 2485 quia
1560 2403 1845 2467 sufficere
1890 2404 2106 2485 utique
2147 2403 2224 2468 ad
2269 2404 2526 2488 plenum
2557 2401 2808 2466 ueritati

521 2506 708 2571 debet
750 2507 1081 2591 integritas
1128 2509 1490 2589 testimonii,
1552 2510 1608 2573 si
1653 2509 1914 2573 falsitati
1959 2514 2202 2593 poterat
2261 2510 2414 2573 satis
2476 2528 2614 2572 esse
2673 2527 2810 2573 cor-

519 2613 743 2695 ruptio.
837 2613 945 2676 sed
1006 2617 1219 2679 tamen
1278 2617 1370 2695 tu,
1432 2614 1538 2697 qui
1600 2618 1784 2697 putas
1847 2615 2168 2679 dominum
2223 2614 2438 2679 Iesum
2483 2614 2808 2679 Christum

520 2734 645 2781 non
690 2718 967 2800 potuisse
1014 2719 1259 2782 caelum
1318 2719 1654 2783 ascendere
1715 2719 1836 2783 nisi
1897 2721 2178 2784 eleuatus
2241 2722 2410 2783 esset
2467 2737 2506 2782 a
2563 2718 2807 2801 spiritu,

520 2822 619 2887 dic
664 2822 819 2887 mihi
865 2824 1171 2905 quomodo
1216 2824 1349 2906 ipse
1396 2825 1513 2888 ait:
1562 2843 1774 2889 nemo
1821 2824 2162 2889 aseendit
2205 2824 2276 2887 in
2325 2825 2614 2888 caelum
2657 2824 2808 2887 nisi

518 2928 639 3009 qui
714 2928 798 2992 de
874 2929 1081 2993 caelo
1158 2928 1579 3008 descendit,
1655 2930 1870 2994 filius
1944 2930 2268 2995 hominis
2344 2930 2466 3013 qui
2543 2934 2656 2994 est
2729 2930 2808 2993 in

436 3040 471 3093 4
520 3032 769 3096 caelo?
816 3051 1083 3116 agnosce
1130 3052 1275 3117 ergo
1323 3052 1514 3116 quam
1551 3033 1810 3099 ridicule
1844 3040 1908 3099 et
1939 3035 2128 3099 stulte
2159 3038 2342 3116 putes
2376 3052 2498 3099 non
2529 3034 2807 3117 potuisse

522 3156 667 3201 eum
713 3138 958 3201 caelum
1004 3139 1358 3219 ascendere,
1407 3139 1533 3221 qui,
1590 3158 1736 3202 cum
1781 3139 2208 3203 descendisset
2253 3139 2318 3203 in
2365 3140 2566 3218 terriS,
2623 3158 2808 3203 num-

520 3260 709 3323 quam
741 3242 972 3307 afuisse
1018 3244 1261 3308 dicatur
1294 3264 1327 3307 e
1360 3246 1551 3325 caele,
1601 3248 1664 3307 et
1709 3262 1787 3307 an
1834 3244 2128 3327 possibile
2168 3244 2224 3309 ei
2267 3243 2456 3308 fuerit
2500 3244 2808 3325 linquenti

519 3346 749 3410 inferos
796 3348 1039 3411 caelum
1086 3348 1441 3430 ascendere,
1488 3350 1588 3413 cui
1633 3353 1997 3433 promptum
2041 3348 2230 3413 fuerit
2274 3348 2464 3413 etiam
2512 3349 2576 3412 in
2625 3349 2808 3413 terris

727 3537 783 3607 4]
820 3536 939 3592 Act.
968 3541 1013 3603 1,
1039 3541 1089 3594 2.
1198 3539 1286 3609 11]
1322 3539 1442 3595 Aet.
1472 3541 1697 3605 1,1—2.
1795 3540 1888 3610 22]
1925 3539 2118 3606 Ioh.3,
2146 3542 2227 3597 13.

607 3714 640 3767 3
678 3712 956 3766 extimares
988 3714 1067 3769 M
1160 3716 1194 3768 4
1232 3713 1307 3768 ais
1340 3714 1417 3769 M
1514 3715 1657 3769 enim
1695 3734 1795 3771 om.
1823 3716 1924 3787 ΝΡ
2030 3718 2064 3771 6
2101 3719 2153 3770 te
2189 3722 2315 3771 ante
2351 3714 2594 3769 estimem
2631 3732 2731 3771 om.
2759 3732 2809 3785 Ρ

522 3798 771 3852 extimem
808 3800 875 3855 N
952 3799 1249 3854 existimem
1282 3803 1383 3857 Mv
1505 3805 1536 3857 7
1572 3802 1758 3857 literas
1795 3805 1871 3859 M
1987 3804 2064 3857 ais
2102 3804 2178 3859 M
2291 3806 2324 3859 8
2361 3820 2462 3874 que
2501 3804 2596 3858 M:
2629 3820 2730 3871 que
2759 3822 2808 3873 Ρ

520 3888 629 3953 qde
652 3886 711 3953 (i.
736 3904 777 3941 e.
805 3887 1043 3957 quidem)
1066 3890 1132 3943 N
1135 3892 1150 3925 ¹
1222 3889 1363 3957 quod
1391 3890 1460 3945 N
1460 3890 1511 3945 ὐ
1536 3893 1664 3959 fon.
1691 3906 1824 3959 quae
1861 3891 2078 3959 quidem
2188 3894 2252 3948 10
2289 3892 2421 3945 actis
2447 3892 2522 3947 M
2625 3894 2682 3945 ll
2723 3889 2808 3943 di-

520 3972 595 4026 cis
632 3974 723 4029 M¹
831 3977 895 4030 13
929 3974 1247 4045 hiperbaton
1273 3996 1317 4047 Ρ
1427 3979 1493 4033 15
1529 3981 1583 4031 et
1621 3978 1806 4033 docere
1843 3998 1944 4035 om.
1975 3981 2050 4035 M
2148 3984 2415 4033 assumtus
2451 3980 2516 4033 N
2621 3980 2685 4033 17
2723 3995 2808 4031 re-

520 4059 780 4129 sponderi
808 4064 875 4117 N
884 4065 899 4097 ¹
988 4063 1303 4133 respondere
1340 4066 1417 4120 M
1550 4069 1616 4121 18
1656 4066 1850 4120 habeat
1885 4068 2010 4137 Np:
2059 4070 2127 4137 cf.
2165 4068 2400 4135 Rom-sch,
2438 4069 2506 4121 It.
2541 4084 2596 4120 τι.
2645 4066 2804 4135 Uuly.

512 4167 573 4218 Ρ.
608 4152 713 4203 449
756 4150 941 4205 adnot.
980 4154 1051 4205 13
1120 4149 1311 4205 debeat
1354 4154 1453 4207 Mv
1597 4156 1661 4209 19
1709 4154 1899 4208 debeat
1943 4156 2043 4209 Mv
2189 4155 2456 4223 correpc-io
2501 4154 2602 4209 M«-
2688 4169 2806 4205 eor-

520 4236 755 4305 rumptio
784 4254 829 4306 Ρ
862 4244 923 4291 ut
958 4240 1091 4293 solet
1194 4241 1263 4295 24
1299 4238 1525 4293 ridicula
1561 4244 1616 4293 et
1653 4241 1820 4295 stulta
1852 4244 1928 4297 M
2023 4246 2091 4298 25
2125 4242 2270 4311 eum]
2307 4242 2372 4295 de
2401 4241 2514 4313 celo
2541 4242 2614 4297 M
2711 4240 2806 4293 de-

519 4323 785 4377 scendiset
820 4326 895 4379 M
1002 4329 1170 4379 terras
1196 4344 1240 4397 Ρ
1356 4344 1632 4395 nunquam
1669 4331 1744 4383 Μ
1841 4332 1909 4384 26
1946 4330 2157 4385 affuisse.
2187 4350 2228 4399 Ρ
2349 4330 2560 4384 dicatur
2595 4348 2694 4383 om.
2733 4330 2809 4382 M

518 4412 570 4479 e]
610 4428 668 4464 ae
704 4413 771 4466 N
870 4416 937 4467 27
976 4414 1226 4466 scandere
1264 4416 1368 4483 Mp
1472 4418 1728 4483 propt-um
1765 4418 1832 4470 N
1934 4416 2109 4471 fuerat
2147 4420 2220 4472 M

2869 1587 2928 1624 10

2869 2111 2926 2148 15

2861 2636 2926 2673 20
