3167 4975
529 431 615 493 34
1340 431 1662 484 Iohannis
1707 429 2006 484 Cassiani

616 607 696 670 ΙΙ.
746 606 933 689 Apud
981 608 1121 671 illos
1170 607 1403 670 etenim
1450 607 1607 670 haec
1653 605 1880 686 officia,
1930 625 2088 688 quae
2135 607 2387 670 domiuo
2431 607 2672 671 soluere
2713 627 2822 690 per

530 712 962 774 distinctiones
1009 712 1305 775 horarum
1354 715 1416 774 et
1472 712 1769 792 temporis
1817 711 2154 774 interualla
2207 730 2352 774 cum
2399 712 2821 776 admonitione

530 815 919 898 conpulsoris
953 815 1284 898 adigimur,
1326 835 1435 898 per
1480 817 1684 878 totum
1717 815 1840 879 diei
1873 815 2150 898 spatium
2183 815 2411 898 iugiter
2443 835 2586 878 eum
2617 816 2821 898 operis

530 920 874 983 adiectione
907 923 1248 1002 spontanee
1281 919 1696 983 celebrantur.
1765 920 1856 984 ita
1895 939 2167 1002 namque
2201 919 2278 983 ab
2313 920 2402 982 eis
2434 920 2823 985 incessanter

528 1025 803 1108 operatio
848 1043 1151 1088 manuum
1184 1025 1483 1106 priuatim
1513 1044 1626 1107 per
1657 1024 1916 1088 cellulas
1950 1029 2286 1104 exercetur,
2332 1029 2406 1088 ut
2434 1025 2820 1107 psalmorum
2901 1043 2926 1082 5

529 1148 771 1211 quoque
812 1130 915 1192 uel
957 1133 1306 1192 ceterarum
1340 1129 1794 1211 scripturarum
1825 1130 2152 1193 meditatio
2185 1148 2531 1210 numquam
2571 1130 2822 1212 penitus

529 1234 876 1314 omittatur,
944 1233 1042 1296 cui
1096 1252 1312 1315 preces
1370 1237 1431 1296 et
1487 1234 1798 1297 orat-iones
1854 1253 1962 1315 per
2021 1235 2270 1317 singula
2323 1239 2646 1298 momenta
2703 1235 2822 1298 mi-

530 1341 774 1401 scentes
822 1338 885 1400 in
933 1338 1031 1401 his
1088 1337 1332 1416 officiis,
1394 1356 1552 1419 quae
1610 1356 1724 1400 nos
1783 1341 2018 1402 statuto
2074 1341 2354 1420 tempore
2410 1337 2820 1418 celebramuS,

529 1446 733 1506 totum
802 1441 924 1504 diei
985 1446 1233 1522 tempus
1297 1441 1659 1506 absumunt.
1740 1441 2152 1524 quamobrem
2223 1443 2495 1525 exceptis
2567 1461 2822 1526 uesper-

529 1548 678 1610 tinis
736 1547 1179 1627 nocturnisque
1234 1547 1825 1630 congregationibus
1883 1548 2057 1610 nulla
2111 1549 2277 1631 apud
2331 1566 2435 1611 eos
2490 1568 2600 1631 per
2655 1550 2822 1612 diem
2875 1565 2928 1603 ιο

527 1651 781 1734 publica
812 1651 1201 1715 sollemnitas
1244 1651 1481 1733 absque
1530 1651 1629 1714 die
1677 1651 1940 1716 sabbato
1973 1654 2072 1716 uel
2107 1653 2419 1717 dominica
2448 1653 2821 1734 celebratur,

527 1757 593 1819 in
640 1756 867 1837 quibus
915 1756 1069 1819 hora
1112 1757 1300 1819 tertia
1346 1775 1558 1819 sacrae
1607 1757 2064 1820 communionis
2111 1757 2372 1821 obtentu
2419 1759 2818 1822 conueniunt.

527 1860 668 1942 plus
731 1859 901 1922 enim
964 1863 1061 1922 est
1122 1860 1182 1922 id
1246 1860 1409 1941 quod
1470 1862 1862 1924 incessanter
1923 1861 2180 1924 offertur
2241 1880 2431 1943 quam
2494 1863 2658 1944 quod
2711 1883 2822 1946 per

530 1964 829 2046 temporis
876 1963 1215 2028 interualla
1258 1965 1659 2048 per-soluitur,
1723 1969 1786 2028 et
1831 1966 2069 2048 gratius
2119 1967 2543 2030 uoluntarium
2591 1987 2819 2031 munus

528 2087 718 2149 quarn
764 2069 1117 2132 functiones
1160 2088 1317 2150 quae
1361 2070 1661 2134 canonica
1701 2071 2104 2152 conpulsione
2142 2071 2507 2152 redduntur,
2554 2091 2664 2155 pro
2703 2073 2821 2137 hoc
2879 2087 2928 2124 ¹⁵

528 2173 733 2236 Dauid
781 2191 1026 2254 quoque
1086 2173 1418 2256 gloriosius
1466 2174 1698 2256 aliquid
1751 2176 2088 2255 exultante,
2146 2193 2288 2238 cum
2335 2176 2514 2239 dicit:
2563 2178 2823 2240 uoluu-

529 2279 721 2340 tarie
764 2277 1219 2340 sacrificabo
1261 2278 1435 2358 tibi,
1479 2283 1567 2341 et:
1618 2279 2054 2342 uoluntaria
2096 2279 2244 2342 ori's
2287 2280 2428 2344 mei
2474 2281 2822 2365 benepla-

530 2382 680 2446 cita
724 2382 879 2445 sint
927 2382 1068 2445 tibi
1116 2382 1426 2446 domine.

615 2488 731 2550 ΙΙῙ.
779 2488 1001 2569 Itaque
1047 2485 1115 2550 in
1158 2486 1556 2551 Palaestinae
1604 2488 1704 2550 uel
1753 2488 2250 2571 Mesopotamiae
2305 2492 2702 2555 monasteriis
2752 2510 2822 2555 ac

528 2592 721 2655 totius
785 2591 1060 2657 Orientis
1130 2611 1320 2675 supra
1379 2593 1691 2656 dictarum
1753 2592 2048 2657 horarum
2112 2595 2568 2660 sollemnitates
2637 2596 2820 2660 trinis
2876 2620 2927 2657 κο

528 2695 789 2777 psalmis
851 2696 1076 2760 cotidie
1124 2697 1451 2777 finiuntur,
1514 2701 1586 2760 ut
1634 2701 1697 2760 et
1750 2698 2106 2762 orationum
2153 2699 2500 2763 adsiduitas
2564 2702 2820 2764 statutis

530 2802 641 2863 deo
689 2800 1079 2884 temporibus
1126 2801 1423 2865 offeratur
1470 2806 1534 2865 et
1580 2803 1935 2866 necessaria
1993 2804 2372 2885 operationis
2420 2803 2630 2869 officia
2673 2823 2821 2869 cou-

528 2906 863 2968 summatis
909 2906 1074 2970 iusto
1137 2907 1561 2970 moderamine
1625 2906 2015 2990 spiritalibus
2079 2907 2396 2990 obsequiis
2458 2910 2820 2974 nullatenus

526 3010 781 3073 ualeant
826 3011 1110 3093 inpediri.
1168 3011 1269 3074 his
1316 3012 1485 3074 enim
1535 3010 1736 3074 tribus
1777 3011 2169 3094 temporibus
2217 3013 2410 3076 etiam
2443 3013 2819 3078 Danihelem

526 3114 899 3196 prophetam
947 3115 1172 3179 cotidie.
1218 3115 1512 3179 fenestris
1570 3116 1803 3198 apertis
1849 3117 1914 3180 in
1963 3118 2260 3180 cenaculo
2305 3136 2520 3200 preces
2567 3118 2819 3182 domino
2873 3140 2924 3179 25

528 3218 765 3281 fudisse
812 3220 1269 3301 cognoscimus.
1320 3238 1434 3283 nec
1466 3220 1760 3284 inmerito
1793 3220 1948 3284 haec
1996 3222 2328 3304 specialius
2363 3226 2647 3305 tempora
2675 3224 2820 3286 reli-

528 3322 721 3404 giosis
780 3327 929 3387 sunt
989 3323 1212 3388 officiis
1274 3324 1605 3407 deputat-a:
1670 3325 1733 3388 in
1796 3325 1897 3389 his
1961 3326 2268 3407 siquidem
2329 3326 2816 3409 promissionum

741 3460 829 3529 16]
868 3461 955 3514 l‘s.
984 3464 1067 3525 53,
1094 3465 1141 3516 8.
1254 3462 1343 3529 17]
1380 3461 1469 3516 Ps.
1499 3465 1614 3525 118,
1647 3465 1758 3518 108.
1887 3463 1978 3531 24]
2019 3463 2084 3516 cs.
2113 3463 2248 3516 Dan.
2276 3465 2324 3527 6,
2357 3466 2434 3519 10.

617 3601 639 3653 1
671 3598 873 3653 soluere
901 3599 1006 3653 diio
1032 3602 1084 3655 L
1180 3603 1212 3655 2
1240 3600 1640 3654 distinctionem
1673 3602 1743 3655 θ’
1840 3605 2140 3671 temporum
2168 3604 2245 3656 L²
2340 3602 2710 3657 admunitione
2736 3606 2820 3658 Ηι

526 3686 945 3740 admonitionem
992 3688 1067 3741 L¹
1194 3690 1226 3743 3
1272 3688 1561 3757 inpulsoris
1607 3692 1676 3743 ΙΙ
1790 3692 1824 3743 4
1868 3694 2188 3757 spontaneae
2229 3691 2374 3745 (3¹11
2491 3695 2523 3747 5
2561 3690 2720 3745 cellas
2759 3693 2827 3747 H

526 3773 737 3827 cellolas
773 3775 848 3827 L¹
975 3778 1007 3828 6
1045 3777 1338 3827 ceterorum
1384 3776 1455 3829 (1'1
1582 3780 1616 3832 8
1653 3775 1756 3828 hiis
1793 3778 1866 3829 L¹
1981 3776 2206 3847 statuto]
2246 3780 2399 3831 tanto
2440 3778 2491 3833 G
2615 3781 2647 3833 9
2685 3786 2820 3833 tem-

524 3859 649 3929 pus]
696 3860 929 3929 spatium
978 3862 1046 3915 ΙΙ
1146 3861 1463 3930 uespertinis
1511 3864 1776 3931 excepths
1823 3864 1875 3917 L
1985 3865 2044 3917 11
2103 3864 2320 3932 puplica
2364 3866 2434 3919 H
2531 3864 2740 3919 sabbati
2793 3886 2820 3922 υ

530 3950 595 4002 12
634 3948 1019 4001 commonionis
1056 3950 1131 4002 L¹
1242 3953 1305 4004 14
1350 3948 1568 4017 grauius
1607 3950 2027 4019 uolumptarium
2051 3952 2126 4005 L¹
2239 3954 2300 4005 15
2337 3951 2630 4006 functionis
2661 3954 2818 4008 G¹H¹

529 4036 593 4089 16
631 4033 963 4087 uolunt-ariae
1002 4037 1147 4089 (ΡΗ
1214 4036 1600 4105 uolnmptariae
1635 4038 1710 4091 L¹
1822 4040 1885 4093 17
1924 4037 2283 4106 uolumptaria
2306 4040 2381 4092 L¹
2493 4044 2556 4095 18
2596 4044 2722 4094 sunt
2759 4043 2827 4096 H

530 4124 592 4175 19
630 4121 921 4189 palestinae
959 4123 1112 4177 codd.
1222 4126 1289 4177 20
1327 4140 1525 4192 suppra
1560 4126 1634 4177 L¹
1743 4124 1920 4177 triniis
1947 4125 2022 4178 L¹
2129 4128 2192 4180 21
2234 4130 2288 4177 ct
2323 4144 2424 4180 om.
2453 4128 2522 4180 H
2621 4130 2688 4182 23
2725 4127 2818 4181 ob-

526 4208 700 4275 sequis
737 4210 811 4262 L¹
938 4211 999 4262 24
1035 4216 1161 4277 post
1199 4210 1423 4277 inpediri
1467 4213 1526 4264 in
1562 4212 1630 4263 H
1661 4230 1780 4280 cap.
1819 4216 1852 4264 4
1889 4212 2088 4281 incipit
2211 4212 2316 4265 hiis
2353 4215 2428 4267 L¹
2555 4214 2816 4268 danielem

529 4296 640 4348 HL
772 4298 838 4349 25
886 4295 1121 4347 fenistris
1172 4298 1249 4349 ΙΙΙ
1344 4296 1610 4349 fenestriis
1657 4300 1728 4351 L¹
1856 4300 1924 4351 26
1961 4298 2202 4351 fundisse
2241 4301 2308 4353 H
2431 4299 2704 4368 relegiosis
2741 4304 2814 4357 L¹

526 4385 591 4436 27
629 4381 733 4433 hiis
776 4383 909 4435 JIL¹
