3167 4975
509 397 632 461 150
1315 399 1635 452 Iohannis
1682 399 1981 468 Cassiani

589 575 665 637 X.
713 573 808 636 De
855 593 976 656 quo
1033 576 1159 639 sole
1223 575 1480 654 dicatur,
1543 578 1615 637 ut
1675 592 1799 637 non
1860 575 2099 638 occidat
2160 594 2347 658 super
2408 575 2791 639 iracundiam

503 681 802 742 nostram.

587 783 697 847 XI.
729 783 826 846 De
858 783 974 862 his,
1021 801 1286 865 quorum
1328 782 1683 848 iracundiae
1716 803 1794 848 ne
1842 803 2098 850 occasus
2144 786 2395 867 quidem
2429 785 2577 848 solis
2609 785 2791 848 istius

501 889 756 952 modum
803 889 996 972 ponit..

587 993 730 1057 XII.
781 993 956 1073 Quod
1001 994 1102 1057 hic
1147 993 1288 1056 finis
1335 994 1622 1057 tristitiae
1672 994 1772 1057 uel
1820 995 1945 1058 irae
1994 996 2094 1074 sit,
2143 997 2213 1058 ut
2258 994 2375 1058 hoc
2417 995 2581 1076 quod
2612 1013 2792 1077 prae·
2874 1020 2903 1056 5

499 1099 670 1162 ualet
714 1099 1145 1180 unusquisque
1192 1097 1490 1180 perficiat.

587 1202 760 1266 XIII.
811 1201 988 1281 Quod
1033 1221 1112 1266 ne
1159 1205 1668 1266 momentaneam
1716 1203 1967 1284 quidem
2012 1205 2171 1267 iram
2224 1203 2411 1267 liceat
2469 1203 2788 1267 retentari.

585 1307 793 1372 XIIII.
843 1307 938 1370 Dc
983 1306 1484 1370 reconciliatione
1529 1307 1825 1371 fraterna.

585 1411 718 1476 XV.
771 1411 946 1491 Quod
992 1415 1176 1474 uetus
1224 1428 1469 1493 quoque.
1524 1412 1624 1475 lex
1686 1411 1844 1475 iram
1906 1429 2029 1475 non
2093 1414 2343 1475 tantum
2405 1411 2479 1474 de
2542 1411 2788 1492 effect-u,

500 1516 608 1580 sed
655 1517 844 1579 etiam
893 1515 967 1578 de
1014 1517 1384 1598 cogitatione
1433 1516 1764 1580 conuellat.

583 1621 752 1684 XVI.
815 1619 910 1682 De
975 1619 1284 1703 superflua
1347 1621 1697 1684 secessione
1768 1639 1981 1684 eorum
2052 1621 2158 1702 qui
2226 1619 2304 1684 ab
2372 1621 2789 1684 inemendatis

499 1724 776 1789 moribus
823 1743 948 1789 non
993 1724 1314 1788 recedunt..

584 1831 786 1895 XVII.
822 1829 998 1909 Quod
1028 1829 1446 1911 tranquillitas
1479 1829 1679 1892 cordis
1715 1831 1910 1892 nostri
1944 1847 2067 1893 non
2099 1831 2161 1892 in
2210 1830 2467 1894 alterius
2514 1829 2789 1909 arbit-rio,

499 1935 606 1999 scd
651 1935 714 1998 in
763 1938 978 1998 nostra
1023 1935 1247 1998 debeat
1292 1934 1529 1997 dicione
1577 1935 1939 1998 consistere.

585 2040 819 2104 XVIII.
864 2039 996 2119 Quo
1043 2039 1250 2104 studio
1296 2040 1629 2103 heremum
1676 2039 2017 2102 debeamus
2066 2044 2353 2122 expetere
2402 2045 2467 2104 et
2510 2040 2789 2121 qualium

497 2145 646 2208 inibi
698 2145 779 2206 sit
823 2145 1155 2227 profectus,

582 2248 850 2312 XVIIII.
901 2248 1036 2329 Qua
1081 2249 1518 2331 conparatione
1566 2249 1936 2311 aestimandi
1984 2247 2111 2312 sint·
2164 2249 2270 2330 qui
2332 2252 2482 2312 tunc
2541 2253 2787 2312 tant-um

497 2353 804 2436 patientes
855 2357 1003 2416 sunt
1047 2372 1190 2416 cum
1237 2372 1274 2416 a
1319 2353 1569 2416 nemine
1617 2357 2050 2434 prouocantur.

582 2459 718 2521 XX.
767 2458 864 2522 Dc
911 2457 1294 2541 amputanda
1339 2458 1429 2522 ira
1477 2458 1821 2522 secundum
1871 2458 2286 2541 euangelium.

581 2562 752 2626 XXI.
801 2564 876 2626 In
924 2581 994 2626 eo
1041 2562 1204 2644 quod
1249 2564 1310 2627 in
1361 2564 1686 2647 euangelio
1735 2564 2037 2645 scriptum
2084 2566 2207 2627 est:
2256 2564 2379 2644 qui
2434 2564 2785 2626 irascitur

497 2667 715 2730 frat-ri
779 2686 936 2748 suo,
999 2671 1210 2731 utrum
1271 2668 1697 2749 recipiendum
1747 2668 1823 2731 sit
1874 2667 2036 2749 quod
2082 2667 2395 2731 adiectum
2443 2670 2565 2731 est:
2628 2668 2789 2729 sine

495 2790 736 2835 causa.

583 2876 783 2939 XXII.
833 2876 1134 2940 Remedia
1187 2878 1412 2959 quibus
1473 2878 1633 2940 iram
1699 2877 1775 2941 de
1836 2876 2124 2940 cordibus
2186 2876 2414 2940 nostris
2477 2876 2787 2939 eradicare

493 2998 826 3063 posslmus.

703 3189 795 3258 20]
833 3188 1024 3242 matth.
1055 3194 1104 3243 5.
1131 3192 1213 3243 22.

587 3384 608 3437 1
637 3383 782 3435 hunc
807 3383 1026 3435 titulum-
1048 3398 1148 3436 om.
1171 3382 1239 3435 H
1327 3384 1389 3434 ut
1413 3398 1513 3435 om.
1535 3382 1589 3435 L
1684 3382 1717 3435 2
1744 3383 1980 3433 nostram
2002 3382 2113 3434 Ar:
2141 3384 2375 3433 uestram
2394 3382 2479 3437 Le
2573 3384 2606 3437 3
2631 3398 2784 3433 oma-

493 3486 581 3521 sus
618 3467 668 3535 (ο
704 3468 862 3535 eras.)
898 3470 952 3522 L
1059 3468 1213 3521 istius
1251 3467 1468 3535 quidem
1507 3467 1634 3521 solis
1671 3484 1886 3521 occasus
1914 3470 1967 3522 A
2075 3470 2109 3521 4
2147 3468 2365 3521 modum
2404 3486 2507 3523 om..
2542 3470 2597 3523 A
2705 3468 2785 3521 in-

493 3555 647 3623 ponit.
683 3556 735 3608 A
869 3559 900 3610 5
936 3556 1058 3609 finis
1095 3574 1195 3611 om.
1231 3557 1350 3610 HT
1472 3558 1503 3609 7
1541 3557 1977 3608 momentaneum
2024 3554 2239 3623 quidem
2276 3555 2511 3623 spatium
2558 3556 2692 3609 iram
2732 3558 2785 3610 A

497 3646 560 3697 10
599 3641 662 3695 dc
701 3660 800 3697 om.
838 3643 890 3696 L
1035 3646 1093 3697 11
1144 3642 1442 3696 emandatis
1491 3644 1560 3696 H
1699 3645 1762 3697 13
1808 3644 1995 3697 titulos
2040 3660 2198 3711 capp.
2233 3648 2303 3697 17
2348 3649 2394 3696 et
2432 3647 2501 3696 18
2544 3645 2689 3697 inter
2732 3661 2787 3698 se

493 3731 846 3783 commutauit
881 3731 936 3783 L
1059 3729 1114 3782 in
1153 3748 1252 3783 om..
1290 3732 1409 3783 HT
1529 3733 1594 3784 14
1632 3734 1813 3782 nostro
1855 3731 1968 3783 HT
2093 3729 2293 3782 ditione
2330 3730 2439 3783 LT
2560 3733 2623 3785 15
2674 3733 2785 3782 stu-

493 3816 643 3869 dium
681 3818 756 3869 ]11
903 3819 964 3870 17
1004 3817 1396 3884 comparatione
1433 3819 1544 3871 AL
1653 3820 1778 3869 sunt
1815 3818 1933 3870 HT
1998 3818 2059 3868 ῒιῖ
2094 3816 2152 3883 (ιῖ
2188 3818 2249 3870 in
2284 3818 2491 3885 ras.)L
2603 3820 2666 3871 19
2692 3834 2787 3869 an-

491 3901 732 3971 putanda
757 3906 808 3957 A
934 3906 1002 3957 20
1037 3904 1093 3956 in
1132 3910 1257 3957 ante
1294 3919 1353 3955 eo
1390 3922 1492 3958 om.
1519 3906 1572 3957 A
1682 3902 1941 3955 scribtum
1968 3904 2093 3956 AH
2193 3906 2255 3958 21
2298 3904 2369 3955 sit
2404 3921 2503 3957 om..
2532 3905 2584 3958 L
2692 3903 2787 3957 ab·

493 3990 688 4041 ieetum
729 3991 864 4043 HL*
1009 3990 1112 4059 cst]
1153 3991 1223 4043 sit,
1263 3992 1374 4044 HT
1499 3992 1566 4044 ‘23
1603 3990 1683 4043 ira
1723 3991 1773 4044 L
1904 3989 2160 4042 eradicari
2198 3992 2266 4043 H
2400 3994 2467 4045 24
2503 3992 2786 4059 possimus,

491 4075 716 4129 Finiunt,
761 4077 993 4145 capitula
1041 4077 1104 4128 de
1151 4078 1248 4145 siin
1288 4078 1410 4129 irae.
1449 4078 1567 4141 Ine,
1606 4075 1742 4129 liber
1778 4080 1831 4130 A
1938 4076 2139 4145 Incipit·
2175 4075 2239 4128 de
2277 4077 2466 4144 spiritu
2506 4077 2612 4130 irae
2650 4076 2786 4131 liber

493 4169 714 4214 octatius
774 4164 822 4217 G
965 4163 1267 4231 Expliciunt
1325 4164 1554 4233 capitula
1615 4162 1679 4215 de
1744 4162 1880 4215 libro
1918 4162 2067 4216 VIII.
2126 4163 2278 4233 Inois)
2327 4168 2501 4217 textus
2546 4164 2785 4220 eiusdem

491 4248 615 4304 libri
661 4250 733 4303 L:
770 4269 869 4304 om.
907 4252 965 4307 Ῑῖ

2852 1543 2903 1578 10

2850 2063 2903 2100 15

2846 2590 2902 2627 20
