3167 4975
284 1579 341 1619 10

282 2102 338 2142 15

1230 441 1389 496 Inst.
1425 439 1537 496 lib.
1573 441 1650 506 11,
1685 443 1839 498 3—5.
2277 500 2286 514 ,
2597 441 2678 506 21

390 620 542 685 licet
586 619 1051 684 credentium
1099 623 1263 684 erat
1305 636 1429 683 cor
1474 620 1547 683 et
1594 619 1844 684 anima
1888 635 2054 699 una,
2101 635 2234 683 nec
2289 619 2683 700 quisquam

394 743 647 790 eorum
693 743 881 807 quae
924 723 1371 808 possidebat
1418 724 1707 807 aliquid
1740 742 1952 788 suum
1983 741 2149 788 esse
2182 721 2507 803 dicebat,
2555 723 2683 787 sed

392 832 607 894 erant
636 829 795 894 illis
820 829 1535 894 omniacommunia.
1596 828 2684 912 quotquotenimpossessores

394 953 739 1019 agrorum
774 938 901 999 aut
931 935 1313 999 domorum
1345 937 1579 1015 erant,
1613 934 2029 998 uendentes
2055 931 2684 1017 adferebantpre-

392 1041 504 1104 tia
533 1057 785 1104 eorum
817 1057 1003 1122 quae
1034 1038 1467 1105 uendebant
1512 1041 1585 1103 et
1615 1038 1998 1123 ponebant
2028 1041 2202 1102 ante
2246 1038 2470 1122 pedes
2518 1056 2683 1122 apo-

394 1145 789 1209 stolorum:
817 1143 1311 1210 diuidebatur
1336 1147 1584 1209 autem
1608 1144 1940 1228 singulis
1961 1146 2186 1227 prout
2209 1143 2476 1227 cuique
2501 1160 2682 1227 opus

394 1248 598 1333 erat),
630 1267 853 1314 uerum
886 1249 1079 1314 etiam
1110 1248 1212 1316 his
1244 1249 1444 1314 multo
1478 1248 1848 1313 sublimiora
1878 1249 2374 1313 cumulauerant.
2447 1248 2682 1312 etenim

394 1353 759 1419 secedentes
804 1354 871 1418 in
916 1353 1255 1418 secretiora
1298 1352 1742 1418 suburbiorum
1786 1353 1926 1417 loca
1955 1351 2228 1436 agebant
2273 1352 2474 1416 uitam
2505 1355 2684 1416 tanto

394 1457 815 1523 abstinentiae
872 1458 1078 1542 rigore
1141 1458 1515 1539 districtam,
1576 1461 1650 1522 ut
1703 1457 1898 1522 etiam
1949 1457 2072 1537 his,
2135 1456 2241 1540 qui
2303 1460 2484 1521 erant
2539 1457 2686 1522 reli-

391 1563 595 1646 gionis
642 1563 901 1643 externi,
964 1563 1203 1646 stupori
1250 1565 1419 1627 esset
1478 1565 1612 1627 tam
1673 1562 1868 1626 ardua
1911 1561 2406 1626 conuersationis
2469 1579 2684 1626 eorum

391 1667 712 1752 professio.
778 1685 849 1732 eo
897 1667 1067 1732 enim
1114 1668 1359 1732 feruore
1404 1667 1761 1732 diuinarum
1809 1667 2261 1751 scripturarum
2307 1665 2684 1731 lectionibus

392 1772 782 1854 orationique
842 1776 909 1837 et
970 1773 1142 1856 operi
1186 1791 1491 1838 manuum
1554 1773 1774 1837 diebus
1823 1790 1894 1837 ac
1939 1772 2231 1837 noctibus
2276 1769 2684 1852 incubabant,

392 1881 465 1942 ut
508 1897 587 1942 ne
618 1895 905 1942 escarum
951 1878 1209 1959 quidem
1248 1877 1563 1961 adpetitus
1599 1877 1700 1942 uel
1731 1877 2055 1957 memoria,
2087 1877 2210 1941 nisi
2255 1877 2379 1942 alio
2418 1876 2685 1941 tertioue

393 1982 493 2046 die
541 1983 817 2066 corporis
863 1982 1295 2066 interpellaret
1339 1982 1567 2064 inedia,
1615 1981 1953 2064 cibumque
1993 2000 2068 2047 ac
2112 1984 2334 2066 potum
2379 1999 2504 2046 non
2551 1985 2685 2046 tam

394 2086 817 2152 desideratum
864 2105 1056 2169 quam
1110 2087 1535 2152 necessarium
1585 2089 1910 2152 sumerent
1975 2090 2040 2152 et
2085 2105 2163 2152 ne
2208 2086 2378 2151 hunc
2430 2086 2684 2169 quidem

393 2194 539 2256 ante
586 2191 736 2256 solis
784 2209 1098 2272 occasum,
1159 2195 1232 2256 ut
1276 2195 1527 2276 tempus
1572 2193 1734 2257 lucis
1781 2210 1925 2256 cum
1985 2191 2364 2276 spiritalium
2419 2191 2686 2256 medita-

392 2297 635 2360 tionum
675 2297 921 2378 stndiiS‚
962 2315 1177 2362 curam
1220 2315 1366 2361 uero
1406 2297 1680 2381 corporis
1712 2315 1857 2361 cum
1883 2301 2066 2361 nocte
2099 2297 2412 2361 sociarent
2442 2296 2686 2378 aliaque

390 2399 493 2464 his
526 2401 726 2466 multo
758 2401 1131 2466 sublimiora
1158 2401 1548 2486 perficerent.
1612 2401 1688 2466 de
1720 2401 1948 2483 quibus
1984 2401 2176 2466 etiam
2208 2402 2284 2482 iS,
2331 2401 2440 2484 qui
2471 2401 2682 2466 minus
2731 2403 2766 2456 3

392 2506 831 2591 indigenarum
854 2508 1157 2573 relatione
1182 2507 1498 2592 cognouit,
1533 2507 1958 2572 ecclesiastica
1987 2507 2252 2572 historia
2281 2507 2512 2589 poterit
2541 2508 2688 2571 edo-

394 2612 538 2675 ceri.
603 2630 677 2676 ea
722 2611 915 2695 igitur
960 2616 1359 2695 tempestate,
1406 2630 1550 2677 cum
1584 2612 1886 2676 ecclesiae
1931 2612 2103 2676 illius
2141 2611 2504 2695 primitiuae
2547 2630 2688 2695 per-

391 2716 583 2781 fectio
626 2735 819 2800 penes
868 2734 1259 2781 successores
1305 2734 1453 2781 suos
1502 2715 1708 2780 adhuc
1752 2716 1990 2780 recenti
2035 2716 2340 2780 memoria
2384 2716 2690 2781 inuiolata

394 2819 649 2885 duraret
700 2821 1077 2903 feruensque
1130 2838 1473 2904 paucorum
1534 2819 1692 2885 fides
1755 2821 2024 2884 necdum
2083 2820 2150 2885 in
2211 2820 2686 2885 multitudinem

395 2925 679 3009 dispersa
736 2926 1065 3010 tepuisset,
1128 2924 1521 2991 uenerabiles
1583 2929 1796 3009 patres
1857 2925 2150 3009 peruigili
2209 2943 2360 2990 cura
2418 2926 2687 3007 posteris

396 3032 819 3111 consulenteS,
890 3031 1149 3113 quinam
1210 3031 1433 3095 modus
1504 3030 1816 3095 cotidiano
1877 3030 2076 3095 cultui
2141 3049 2253 3113 per
2320 3030 2685 3094 uniuersum

396 3135 811 3199 fraternitatis
858 3154 1081 3218 corpus
1142 3135 1389 3200 decerni
1436 3134 1713 3215 deberet,
1777 3135 2106 3199 tractaturi
2153 3135 2556 3216 conueniunt,
2617 3137 2689 3199 ut

393 3240 813 3305 hereditatem
842 3240 1097 3323 pietatis
1132 3258 1203 3303 ac
1233 3240 1407 3322 pacis
1441 3240 1634 3303 etiam
1667 3237 2134 3304 successoribus
2167 3240 2298 3303 suis
2331 3238 2687 3304 absolutam

394 3343 472 3409 ab
536 3346 707 3409 omni
754 3344 1162 3409 dissensionis
1223 3344 1335 3409 lite
1381 3344 1908 3425 transmitterent,
1969 3346 2260 3409 uerentes
2308 3344 2549 3408 scilicet
2607 3364 2686 3408 ne

393 3468 519 3533 qna
562 3450 629 3515 in
674 3450 1006 3515 cotidianis
1056 3448 1588 3514 sollemnitatibus
1635 3450 1799 3514 inter
1860 3449 2029 3514 uiros
2075 3449 2356 3513 eiusdem
2403 3450 2687 3513 culturae

604 3674 661 3745 3]
698 3674 733 3729 1.
772 3692 816 3730 c.
856 3678 923 3731 34
960 3690 1036 3743 sq.

479 3889 513 3943 3
548 3886 679 3957 illis]
718 3887 793 3941 eis
829 3889 900 3942 H
1021 3888 1323 3941 commonia
1357 3886 1645 3956 quodquod
1681 3888 1756 3942 L¹
1887 3890 1920 3941 6
1967 3885 2348 3941 diuidebantur
2384 3889 2439 3943 L
2568 3888 2688 3941 uni-

393 3974 581 4043 cuique
617 3976 734 4029 HL
858 3977 888 4028 7
925 3973 1031 4027 hiis
1068 3975 1143 4028 L¹
1269 3978 1302 4030 8
1339 3973 1768 4029 suburbanorum
1808 3975 1876 4029 H
1993 3978 2026 4029 9
2063 3973 2168 4027 hiis
2206 3975 2280 4028 L¹
2405 3974 2687 4043 relegionis

391 4062 554 4116 H¹L¹
666 4064 728 4117 10
768 4062 981 4129 stupor*
1023 4060 1072 4127 (e
1108 4060 1267 4129 eras.)
1304 4062 1373 4116 H
1476 4064 1540 4117 12
1577 4060 1904 4115 inciibebant
1934 4062 1989 4116 L
2099 4064 2163 4116 13
2199 4064 2262 4115 nt
2297 4080 2398 4117 om.
2434 4062 2485 4116 G
2591 4078 2689 4116 nec

392 4148 543 4203 HLv
650 4150 715 4203 14
740 4148 974 4217 corporis
1000 4147 1079 4201 sui
1108 4149 1177 4203 H
1262 4147 1495 4202 inediam
1522 4166 1551 4205 c
1647 4150 1712 4205 18
1736 4148 1839 4201 hiis
1864 4149 1939 4203 L¹
2035 4148 2238 4202 maiora
2262 4150 2330 4203 H
2416 4149 2462 4202 is
2497 4168 2598 4204 om.
2627 4151 2694 4204 H

394 4238 460 4291 19
496 4234 885 4304 indagenarum
923 4236 975 4289 L
1100 4238 1169 4290 20
1206 4252 1267 4287 ea
1302 4238 1622 4306 tempestate
1660 4236 1827 4304 igitur
1863 4238 2101 4305 tempore
2137 4236 2212 4290 L¹
2337 4238 2405 4291 22
2441 4236 2688 4289 multitu-

390 4322 515 4376 dine
536 4323 604 4377 H
690 4324 759 4377 25
784 4322 1148 4376 fraternitates
1168 4324 1243 4378 L¹
1342 4322 1517 4377 doceri
1542 4324 1644 4379 OS
1700 4322 1928 4377 discerni
1950 4325 2020 4378 H
2117 4325 2183 4380 27
2207 4323 2696 4378 'transmiserintH

389 4412 461 4467 28
496 4408 773 4480 souempn.
811 4411 864 4467 L
