3167 4975
2584 458 2705 515 VII

403 627 708 691 conuenit
753 627 920 707 quod
965 627 1150 709 paulo
1198 630 1339 709 post
1373 626 1530 709 (cap.
1571 624 1679 707 14)
1723 627 1887 690 idem
1919 625 2189 690 Piamun
2238 627 2301 691 in
2351 628 2706 691 narratione

405 732 684 812 quadam
730 730 1158 796 Athanasium
1205 731 1568 813 episcopum
1615 731 2133 809 Alexandrinum,
2182 731 2288 811 qui
2336 750 2388 793 a.
2425 729 2553 793 373
2599 733 2705 794 de·-

410 836 626 915 cessit,
689 837 818 899 iam
865 854 991 900 non
1037 836 1200 899 inter
1247 836 1426 899 uiuos
1474 856 1612 900 esse
1675 835 1989 919 siguificat
2036 836 2247 899 dicens
2294 834 2561 898 ueniens
2616 834 2708 897 ad

409 938 680 1001 beatae
711 938 1118 1001 memoriae
1149 939 1522 1024 episcopum
1543 937 2006 1001 Athanasium.
2042 958 2242 1021 neque
2267 942 2481 1003 tamen
2506 940 2706 1004 multo

411 1048 562 1109 ante
607 1062 664 1107 a.
711 1041 862 1124 385,
907 1062 1030 1126 quo
1077 1043 1464 1128 Theophilus
1496 1044 1913 1110 Alexandriae
1960 1045 2289 1127 episcopus
2338 1044 2541 1108 factus
2590 1049 2705 1125 est,

411 1167 488 1212 ea
518 1148 938 1232 peregrinatio
967 1152 1260 1232 suscepta
1303 1168 1442 1213 esse
1474 1149 1743 1213 uidetur.
1793 1151 1959 1213 certe
2008 1152 2159 1212 tunc
2190 1148 2513 1231 temporiS,
2562 1167 2705 1212 cum

411 1254 756 1318 Cassianus
802 1254 867 1317 in
901 1253 1236 1317 solitudine
1269 1252 1445 1318 Scit-ii
1491 1253 1823 1339 disciplina
1862 1252 2381 1317 anachoretarum
2414 1252 2707 1317 institue-

409 1357 622 1437 batur,
669 1358 998 1441 episcopus
1043 1357 1150 1421 ille
1179 1358 1424 1422 litteras
1473 1375 1621 1422 suas
1666 1358 2112 1440 promulgauit,
2163 1356 2391 1439 quibus
2424 1357 2707 1421 Paschae

413 1465 666 1545 tempus
699 1462 1030 1527 constituit
1059 1462 1372 1545 simulque
1395 1462 2189 1545 Anthi-opomorphitarum
2219 1461 2533 1525 haeresim
2560 1480 2708 1525 con-

411 1568 668 1631 futauit.
697 1568 742 1651 ⁸)
818 1567 1054 1649 aliquid
1109 1567 1374 1651 fortasse
1438 1568 1743 1631 momenti
1790 1568 1869 1631 ad
1931 1565 2097 1630 hanc
2156 1586 2290 1629 rem
2353 1566 2705 1630 accuratius

414 1671 868 1754 expediendam
931 1670 1152 1735 afferre
1211 1674 1422 1754 potest
1468 1671 1530 1736 id
1594 1672 1757 1753 quod
1803 1671 1878 1734 de
1926 1670 2206 1759 Iohanne
2254 1671 2535 1750 eremita,
2598 1672 2706 1752 qui

411 1794 606 1859 prope
638 1774 994 1841 Thebaidos
1041 1776 1338 1859 oppidum
1367 1776 1579 1859 Lycon
1629 1774 2047 1858 (Lycopolim)
2092 1775 2379 1859 degebat,
2428 1775 2492 1839 in
2528 1774 2703 1839 Conl.

415 1880 688 1959 XXIIII,
735 1898 869 1962 cap.
903 1879 988 1942 26
1033 1884 1340 1945 narratur.
1390 1879 1478 1945 ‚ibi
1523 1880 1695 1944 enim
1742 1880 1937 1944 abbas
1984 1878 2333 1959 Abraham,
2381 1898 2525 1943 cum
2572 1898 2707 1945 mo-

415 1985 638 2049 nachis
701 2004 778 2048 ne
825 1986 1178 2067 potentium
1223 1986 1478 2067 quidem
1541 1985 1809 2050 honores
1856 1986 2072 2048 deesse
2134 1984 2555 2064 disseruisset,
2620 1985 2710 2049 ita

417 2090 656 2173 pergit:
700 2088 872 2173 quod
902 2087 1274 2153 euidentius
1307 2089 1381 2151 in
1412 2087 1644 2152 abbate
1674 2072 1979 2165 Iohanne,
2029 2087 2144 2172 qui
2190 2087 2262 2150 in
2294 2086 2425 2151 illa
2456 2088 2706 2151 heremo

415 2214 584 2277 quae
631 2192 798 2278 Lyco
844 2192 1089 2278 oppido
1136 2192 1392 2257 adiacet
1437 2214 1702 2256 commo
1716 2203 1969 2269 ratur,
1986 2194 2037 2274 2)
2076 2214 2423 2277 possumus
2472 2192 2709 2277 adp-ro-

419 2296 595 2361 bare.
671 2298 791 2382 qui
827 2296 1250 2383 perobscuris
1295 2296 1662 2361 maioribus
1720 2308 1919 2360 natus
1967 2297 2065 2360 ita
2101 2319 2233 2383 pro
2286 2294 2541 2360 Christi
2601 2318 2708 2359 no-

415 2403 590 2465 mine
633 2402 950 2465 uniuerso
988 2424 1201 2489 paene
1248 2403 1530 2466 humano
1576 2402 1797 2490 yeneri
1842 2400 2269 2465 admirabilis
2302 2399 2539 2486 factus
2596 2411 2707 2478 est,

417 2517 496 2570 ut
539 2529 686 2570 eum
727 2508 866 2593 ipsi
925 2529 1170 2593 quoque
1215 2529 1441 2570 rerum
1483 2507 1941 2593 praesentiam
1988 2506 2255 2584 dornini,
2317 2506 2435 2592 qui
2478 2505 2711 2568 mundi

420 2612 622 2675 huius
669 2621 858 2698 atque
903 2611 1176 2697 imperii
1217 2611 1667 2698 qubernacula
1712 2612 2060 2674 retinentes
2101 2611 2295 2674 etiam
2333 2609 2709 2696 potentibus

418 2716 671 2779 cunctis
717 2715 1100 2802 reqibusque
1154 2717 1403 2780 terrori
1455 2726 1629 2793 sunt,
1691 2715 1879 2780 uelut
1926 2715 2256 2778 dominum
2312 2723 2712 2778 uenerentur

420 2829 480 2884 et
524 2819 802 2884 oracula
847 2821 989 2884 eius
1038 2819 1113 2884 de
1161 2830 1293 2884 tam
1339 2819 1710 2907 lonqinquis
1773 2818 2146 2906 reqionibus
2194 2828 2552 2905 expetentes
2600 2817 2712 2880 im-

409 2924 602 3009 perii
661 2924 772 2988 sui
830 2925 1080 3010 apicem
1139 2935 1198 2988 et
1257 2935 1499 2988 statum
1557 2923 1799 2988 salutis
1858 2923 2293 3008 bellorumque
2344 2932 2713 3010 prouentus

419 3027 618 3092 illius
687 3028 1102 3092 orationibus
1168 3029 1542 3114 meritisque
1611 3028 2027 3092 committant.
2114 3027 2279 3108 Quid
2338 3029 2439 3092 his
2504 3027 2713 3091 uerbis

417 3135 765 3219 significari
817 3135 1086 3199 uoluerit
1133 3135 1492 3214 Cassianus,
1541 3136 1607 3198 in
1652 3135 1809 3199 Inst.
1858 3135 1899 3198 1.
1947 3133 2097 3214 IIII,
2147 3153 2278 3216 cap.
2329 3131 2413 3196 23
2461 3133 2711 3214 planius

417 3241 714 3324 exprimit
743 3240 985 3305 dicens:
1021 3261 1334 3324 ponemus
1357 3239 1651 3323 primum
1684 3236 1975 3301 abbatem
1998 3237 2365 3312 Iohannem,
2398 3236 2513 3321 qui
2543 3258 2714 3298 com-

413 3353 766 3407 moratus
821 3355 928 3407 est
975 3344 1172 3408 iuxta
1202 3343 1372 3429 Lyco
1418 3343 1590 3428 quod
1635 3352 1724 3406 est
1770 3340 2091 3428 oppidum
2144 3339 2526 3417 Thebaidos,
2576 3340 2713 3425 qui-

417 3471 540 3534 que
601 3459 884 3534 propter
952 3447 1392 3512 oboedientiae
1451 3447 1767 3512 uirtutem
1835 3445 1926 3508 ad
1978 3445 2371 3531 prophetiae
2430 3445 2715 3531 qratiam

413 3551 815 3616 sublimatus
847 3553 942 3615 sic
971 3553 1287 3615 uniuerso
1335 3551 1480 3615 orbi
1510 3550 1785 3628 claruit,
1832 3560 1908 3614 ut
1954 3551 2146 3614 etiam
2176 3548 2437 3636 reyibus
2481 3549 2715 3612 mundi

415 3658 622 3721 huius
667 3657 898 3722 merito
943 3679 1060 3720 suo
1103 3657 1495 3721 redderetur
1539 3656 1872 3720 inlustris.
1918 3677 2071 3718 nam
2115 3677 2259 3717 cum
2304 3653 2377 3716 in
2410 3652 2713 3716 eaetremis

415 3772 494 3824 ut
547 3761 838 3825 diximus
895 3761 1262 3824 Thebaidos
1302 3759 1619 3848 partibas
1666 3769 2103 3836 commaneret,
2150 3781 2278 3820 non
2324 3768 2474 3820 ante
2512 3779 2714 3842 prae-

413 3865 708 3930 sumebat
747 3865 810 3928 T
808 3866 1153 3930 heodosius
1195 3866 1553 3952 imperator
1588 3866 1677 3928 ad
1704 3863 2235 3950 praepotentium
2282 3873 2711 3948 tyrannorum

415 3969 594 4034 bella
651 3970 1004 4056 procedere
1063 3992 1255 4056 quam
1298 3969 1588 4034 oraculis
1646 3969 1840 4033 illius
1887 3969 2303 4032 animaretur
2365 3977 2555 4053 atque
2618 3989 2713 4030 re-

410 4075 700 4162 sponsis,
757 4075 991 4161 quibus
1038 4073 1356 4158 confidens
1401 4074 1589 4138 uelut
1636 4073 1913 4137 caelitus
1968 4072 2099 4135 sibi
2157 4071 2393 4135 delatis
2441 4081 2715 4156 tropaea

508 4322 522 4355 1

505 4319 552 4474 ²3
588 4317 918 4472 ἓῗὲοξίἓ,
943 4408 1028 4470 21,
1057 4409 1084 4461 1
1124 4407 1370 4461 abbatem
1407 4408 1721 4474 Iohannem,
1760 4406 1855 4475 qui
1892 4407 2034 4476 Lyci
2071 4410 2448 4460 commoratur.
