3167 4975
916 448 1147 500 contra
1180 444 1557 498 Nestorium
1595 443 1706 498 lib.
1731 443 1854 508 VII,
1897 447 2114 500 17—18.
2531 443 2660 508 375

372 625 622 688 ueritati
692 642 813 688 non
884 623 1253 703 admiscere,
1324 623 1472 705 quia
1536 641 1636 686 res
1705 640 1830 687 non
1897 622 2115 704 recipit
2181 624 2245 685 et
2303 620 2460 684 ratio
2520 638 2689 702 per--

372 729 693 810 horrescit,
740 733 811 793 ut
856 727 1084 793 diuinis
1130 728 1505 792 testimoniis
1552 726 1902 792 daemonici
1941 727 2197 809 spiritus
2229 725 2664 810 intellegentia

372 836 725 900 misceatur.

457 940 691 1004 XVIII.
740 939 879 1004 Iam
924 939 1199 1022 primum
1258 938 1427 1002 enim
1480 937 1621 1018 hoc,
1686 937 1850 1021 quod
1912 937 2004 1001 ais
2066 937 2210 1020 quia
2267 936 2506 1001 iustitia
2563 955 2663 1000 re-

291 1075 319 1114 5
372 1045 641 1128 pleuerit
700 1044 864 1127 quod
923 1047 1205 1109 creatum
1240 1047 1391 1124 est,
1456 1047 1518 1108 et
1577 1044 1694 1107 hoc
1753 1043 2088 1126 apostolico
2149 1043 2248 1107 uis
2301 1040 2662 1106 testimonio

372 1150 752 1234 conprobare
800 1167 921 1232 quo
966 1149 1146 1213 dicit:
1210 1150 1562 1232 apparuit
1607 1149 1680 1213 in
1725 1166 1974 1230 carne,
2037 1148 2504 1213 iustificatus
2552 1149 2664 1210 est

368 1257 445 1320 in
498 1255 803 1338 spiritu,
851 1257 1187 1336 utrumque
1234 1255 1455 1318 insano
1502 1271 1694 1318 sensu
1732 1257 1795 1317 et
1838 1253 2070 1317 furioso
2103 1252 2325 1334 spiritu
2367 1251 2661 1333 loqueris,

373 1360 519 1443 quia
564 1362 628 1424 et
673 1359 810 1441 hoc,
872 1358 1038 1441 quod
1097 1378 1135 1423 a
1195 1359 1417 1442 spiritu
1480 1359 1573 1422 uis
1638 1377 1783 1422 eum
1841 1359 2154 1440 repletum
2209 1375 2346 1420 esse
2398 1356 2660 1436 iustitia,

372 1466 509 1529 ideo
556 1465 755 1548 poniS,
817 1467 889 1528 ut
950 1463 1242 1529 ostendas
1304 1465 1437 1527 eius
1497 1463 1884 1528 uacuitatem
1943 1464 2044 1526 cui
2097 1461 2464 1546 praestitam
2525 1479 2662 1524 esse

267 1599 317 1636 ιο
373 1589 615 1634 asseras
648 1569 923 1634 iustitiae
964 1569 1493 1650 adimpletionem,
1544 1573 1608 1633 et
1651 1569 1788 1650 hoc,
1838 1569 2000 1650 quod
2039 1587 2226 1650 super
2269 1567 2386 1630 hac
2416 1585 2484 1630 re
2515 1583 2663 1648 apo-

372 1676 587 1740 stolico
634 1675 995 1739 testimonio
1041 1675 1258 1755 uteriS,
1306 1675 1497 1738 diuini
1544 1674 1886 1738 testimonii
1918 1673 2201 1737 ordinem
2230 1673 2662 1753 rationemque

368 1781 612 1844 furaris.
676 1797 802 1845 non
836 1781 1005 1844 enim
1036 1781 1125 1844 ita
1156 1781 1235 1844 ab
1268 1781 1548 1863 apostolo
1594 1780 1868 1862 positum
1902 1782 2099 1843 estut
2145 1781 2212 1843 tu
2256 1777 2319 1840 id
2366 1779 2660 1840 truncum
2709 1784 2744 1838 2

370 1885 785 1966 uitiatamque
832 1885 1114 1968 posuisti.
1192 1885 1342 1966 quid
1389 1885 1555 1948 enim
1603 1885 1920 1967 apostolus
1969 1884 2098 1948 ait?
2145 1886 2216 1946 et
2259 1882 2661 1946 manifeste

370 2009 713 2074 magnum
749 1993 863 2054 est
892 1991 1207 2074 pietatis
1242 1993 1826 2070 sacramentum,
1871 1990 2058 2070 quod
2093 1987 2661 2052 manifestatum

268 2121 317 2160 ιε)
372 2099 487 2159 est
546 2094 619 2158 in
680 2113 929 2175 carne,
999 2095 1507 2159 iustificatum
1576 2099 1692 2158 est
1758 2095 1830 2158 in
1894 2091 2185 2176 spiritu.
2277 2094 2450 2157 uides
2515 2109 2661 2175 ergo

372 2199 533 2281 quod
602 2200 975 2283 mysterium
1034 2199 1287 2283 pietatis
1353 2201 1456 2264 uel
1518 2203 1985 2265 sacramentum
2047 2198 2454 2264 iustificatum
2515 2216 2664 2279 apo-

371 2306 569 2369 stolus
635 2305 1037 2386 praedicauit.
1137 2323 1262 2370 non
1340 2306 1505 2369 enim
1572 2308 1706 2370 tam
1781 2305 2092 2369 inmemor
2156 2305 2290 2387 ipse
2359 2304 2662 2368 dictorum

370 2427 625 2473 suorum
672 2429 745 2473 ac
790 2410 1109 2474 doctrinae
1158 2415 1311 2491 erat,
1358 2414 1426 2474 ut
1459 2429 1602 2474 eum
1636 2411 1876 2474 iustitia
1906 2411 2152 2495 eguisse
2200 2410 2430 2474 diceret
2475 2427 2660 2491 quem

370 2515 503 2597 ipse
573 2535 820 2599 semper
885 2516 1190 2580 iustitiam
1258 2517 1649 2598 praedicarat
1717 2518 1958 2579 dicens:
2035 2516 2158 2598 qui
2233 2516 2479 2579 factus
2549 2518 2662 2577 est

261 2648 315 2685 20
369 2620 582 2684 nobis
644 2621 945 2685 iustitia
1000 2624 1073 2686 et
1119 2622 1637 2685 sanctificatio
1685 2624 1758 2685 et
1801 2621 2234 2703 redemptio.
2312 2619 2463 2684 alibi
2511 2638 2662 2701 quo—

368 2744 487 2807 que
534 2726 657 2789 sed
720 2726 993 2805 abluti,
1055 2727 1275 2807 inquit,
1338 2728 1551 2807 estis,
1615 2727 1743 2789 sed
1801 2726 2213 2791 iustificati
2259 2726 2472 2804 estiS,
2536 2724 2662 2787 sed

368 2830 839 2894 sanctificati
880 2832 1063 2895 estis
1105 2832 1177 2895 in
1218 2831 1519 2895 nomine
1560 2832 1838 2895 domini
1879 2832 2118 2895 nostri
2149 2830 2320 2893 Iesu
2354 2830 2659 2894 Christi.

368 2952 556 3016 quam
602 2936 787 3018 longe
835 2954 980 3019 ergo
1028 2934 1106 2999 ab
1156 2955 1227 2999 eo
1276 2940 1372 3000 est
1418 2939 1487 3001 ut
1532 2936 1978 3019 adimpletione
2019 2936 2289 2999 iustitiae
2323 2935 2660 3016 indIguerit
2707 2942 2740 2993 3

368 3041 474 3122 qui
516 3040 755 3104 iustitia
799 3041 1093 3105 uniuersa
1148 3042 1485 3122 conpleuit,
1549 3045 1614 3105 et
1673 3044 1744 3105 ut
1802 3042 2099 3105 maiestas
2163 3042 2291 3104 eius
2353 3039 2660 3103 iustitiam

262 3170 313 3209 25
370 3162 493 3208 non
540 3144 833 3208 habuerit
878 3146 1053 3209 cuius
1103 3146 1291 3209 etiam
1339 3165 1567 3209 nomen
1616 3150 1842 3209 cuncta
1886 3145 2198 3209 iustificet.
2275 3143 2451 3207 uides
2514 3162 2660 3226 ergo

368 3251 468 3314 uel
516 3268 703 3332 quam
752 3250 963 3333 inepta
1007 3249 1400 3332 blasphemia
1446 3254 1554 3315 tua
1601 3251 1700 3315 uel
1748 3269 1938 3332 quam
1981 3251 2206 3313 insana
2252 3250 2353 3330 sit,
2410 3248 2556 3330 quia
2599 3248 2662 3312 id

369 3354 609 3417 auferre
657 3354 907 3418 domino
954 3355 1068 3420 deo
1108 3359 1327 3419 ‘nostro
1390 3356 1629 3436 niteris,
1693 3356 1855 3437 quod
1915 3356 2002 3419 ita
2062 3355 2138 3419 ab
2205 3374 2277 3419 eo
2329 3356 2396 3418 in
2441 3372 2659 3417 omnes

369 3460 691 3523 credentes
738 3460 910 3543 large
958 3479 1207 3543 semper
1254 3460 1613 3542 effunditur,
1663 3464 1732 3525 ut
1766 3478 2112 3544 numquam
2150 3461 2216 3524 in
2261 3459 2398 3545 ipso
2447 3462 2660 3525 tamen

366 3564 499 3647 iugi
544 3565 839 3647 largitate
884 3565 1220 3629 minuatur.

574 3771 627 3842 6]
667 3772 695 3826 Ι
732 3772 869 3827 Tim.
896 3774 944 3837 3,
976 3775 1055 3829 16.
1186 3774 1273 3843 13]
1312 3772 1347 3827 l.
1376 3790 1418 3827 c.
1543 3774 1631 3844 19]
1671 3773 1699 3827 I
1737 3772 1854 3829 Cor.
1885 3778 1932 3838 1,
1959 3777 2041 3829 30.
2159 3774 2250 3842 21]
2289 3774 2317 3828 Ι
2355 3773 2472 3828 Cor.
2501 3776 2548 3837 6,
2579 3776 2658 3830 11.

456 3966 482 4019 1
524 3963 833 4017 ammisccre
870 3965 937 4019 N
1036 3954 1355 4034 perorrescit
1392 3966 1467 4019 M
1564 3968 1596 4020 2
1637 3964 1932 4019 demoniaci
1964 3966 2084 4035 p(v)
2191 3964 2558 4034 intelligencia
2594 3968 2670 4021 M

367 4072 399 4123 5
434 4068 535 4121 hoc
572 4088 671 4125 om.
712 4071 787 4124 M
893 4073 926 4125 6
962 4068 1105 4139 quod
1144 4070 1287 4125 dicat
1322 4072 1421 4125 Mo
1535 4072 1567 4125 8
1606 4052 1664 4123 ab
1700 4071 1798 4139 spu
1835 4070 1910 4125 M
2012 4072 2078 4126 14
2115 4074 2196 4123 est
2229 4070 2446 4140 pietatis
2483 4074 2564 4123 est
2593 4071 2660 4140 10¹

372 4159 435 4212 16
472 4156 771 4210 misterium
808 4159 974 4227 NMp
1118 4161 1198 4226 est
1240 4157 1457 4227 pietatis
1485 4176 1529 4227 p
1677 4160 1741 4213 18
1779 4156 2050 4211 doctrinae
2093 4174 2216 4211 suae
2255 4158 2354 4213 Mv
2494 4160 2562 4213 20
2599 4175 2660 4212 ac

365 4242 667 4313 redempcio
710 4246 785 4299 M
916 4244 1005 4299 alii
1052 4245 1120 4301 N
1254 4248 1318 4301 21
1368 4245 1557 4313 inquid
1604 4246 1680 4299 M
1812 4245 1904 4299 sed
1951 4245 2226 4300 iustificati
2272 4245 2400 4299 estis
2449 4264 2550 4301 om.
2595 4248 2670 4301 M

366 4333 435 4386 22
472 4331 640 4385 nostri
678 4350 777 4387 om.
817 4334 894 4387 M
1007 4335 1077 4389 23
1112 4332 1491 4403 abimpletione
1530 4334 1596 4388 N
1715 4335 1784 4388 24
1820 4337 1874 4387 et
1909 4350 2010 4389 om.
2047 4335 2124 4389 M
2231 4336 2298 4390 25
2335 4332 2593 4389 iustificat
2625 4353 2660 4391 v

368 4419 599 4487 26·quia
633 4417 715 4490 id]
754 4419 896 4489 quod
934 4421 1009 4476 M
1108 4422 1174 4475 27
1212 4420 1309 4474 deo
1347 4438 1449 4477 om.
1488 4420 1626 4477 Mav
1733 4423 1800 4477 28
1837 4438 2110 4491 nunquam
2147 4423 2222 4477 M
