3167 4975
2398 433 2635 495 LXVII

347 636 428 645 —
473 620 534 683 p.
573 597 724 681 530,
756 597 870 683 21]
920 600 998 665 cf.
1031 600 1170 665 Ind.
1205 618 1254 664 s.
1289 620 1348 665 11.
1383 598 1647 662 a—ab.
1697 637 1778 647 —
1808 620 1868 685 p.
1902 600 2052 683 534,
2084 599 2123 663 8
2170 620 2315 666 cum
2345 600 2435 664 Β1
2466 601 2637 667 idem

349 703 652 789 temporis
675 723 866 787 quam
891 722 1034 769 cum
1057 704 1316 787 reliquis
1343 702 1420 766 id
1441 704 1749 789 temporis
1771 706 2040 771 scribere
2061 707 2275 787 malui,
2302 706 2639 772 cumidem

348 807 580 870 aetatis
611 808 867 875 Tacitus
908 810 1148 874 dixerit.
1196 846 1282 855 —
1311 830 1370 893 p.
1404 807 1554 891 560,
1585 807 1631 871 4
1668 809 1980 897 aquosco]
2010 810 2087 876 cf.
2123 832 2181 895 p.
2218 808 2367 892 564,
2402 810 2502 877 12.
2551 850 2637 859 -

348 932 406 995 p.
441 911 588 993 604,
625 911 706 975 15
734 910 1130 976 abominatio
1161 913 1334 977 enim
1365 913 1562 998 (euim
1594 923 1685 977 eet
1714 914 1879 999 rell.)
1902 915 2237 1000 peccatori
2266 914 2500 1002 religio
2540 938 2639 981 se-

350 1018 624 1082 cundum
655 1016 1070 1102 Septuaginta
1099 1019 1396 1099 βδέλυγμα
1426 1020 1490 1080 δὲ
1521 1020 1841 1101 ἁμαρτωλῷ
1886 1021 2197 1097 θεοσέβεια.
2256 1022 2449 1085 etiam
2480 1022 2637 1087 alias

351 1139 532 1205 saepe
577 1123 802 1205 copula
847 1140 884 1187 a
913 1121 1212 1188 Cassiano
1247 1123 1579 1188 omittitur.
1630 1160 1714 1170 —
1758 1144 1819 1208 p.
1854 1121 2003 1206 650,
2034 1123 2079 1187 4
2122 1124 2197 1186 in
2234 1122 2451 1187 media
2487 1146 2639 1211 per-

349 1224 669 1289 secutione
698 1236 890 1312 atque
921 1224 1220 1313 conflictu
1245 1228 1591 1293 secundum
1614 1226 1678 1291 Β
1698 1229 1925 1313 recepi,
1958 1229 2107 1311 quia
2131 1229 2498 1313 persecutio
2531 1250 2641 1295 ue-

351 1335 510 1395 teres
543 1331 736 1395 etiam
766 1333 842 1396 de
875 1334 1120 1397 actione
1152 1334 1475 1397 iudiciaria
1506 1333 1819 1399 dicebant.
1845 1370 1931 1381 —
1954 1354 2013 1417 p.
2042 1332 2190 1415 627,
2222 1331 2299 1397 18
2324 1332 2639 1421 nasibus]

350 1436 428 1500 cf.
461 1436 596 1501 Ind.
632 1435 748 1501 sub
797 1437 1190 1503 ‘declinatio'.
1239 1474 1325 1483 —
1369 1457 1428 1521 p.
1465 1436 1613 1519 647,
1652 1435 1728 1501 18
1776 1434 2120 1525 optabam]
2164 1438 2243 1503 cf.
2278 1458 2339 1521 p.
2375 1437 2523 1520 664,
2556 1437 2641 1503 20

352 1543 412 1605 et
441 1544 662 1605 contra
687 1540 933 1606 Nestor.
971 1542 1088 1623 111,
1117 1541 1176 1623 1,
1214 1540 1268 1606 1.
1301 1578 1387 1587 —-
1417 1562 1477 1626 p.
1511 1540 1661 1623 651,
1697 1539 1780 1606 15
1808 1563 1921 1605 ‘nec
1953 1540 2241 1606 dolemus
2278 1562 2393 1605 nos
2424 1564 2641 1607 uanae

347 1642 598 1729 qloriae
668 1645 1068 1732 suqqeetione
1131 1644 1406 1731 pulsari
1471 1651 1641 1713 recte
1704 1646 1781 1712 B.
1853 1664 1999 1713 cum
2064 1668 2178 1711 ηοε
2247 1648 2313 1713 111
2381 1648 2641 1732 reliquis

351 1749 670 1815 codicibus
718 1752 1158 1832 intercidisset,
1206 1756 1278 1817 ut
1323 1753 1639 1817 sententia
1694 1756 1913 1833 staret,
1950 1750 2230 1837 pulsari
2273 1754 2340 1817 in
2376 1751 2644 1837 pulsati

350 1859 810 1921 commutatum
872 1860 988 1937 est,
1051 1860 1122 1921 ut
1190 1855 1327 1939 Οβυ
1385 1858 1626 1941 legunt.
1696 1894 1783 1904 —
1834 1877 1894 1941 p.
1933 1856 2082 1939 681,
2114 1856 2193 1921 21
2267 1855 2344 1920 de
2405 1854 2642 1943 quibus

353 1956 621 2045 (armis)
652 1969 829 2024 aetas
855 1957 1188 2024 robustior
1209 1960 1593 2025 innumeras
1617 1961 1897 2025 hostium
1910 1959 2295 2047 prostrauit
2317 1970 2641 2027 cateruas.

349 2082 496 2130 cum
542 2064 864 2130 uocabulis
925 2074 1107 2129 aetas
1163 2063 1498 2130 robustior
1543 2066 1693 2133 Saul
1754 2067 2162 2152 significetur,
2218 2067 2447 2132 falsam
2508 2086 2645 2133 esse

349 2169 733 2253 reliquorum
777 2169 1081 2235 librorum
1139 2172 1474 2237 lectionem
1511 2170 1997 2255 prosto-auisset
2052 2171 2387 2237 manifeste
2446 2176 2638 2256 patet.

349 2278 672 2357 praeterea
695 2276 772 2339 cf.
799 2295 860 2359 p.
877 2273 1028 2357 522,
1054 2274 1152 2340 19.
1177 2274 1328 2356 562,
1346 2273 1448 2341 25.
1475 2273 1627 2357 575,
1645 2274 1703 2340 5.
1733 2274 1880 2356 608,
1897 2275 1957 2339 4.
1985 2274 2133 2356 616,
2152 2273 2211 2340 9.
2237 2274 2335 2339 10.
2364 2274 2512 2357 626,
2538 2274 2641 2340 20.

354 2376 500 2459 629,
535 2378 634 2443 16.
669 2378 818 2461 640,
851 2378 908 2443 7.
945 2378 1092 2461 645,
1126 2378 1228 2444 28.
1263 2378 1410 2461 651,
1450 2379 1546 2444 11.
1582 2378 1732 2461 660,
1764 2378 1866 2446 20.
1902 2378 2050 2461 683,
2084 2380 2142 2444 6.

439 2537 560 2603 Sed
613 2541 864 2603 tantum
921 2538 1122 2620 abest,
1179 2543 1250 2604 ut
1305 2539 1492 2604 codex
1547 2540 1655 2603 ille
1711 2559 1743 2603 e
1799 2557 1920 2622 quo
1966 2536 2099 2601 BF
2142 2537 2456 2603 fluxerunt
2510 2539 2645 2604 sine

353 2643 654 2728 grauibus
701 2643 945 2708 mendis
992 2643 1200 2724 suerit,
1247 2647 1320 2708 ut
1365 2661 1548 2728 saepe
1597 2643 1861 2708 dubium
1909 2662 2045 2707 esse
2092 2661 2216 2708 non
2260 2643 2462 2727 possit
2491 2643 2645 2726 quin

351 2745 657 2813 librorum
703 2749 1082 2814 deteriorum
1124 2749 1434 2833 scriptura
1463 2747 1873 2831 praeferenda
1904 2748 2005 2812 sit.
2054 2747 2646 2832 interpolationibus

354 2855 608 2936 quidem
641 2851 772 2916 BF
790 2854 921 2918 fere
953 2857 1210 2918 uacant:
1259 2871 1417 2936 quae
1449 2854 1619 2918 enim
1650 2871 1722 2919 eo
1752 2853 2063 2938 pertinere
2105 2853 2418 2934 uidentur,
2467 2853 2647 2918 aliter

355 2957 648 3042 explicari
691 2961 960 3042 possunt
1005 2957 1468 3041 maximamque
1509 2961 1757 3042 partem
1789 2975 1914 3022 non
1948 2961 2095 3022 sunt
2127 2957 2249 3020 nisi
2280 2956 2647 3022 uocularum

353 3064 757 3148 repetitiones
812 3083 922 3148 per
977 3081 1245 3128 errorem
1303 3061 1795 3127 describentium
1851 3064 2040 3127 ortae.
2120 3061 2209 3126 sic
2269 3082 2327 3145 p.
2372 3058 2521 3142 509,
2566 3059 2646 3124 16

353 3167 678 3255 sequenda
725 3165 888 3255 [est]
935 3171 1186 3252 propter
1247 3168 1626 3251 praecedens
1672 3163 1960 3230 uitanda
2014 3175 2123 3244 est,
2185 3163 2333 3247 550,
2376 3164 2460 3228 26
2521 3164 2649 3227 ita-

356 3295 476 3360 que
508 3272 667 3360 [de]
701 3271 1042 3350 remediis,
1075 3270 1224 3354 555,
1252 3270 1334 3334 12
1361 3269 1436 3335 de
1468 3269 1999 3334 indumentorum
2028 3269 2194 3334 eius
2221 3279 2411 3355 atque
2435 3267 2648 3354 officii

357 3376 597 3466 [eius]
659 3377 946 3454 uilitate,
1007 3375 1156 3457 563,
1211 3375 1290 3439 13
1352 3375 1573 3439 caruis
1638 3375 1768 3463 [et]
1831 3373 2193 3463 afflictione
2256 3375 2478 3459 (etiam
2546 3372 2647 3458 Ο),

355 3482 505 3565 579,
541 3481 624 3546 12
669 3492 727 3546 et
762 3479 924 3568 [ad]
971 3478 1433 3544 salubritatem
1463 3499 1572 3564 pro
1607 3489 1665 3544 et
1694 3477 2111 3557 salubritate,
2158 3475 2307 3560 581,
2340 3477 2380 3541 8
2429 3477 2647 3565 [non]

359 3585 588 3674 lonqe,
641 3585 790 3668 588,
828 3586 909 3650 14
963 3595 1040 3649 ut
1087 3595 1264 3671 puta
1319 3583 1487 3671 [ut],
1543 3583 1692 3665 652,
1725 3583 1765 3648 6
1821 3582 2004 3669 [uel]
2056 3582 2268 3647 inuiti
2310 3580 2420 3647 uel
2476 3584 2649 3668 (con-

357 3693 553 3757 sentit
591 3689 690 3776 O).
740 3711 930 3774 quam
961 3691 1144 3756 facile
1192 3693 1404 3754 autem
1436 3689 1589 3754 talia
1620 3689 1903 3774 inrepere
1934 3689 2272 3773 potuerint,
2318 3689 2472 3772 ipse,
2506 3707 2649 3752 cum

358 3797 638 3862 codicem
668 3794 731 3859 Β
774 3796 1003 3861 iterum
1052 3798 1425 3875 excuterem,
1473 3794 1703 3859 clarius
1733 3793 2035 3878 perspexi.
2087 3814 2145 3876 p.
2182 3790 2329 3874 669,
2364 3790 2399 3853 7
2441 3790 2505 3854 Β
2549 3812 2652 3856 ex-

357 3901 537 3966 hibet
583 3900 743 3987 quia
787 3899 984 3986 [pro]
1034 3899 1156 3963 his.
1203 3897 1496 3963 librarius
1545 3899 1735 3980 enim,
1782 3917 1927 3962 cum
1972 3916 2227 3962 uersum
2272 3897 2650 3981 praeceden-

359 4011 490 4072 tem
537 4006 729 4073 uerbo
763 4004 1074 4091 ,pnuutiet
1119 4003 1496 4084 inchoasset,
1544 4003 1623 4068 ad
1670 4004 1939 4068 alterum
1978 4002 2350 4087 perueniens
2383 4023 2439 4086 p
2484 4002 2649 4066 male

357 4163 684 4249 repetiuit:
718 4118 1030 4301 §uxama
1075 4163 1294 4228 eodem
1347 4163 1532 4228 modo
1592 4181 1653 4245 p.
1688 4157 1837 4241 669,
1874 4157 1953 4222 12
2006 4157 2227 4222 carnis
2287 4178 2401 4274 ⁸²}ss
2458 4157 2652 4241 expli-

361 4325 558 4387 catur.
633 4325 802 4386 extat
849 4321 1016 4386 enim
1063 4321 1128 4384 in
1174 4317 1236 4381 Β
1282 4319 1346 4383 111
1393 4317 1514 4382 fine
1570 4318 1835 4382 duorum
1881 4335 2207 4380 uersuum:
2255 4282 2647 4429 osgiva&

2268 4467 2340 4520 ὅ*
