<?xml version="1.0" encoding="UTF-8"?>
<!DOCTYPE html PUBLIC "-//W3C//DTD XHTML 1.0 Transitional//EN"
    "http://www.w3.org/TR/xhtml1/DTD/xhtml1-transitional.dtd">
<html xmlns="http://www.w3.org/1999/xhtml" xml:lang="en" lang="en">
 <head>
  <title>
</title>
<meta http-equiv="Content-Type" content="text/html;charset=utf-8" />
  <meta name='ocr-system' content='tesseract 3.04.00' />
  <meta name='ocr-capabilities' content='ocr_page ocr_carea ocr_par ocr_line ocrx_word'/>
</head>
<body>
  <div class='ocr_page' id='page_1' title='image "./corpusscriptoru28wissgoog_0073.png"; bbox 0 0 3167 4975; ppageno 0'>
   <div class='ocr_carea' id='block_1_1' title="bbox 2460 444 2627 505">
    <p class='ocr_par' dir='ltr' id='par_1_1' title="bbox 2460 444 2627 505">
     <span class='ocr_line' id='line_1_1' title="bbox 2460 444 2627 505; baseline -0.012 -1"><span class='ocrx_word' id='word_1_1' title='bbox 2460 444 2627 505; x_wconf 81' lang='lat' dir='ltr'>va</span> 
     </span>
    </p>
   </div>
   <div class='ocr_carea' id='block_1_2' title="bbox 337 608 2631 1951">
    <p class='ocr_par' dir='ltr' id='par_1_2' title="bbox 337 608 2631 1951">
     <span class='ocr_line' id='line_1_2' title="bbox 339 608 2631 699; baseline 0.003 -24"><span class='ocrx_word' id='word_1_2' title='bbox 339 608 674 694; x_wconf 80' lang='lat' dir='ltr'>archetypo</span> <span class='ocrx_word' id='word_1_3' title='bbox 719 610 950 675; x_wconf 88' lang='lat' dir='ltr'>codicis</span> <span class='ocrx_word' id='word_1_4' title='bbox 1003 608 1058 673; x_wconf 92' lang='lat' dir='ltr'><em>O</em></span> <span class='ocrx_word' id='word_1_5' title='bbox 1087 612 1348 677; x_wconf 82' lang='lat' dir='ltr'>titulum</span> <span class='ocrx_word' id='word_1_6' title='bbox 1395 610 1472 675; x_wconf 85' lang='lat' dir='ltr'>de</span> <span class='ocrx_word' id='word_1_7' title='bbox 1513 611 1821 677; x_wconf 81' lang='lat' dir='ltr'>inuidiae</span> <span class='ocrx_word' id='word_1_8' title='bbox 1862 612 2037 675; x_wconf 88' lang='lat' dir='ltr'>malo</span> <span class='ocrx_word' id='word_1_9' title='bbox 2084 615 2269 679; x_wconf 89' lang='lat' dir='ltr'>omisi</span> <span class='ocrx_word' id='word_1_10' title='bbox 2314 618 2379 679; x_wconf 90' lang='lat' dir='ltr'>et</span> <span class='ocrx_word' id='word_1_11' title='bbox 2424 616 2631 699; x_wconf 86' lang='lat' dir='ltr'>capita</span> 
     </span>
     <span class='ocr_line' id='line_1_3' title="bbox 339 714 2629 802; baseline 0.002 -23"><span class='ocrx_word' id='word_1_12' title='bbox 339 714 686 779; x_wconf 80' lang='lat' dir='ltr'>editionum</span> <span class='ocrx_word' id='word_1_13' title='bbox 724 714 805 778; x_wconf 86' lang='grc'>16</span> <span class='ocrx_word' id='word_1_14' title='bbox 851 720 914 780; x_wconf 83' lang='lat' dir='ltr'>et</span> <span class='ocrx_word' id='word_1_15' title='bbox 961 714 1040 777; x_wconf 81' lang='lat'>17</span> <span class='ocrx_word' id='word_1_16' title='bbox 1089 734 1234 781; x_wconf 89' lang='lat' dir='ltr'>cum</span> <span class='ocrx_word' id='word_1_17' title='bbox 1269 714 1392 779; x_wconf 85' lang='lat' dir='ltr'>FR</span> <span class='ocrx_word' id='word_1_18' title='bbox 1423 719 1488 781; x_wconf 89' lang='lat' dir='ltr'>in</span> <span class='ocrx_word' id='word_1_19' title='bbox 1534 736 1733 782; x_wconf 89' lang='lat' dir='ltr'>unum</span> <span class='ocrx_word' id='word_1_20' title='bbox 1780 720 2086 783; x_wconf 82' lang='lat' dir='ltr'>contraxi:</span> <span class='ocrx_word' id='word_1_21' title='bbox 2136 718 2213 783; x_wconf 87' lang='lat' dir='ltr'>cf.</span> <span class='ocrx_word' id='word_1_22' title='bbox 2248 740 2308 802; x_wconf 89' lang='lat' dir='ltr'>p.</span> <span class='ocrx_word' id='word_1_23' title='bbox 2342 716 2492 799; x_wconf 84' lang='lat'>528,</span> <span class='ocrx_word' id='word_1_24' title='bbox 2526 717 2629 783; x_wconf 83' lang='lat'><strong>23.</strong></span> 
     </span>
     <span class='ocr_line' id='line_1_4' title="bbox 339 819 2631 904; baseline 0.002 -21"><span class='ocrx_word' id='word_1_25' title='bbox 339 820 403 883; x_wconf 89' lang='lat' dir='ltr'>in</span> <span class='ocrx_word' id='word_1_26' title='bbox 463 819 858 904; x_wconf 87' lang='lat' dir='ltr'>longitudine</span> <span class='ocrx_word' id='word_1_27' title='bbox 921 822 1143 904; x_wconf 89' lang='lat' dir='ltr'>capitis</span> <span class='ocrx_word' id='word_1_28' title='bbox 1195 820 1275 884; x_wconf 90' lang='lat'>16</span> <span class='ocrx_word' id='word_1_29' title='bbox 1322 822 1482 887; x_wconf 84' lang='lat' dir='ltr'><strong>nihil</strong></span> <span class='ocrx_word' id='word_1_30' title='bbox 1543 825 1642 886; x_wconf 89' lang='lat' dir='ltr'>est</span> <span class='ocrx_word' id='word_1_31' title='bbox 1700 823 1866 904; x_wconf 89' lang='lat' dir='ltr'>quod</span> <span class='ocrx_word' id='word_1_32' title='bbox 1911 822 2211 903; x_wconf 80' lang='lat' dir='ltr'>offendaS,</span> <span class='ocrx_word' id='word_1_33' title='bbox 2274 842 2419 887; x_wconf 89' lang='lat' dir='ltr'>cum</span> <span class='ocrx_word' id='word_1_34' title='bbox 2478 824 2631 887; x_wconf 86' lang='lat' dir='ltr'>talia</span> 
     </span>
     <span class='ocr_line' id='line_1_5' title="bbox 338 924 2630 1007; baseline 0.003 -20"><span class='ocrx_word' id='word_1_35' title='bbox 338 924 508 987; x_wconf 86' lang='lat' dir='ltr'>haud</span> <span class='ocrx_word' id='word_1_36' title='bbox 537 942 676 989; x_wconf 90' lang='lat' dir='ltr'>raro</span> <span class='ocrx_word' id='word_1_37' title='bbox 709 929 1061 989; x_wconf 88' lang='lat' dir='ltr'>occurrant:</span> <span class='ocrx_word' id='word_1_38' title='bbox 1111 926 1190 991; x_wconf 85' lang='lat' dir='ltr'>cf.</span> <span class='ocrx_word' id='word_1_39' title='bbox 1225 925 1428 1007; x_wconf 85' lang='lat' dir='ltr'>XVII,</span> <span class='ocrx_word' id='word_1_40' title='bbox 1462 924 1566 1007; x_wconf 89' lang='grc'>25,</span> <span class='ocrx_word' id='word_1_41' title='bbox 1608 926 1880 1007; x_wconf 83' lang='lat' dir='ltr'>XXIIII,</span> <span class='ocrx_word' id='word_1_42' title='bbox 1914 924 2015 991; x_wconf 91' lang='grc'>26.</span> <span class='ocrx_word' id='word_1_43' title='bbox 2051 928 2127 991; x_wconf 87' lang='lat' dir='ltr'>de</span> <span class='ocrx_word' id='word_1_44' title='bbox 2158 928 2431 993; x_wconf 87' lang='lat' dir='ltr'>inuidiae</span> <span class='ocrx_word' id='word_1_45' title='bbox 2464 928 2630 993; x_wconf 90' lang='lat' dir='ltr'>malo</span> 
     </span>
     <span class='ocr_line' id='line_1_6' title="bbox 341 1028 2627 1115; baseline 0.002 -23"><span class='ocrx_word' id='word_1_46' title='bbox 341 1032 552 1093; x_wconf 81' lang='lat' dir='ltr'>autem</span> <span class='ocrx_word' id='word_1_47' title='bbox 583 1028 924 1093; x_wconf 85' lang='lat' dir='ltr'>Cassianus</span> <span class='ocrx_word' id='word_1_48' title='bbox 957 1031 1148 1095; x_wconf 88' lang='lat' dir='ltr'>etiam</span> <span class='ocrx_word' id='word_1_49' title='bbox 1181 1032 1312 1095; x_wconf 87' lang='lat' dir='ltr'>toto</span> <span class='ocrx_word' id='word_1_50' title='bbox 1345 1031 1568 1113; x_wconf 83' lang='lat' dir='ltr'>capite,</span> <span class='ocrx_word' id='word_1_51' title='bbox 1618 1033 1785 1113; x_wconf 86' lang='lat' dir='ltr'>quod</span> <span class='ocrx_word' id='word_1_52' title='bbox 1812 1032 2005 1115; x_wconf 89' lang='lat' dir='ltr'>uulgo</span> <span class='ocrx_word' id='word_1_53' title='bbox 2036 1035 2283 1096; x_wconf 83' lang='lat' dir='ltr'>sextum</span> <span class='ocrx_word' id='word_1_54' title='bbox 2316 1032 2627 1097; x_wconf 89' lang='lat' dir='ltr'>decimum</span> 
     </span>
     <span class='ocr_line' id='line_1_7' title="bbox 341 1133 2630 1219; baseline 0.002 -24"><span class='ocrx_word' id='word_1_55' title='bbox 341 1138 456 1213; x_wconf 83' lang='lat' dir='ltr'>est,</span> <span class='ocrx_word' id='word_1_56' title='bbox 503 1133 656 1216; x_wconf 84' lang='lat' dir='ltr'>agit,</span> <span class='ocrx_word' id='word_1_57' title='bbox 717 1152 922 1215; x_wconf 89' lang='lat' dir='ltr'>neque</span> <span class='ocrx_word' id='word_1_58' title='bbox 967 1134 1097 1199; x_wconf 79' lang='lat' dir='ltr'>ulla</span> <span class='ocrx_word' id='word_1_59' title='bbox 1143 1152 1336 1199; x_wconf 89' lang='lat' dir='ltr'>causa</span> <span class='ocrx_word' id='word_1_60' title='bbox 1379 1140 1478 1199; x_wconf 83' lang='lat' dir='ltr'>est</span> <span class='ocrx_word' id='word_1_61' title='bbox 1523 1154 1633 1201; x_wconf 90' lang='lat' dir='ltr'>cur</span> <span class='ocrx_word' id='word_1_62' title='bbox 1680 1139 2036 1200; x_wconf 78' lang='lat' dir='ltr'><strong>statuamus</strong></span> <span class='ocrx_word' id='word_1_63' title='bbox 2085 1155 2229 1201; x_wconf 90' lang='lat' dir='ltr'>eum</span> <span class='ocrx_word' id='word_1_64' title='bbox 2276 1140 2421 1219; x_wconf 88' lang='lat' dir='ltr'>post</span> <span class='ocrx_word' id='word_1_65' title='bbox 2478 1134 2630 1199; x_wconf 88' lang='lat' dir='ltr'>soli-</span> 
     </span>
     <span class='ocr_line' id='line_1_8' title="bbox 341 1234 2631 1325; baseline 0.002 -27"><span class='ocrx_word' id='word_1_66' title='bbox 341 1234 498 1299; x_wconf 82' lang='lat' dir='ltr'>tudo</span> <span class='ocrx_word' id='word_1_67' title='bbox 542 1257 604 1321; x_wconf 88' lang='lat' dir='ltr'>p.</span> <span class='ocrx_word' id='word_1_68' title='bbox 637 1235 787 1319; x_wconf 88' lang='grc'><strong>528,</strong></span> <span class='ocrx_word' id='word_1_69' title='bbox 818 1235 903 1302; x_wconf 87' lang='grc'><strong>23</strong></span> <span class='ocrx_word' id='word_1_70' title='bbox 949 1257 1186 1303; x_wconf 88' lang='lat' dir='ltr'>nouum</span> <span class='ocrx_word' id='word_1_71' title='bbox 1232 1239 1561 1323; x_wconf 80' lang='lat' dir='ltr'><strong>incepisse.</strong></span> <span class='ocrx_word' id='word_1_72' title='bbox 1612 1276 1697 1287; x_wconf 89' lang='lat'>--</span> <span class='ocrx_word' id='word_1_73' title='bbox 1744 1260 1803 1325; x_wconf 92' lang='lat' dir='ltr'>p.</span> <span class='ocrx_word' id='word_1_74' title='bbox 1836 1238 1985 1321; x_wconf 82' lang='lat'>510,</span> <span class='ocrx_word' id='word_1_75' title='bbox 2019 1239 2054 1302; x_wconf 79' lang='lat'>7</span> <span class='ocrx_word' id='word_1_76' title='bbox 2105 1240 2300 1306; x_wconf 87' lang='lat' dir='ltr'>uerba</span> <span class='ocrx_word' id='word_1_77' title='bbox 2326 1238 2443 1304; x_wconf 84' lang='lat' dir='ltr'>sed</span> <span class='ocrx_word' id='word_1_78' title='bbox 2484 1262 2631 1303; x_wconf 87' lang='lat' dir='ltr'>cum</span> 
     </span>
     <span class='ocr_line' id='line_1_9' title="bbox 341 1340 2630 1431; baseline 0.002 -28"><span class='ocrx_word' id='word_1_79' title='bbox 341 1340 788 1426; x_wconf 85' lang='lat' dir='ltr'>apostolorum</span> <span class='ocrx_word' id='word_1_80' title='bbox 818 1362 1076 1406; x_wconf 73' lang='lat' dir='ltr'>excessu</span> <span class='ocrx_word' id='word_1_81' title='bbox 1110 1343 1284 1428; x_wconf 87' lang='lat' dir='ltr'>(post</span> <span class='ocrx_word' id='word_1_82' title='bbox 1329 1342 1775 1430; x_wconf 85' lang='lat' dir='ltr'>apostolorum</span> <span class='ocrx_word' id='word_1_83' title='bbox 1820 1364 2141 1408; x_wconf 72' lang='lat' dir='ltr'>excessum</span> <span class='ocrx_word' id='word_1_84' title='bbox 2178 1342 2431 1431; x_wconf 79' lang='lat' dir='ltr'><em>ORKv)</em></span> <span class='ocrx_word' id='word_1_85' title='bbox 2468 1353 2630 1431; x_wconf 89' lang='lat' dir='ltr'>tepe-</span> 
     </span>
     <span class='ocr_line' id='line_1_10' title="bbox 337 1446 2631 1535; baseline 0.003 -27"><span class='ocrx_word' id='word_1_86' title='bbox 337 1466 510 1511; x_wconf 83' lang='lat' dir='ltr'>scere</span> <span class='ocrx_word' id='word_1_87' title='bbox 562 1446 868 1532; x_wconf 84' lang='lat' dir='ltr'>coepisset</span> <span class='ocrx_word' id='word_1_88' title='bbox 927 1446 1330 1512; x_wconf 83' lang='lat' dir='ltr'>credentium</span> <span class='ocrx_word' id='word_1_89' title='bbox 1373 1446 1734 1513; x_wconf 86' lang='lat' dir='ltr'>multitudo</span> <span class='ocrx_word' id='word_1_90' title='bbox 1796 1467 1921 1515; x_wconf 91' lang='lat' dir='ltr'>non</span> <span class='ocrx_word' id='word_1_91' title='bbox 1968 1450 2149 1514; x_wconf 84' lang='lat' dir='ltr'>aliter</span> <span class='ocrx_word' id='word_1_92' title='bbox 2208 1450 2631 1535; x_wconf 83' lang='lat' dir='ltr'>intellegenda</span> 
     </span>
     <span class='ocr_line' id='line_1_11' title="bbox 343 1550 2628 1638; baseline 0.001 -24"><span class='ocrx_word' id='word_1_93' title='bbox 343 1554 406 1615; x_wconf 89' lang='lat' dir='ltr'>et</span> <span class='ocrx_word' id='word_1_94' title='bbox 449 1552 818 1634; x_wconf 84' lang='lat' dir='ltr'>explicanda</span> <span class='ocrx_word' id='word_1_95' title='bbox 877 1556 1028 1617; x_wconf 84' lang='lat' dir='ltr'>sunt</span> <span class='ocrx_word' id='word_1_96' title='bbox 1081 1556 1270 1635; x_wconf 80' lang='lat' dir='ltr'>atque</span> <span class='ocrx_word' id='word_1_97' title='bbox 1317 1551 1604 1618; x_wconf 78' lang='lat' dir='ltr'>Caesaris</span> <span class='ocrx_word' id='word_1_98' title='bbox 1650 1552 1725 1617; x_wconf 92' lang='lat' dir='ltr'>B.</span> <span class='ocrx_word' id='word_1_99' title='bbox 1758 1550 1834 1619; x_wconf 85' lang='lat' dir='ltr'>G.</span> <span class='ocrx_word' id='word_1_100' title='bbox 1871 1552 2013 1634; x_wconf 88' lang='lat' dir='ltr'>VH,</span> <span class='ocrx_word' id='word_1_101' title='bbox 2046 1551 2150 1634; x_wconf 90' lang='grc'>20,</span> <span class='ocrx_word' id='word_1_102' title='bbox 2190 1554 2221 1615; x_wconf 94' lang='grc'><strong>1</strong></span> <span class='ocrx_word' id='word_1_103' title='bbox 2268 1551 2443 1638; x_wconf 80' lang='lat' dir='ltr'>quod</span> <span class='ocrx_word' id='word_1_104' title='bbox 2484 1553 2628 1617; x_wconf 87' lang='lat' dir='ltr'>eius</span> 
     </span>
     <span class='ocr_line' id='line_1_12' title="bbox 341 1652 2627 1743; baseline 0.001 -25"><span class='ocrx_word' id='word_1_105' title='bbox 341 1652 628 1719; x_wconf 81' lang='lat' dir='ltr'>discessu</span> <span class='ocrx_word' id='word_1_106' title='bbox 672 1655 958 1720; x_wconf 86' lang='lat' dir='ltr'>Romani</span> <span class='ocrx_word' id='word_1_107' title='bbox 1015 1666 1202 1720; x_wconf 84' lang='lat' dir='ltr'>tanta</span> <span class='ocrx_word' id='word_1_108' title='bbox 1249 1656 1741 1743; x_wconf 79' lang='lat' dir='ltr'><strong><em>opportunitate</em></strong></span> <span class='ocrx_word' id='word_1_109' title='bbox 1786 1666 1845 1721; x_wconf 89' lang='lat' dir='ltr'>et</span> <span class='ocrx_word' id='word_1_110' title='bbox 1890 1656 2221 1721; x_wconf 87' lang='lat' dir='ltr'>celeritate</span> <span class='ocrx_word' id='word_1_111' title='bbox 2280 1657 2627 1722; x_wconf 83' lang='lat' dir='ltr'>uenissent.</span> 
     </span>
     <span class='ocr_line' id='line_1_13' title="bbox 337 1759 2630 1847; baseline 0.002 -23"><span class='ocrx_word' id='word_1_112' title='bbox 337 1796 424 1807; x_wconf 91' lang='lat'>--</span> <span class='ocrx_word' id='word_1_113' title='bbox 467 1780 528 1845; x_wconf 88' lang='lat' dir='ltr'>p.</span> <span class='ocrx_word' id='word_1_114' title='bbox 560 1759 712 1841; x_wconf 86' lang='lat'>516,</span> <span class='ocrx_word' id='word_1_115' title='bbox 742 1759 785 1823; x_wconf 88' lang='grc'><strong>2</strong></span> <span class='ocrx_word' id='word_1_116' title='bbox 829 1760 1046 1839; x_wconf 87' lang='lat' dir='ltr'>uiuos,</span> <span class='ocrx_word' id='word_1_117' title='bbox 1107 1762 1274 1845; x_wconf 90' lang='lat' dir='ltr'>quod</span> <span class='ocrx_word' id='word_1_118' title='bbox 1317 1766 1464 1846; x_wconf 88' lang='lat' dir='ltr'>post</span> <span class='ocrx_word' id='word_1_119' title='bbox 1507 1770 1693 1847; x_wconf 80' lang='lat' dir='ltr'>tepor</span> <span class='ocrx_word' id='word_1_120' title='bbox 1738 1763 1979 1827; x_wconf 85' lang='lat' dir='ltr'>addunt</span> <span class='ocrx_word' id='word_1_121' title='bbox 2022 1760 2209 1839; x_wconf 83' lang='lat' dir='ltr'>RKv,</span> <span class='ocrx_word' id='word_1_122' title='bbox 2272 1766 2335 1827; x_wconf 88' lang='lat' dir='ltr'>et</span> <span class='ocrx_word' id='word_1_123' title='bbox 2379 1772 2630 1847; x_wconf 88' lang='lat' dir='ltr'>propter</span> 
     </span>
     <span class='ocr_line' id='line_1_14' title="bbox 341 1865 2627 1951; baseline 0.001 -22"><span class='ocrx_word' id='word_1_124' title='bbox 341 1866 714 1930; x_wconf 77' lang='lat' dir='ltr'>antecedens</span> <span class='ocrx_word' id='word_1_125' title='bbox 757 1865 1075 1950; x_wconf 77' lang='lat' dir='ltr'>uiuosque</span> <span class='ocrx_word' id='word_1_126' title='bbox 1129 1866 1418 1950; x_wconf 88' lang='lat' dir='ltr'>displicet</span> <span class='ocrx_word' id='word_1_127' title='bbox 1463 1871 1526 1931; x_wconf 91' lang='lat' dir='ltr'>et</span> <span class='ocrx_word' id='word_1_128' title='bbox 1571 1866 1958 1951; x_wconf 88' lang='lat' dir='ltr'>superfluum</span> <span class='ocrx_word' id='word_1_129' title='bbox 2006 1872 2135 1933; x_wconf 86' lang='lat' dir='ltr'>est:</span> <span class='ocrx_word' id='word_1_130' title='bbox 2198 1886 2349 1932; x_wconf 88' lang='lat' dir='ltr'>nam</span> <span class='ocrx_word' id='word_1_131' title='bbox 2394 1866 2487 1931; x_wconf 86' lang='lat' dir='ltr'>ad</span> <span class='ocrx_word' id='word_1_132' title='bbox 2531 1866 2627 1931; x_wconf 84' lang='lat' dir='ltr'>in-</span> 
     </span>
    </p>
   </div>
   <div class='ocr_carea' id='block_1_3' title="bbox 326 1968 2627 2161">
    <p class='ocr_par' dir='ltr' id='par_1_3' title="bbox 326 1968 2627 2161">
     <span class='ocr_line' id='line_1_15' title="bbox 326 1968 2627 2057; baseline 0.001 -24"><span class='ocrx_word' id='word_1_133' title='bbox 326 1968 540 2055; x_wconf 82' lang='lat' dir='ltr'>ferna</span> <span class='ocrx_word' id='word_1_134' title='bbox 587 1968 894 2055; x_wconf 71' lang='lat' dir='ltr'>demeryit</span> <span class='ocrx_word' id='word_1_135' title='bbox 953 1971 1120 2035; x_wconf 89' lang='lat' dir='ltr'>idem</span> <span class='ocrx_word' id='word_1_136' title='bbox 1167 1974 1264 2035; x_wconf 83' lang='lat' dir='ltr'>est</span> <span class='ocrx_word' id='word_1_137' title='bbox 1310 1972 1474 2054; x_wconf 89' lang='lat' dir='ltr'>quod</span> <span class='ocrx_word' id='word_1_138' title='bbox 1519 1992 1581 2055; x_wconf 90' lang='lat' dir='ltr'>p.</span> <span class='ocrx_word' id='word_1_139' title='bbox 1612 1969 1763 2052; x_wconf 91' lang='grc'><strong>515,</strong></span> <span class='ocrx_word' id='word_1_140' title='bbox 1794 1970 1879 2035; x_wconf 88' lang='grc'>23</span> <span class='ocrx_word' id='word_1_141' title='bbox 1924 1971 1997 2033; x_wconf 86' lang='lat' dir='ltr'>in</span> <span class='ocrx_word' id='word_1_142' title='bbox 2034 1992 2354 2057; x_wconf 82' lang='lat' dir='ltr'>praeceps</span> <span class='ocrx_word' id='word_1_143' title='bbox 2415 1970 2627 2035; x_wconf 90' lang='lat' dir='ltr'>conla-</span> 
     </span>
     <span class='ocr_line' id='line_1_16' title="bbox 343 2072 2627 2161; baseline 0.001 -24"><span class='ocrx_word' id='word_1_144' title='bbox 343 2072 609 2138; x_wconf 86' lang='lat' dir='ltr'>buntur.</span> <span class='ocrx_word' id='word_1_145' title='bbox 676 2112 762 2121; x_wconf 94' lang='lat'><strong>—</strong></span> <span class='ocrx_word' id='word_1_146' title='bbox 807 2095 866 2159; x_wconf 90' lang='lat' dir='ltr'>p.</span> <span class='ocrx_word' id='word_1_147' title='bbox 901 2072 1051 2156; x_wconf 88' lang='grc'><strong>518,</strong></span> <span class='ocrx_word' id='word_1_148' title='bbox 1084 2074 1121 2137; x_wconf 82' lang='grc'>7</span> <span class='ocrx_word' id='word_1_149' title='bbox 1169 2073 1242 2137; x_wconf 88' lang='lat' dir='ltr'>in</span> <span class='ocrx_word' id='word_1_150' title='bbox 1287 2073 1454 2137; x_wconf 88' lang='lat' dir='ltr'>cella</span> <span class='ocrx_word' id='word_1_151' title='bbox 1497 2074 1762 2161; x_wconf 79' lang='lat' dir='ltr'>sedem]</span> <span class='ocrx_word' id='word_1_152' title='bbox 1807 2076 1884 2141; x_wconf 88' lang='lat' dir='ltr'>cf.</span> <span class='ocrx_word' id='word_1_153' title='bbox 1918 2096 1977 2160; x_wconf 88' lang='lat' dir='ltr'>p.</span> <span class='ocrx_word' id='word_1_154' title='bbox 2012 2074 2161 2157; x_wconf 90' lang='grc'><strong>516,</strong></span> <span class='ocrx_word' id='word_1_155' title='bbox 2194 2074 2280 2139; x_wconf 90' lang='grc'>22</span> <span class='ocrx_word' id='word_1_156' title='bbox 2322 2074 2627 2139; x_wconf 73' lang='lat' dir='ltr'>solitarie</span> 
     </span>
    </p>
   </div>
   <div class='ocr_carea' id='block_1_4' title="bbox 327 2176 2631 3518">
    <p class='ocr_par' dir='ltr' id='par_1_4' title="bbox 327 2176 2631 3518">
     <span class='ocr_line' id='line_1_17' title="bbox 339 2176 2630 2264; baseline 0.001 -23"><span class='ocrx_word' id='word_1_157' title='bbox 339 2176 578 2255; x_wconf 83' lang='lat' dir='ltr'>sedere,</span> <span class='ocrx_word' id='word_1_158' title='bbox 625 2178 800 2245; x_wconf 84' lang='lat' dir='ltr'>Conl.</span> <span class='ocrx_word' id='word_1_159' title='bbox 827 2179 969 2261; x_wconf 89' lang='lat' dir='ltr'>VH,</span> <span class='ocrx_word' id='word_1_160' title='bbox 1000 2178 1108 2261; x_wconf 90' lang='grc'>23,</span> <span class='ocrx_word' id='word_1_161' title='bbox 1140 2178 1180 2243; x_wconf 90' lang='lat'><strong>3</strong></span> <span class='ocrx_word' id='word_1_162' title='bbox 1211 2196 1270 2264; x_wconf 88' lang='lat' dir='ltr'>p.</span> <span class='ocrx_word' id='word_1_163' title='bbox 1305 2178 1455 2261; x_wconf 88' lang='grc'><strong>203,</strong></span> <span class='ocrx_word' id='word_1_164' title='bbox 1491 2180 1523 2242; x_wconf 98' lang='grc'><strong>1</strong></span> <span class='ocrx_word' id='word_1_165' title='bbox 1571 2179 1779 2243; x_wconf 86' lang='lat' dir='ltr'>sedete</span> <span class='ocrx_word' id='word_1_166' title='bbox 1824 2180 1897 2242; x_wconf 90' lang='lat' dir='ltr'>in</span> <span class='ocrx_word' id='word_1_167' title='bbox 1944 2178 2203 2243; x_wconf 86' lang='lat' dir='ltr'>cellulis</span> <span class='ocrx_word' id='word_1_168' title='bbox 2247 2180 2509 2244; x_wconf 85' lang='lat' dir='ltr'>uestris.</span> <span class='ocrx_word' id='word_1_169' title='bbox 2540 2218 2630 2229; x_wconf 85' lang='lat'>--</span> 
     </span>
     <span class='ocr_line' id='line_1_18' title="bbox 340 2281 2628 2367; baseline 0.001 -20"><span class='ocrx_word' id='word_1_170' title='bbox 340 2304 398 2367; x_wconf 91' lang='lat' dir='ltr'>p.</span> <span class='ocrx_word' id='word_1_171' title='bbox 433 2282 582 2364; x_wconf 90' lang='grc'><strong>519,</strong></span> <span class='ocrx_word' id='word_1_172' title='bbox 613 2282 656 2346; x_wconf 88' lang='grc'><strong>2</strong></span> <span class='ocrx_word' id='word_1_173' title='bbox 701 2281 784 2345; x_wconf 90' lang='lat' dir='ltr'>ab</span> <span class='ocrx_word' id='word_1_174' title='bbox 823 2282 984 2345; x_wconf 83' lang='lat' dir='ltr'>aliis</span> <span class='ocrx_word' id='word_1_175' title='bbox 1030 2284 1195 2367; x_wconf 88' lang='lat' dir='ltr'>quod</span> <span class='ocrx_word' id='word_1_176' title='bbox 1244 2283 1542 2348; x_wconf 81' lang='lat' dir='ltr'>exhibent</span> <span class='ocrx_word' id='word_1_177' title='bbox 1580 2282 1822 2360; x_wconf 83' lang='lat' dir='ltr'><em>ORKv,</em></span> <span class='ocrx_word' id='word_1_178' title='bbox 1871 2303 2257 2367; x_wconf 88' lang='lat' dir='ltr'>quamquam</span> <span class='ocrx_word' id='word_1_179' title='bbox 2288 2284 2628 2351; x_wconf 83' lang='lat' dir='ltr'>Cassianus</span> 
     </span>
     <span class='ocr_line' id='line_1_19' title="bbox 339 2386 2628 2474; baseline 0 -22"><span class='ocrx_word' id='word_1_180' title='bbox 339 2388 442 2452; x_wconf 87' lang='lat' dir='ltr'>hie</span> <span class='ocrx_word' id='word_1_181' title='bbox 473 2388 603 2453; x_wconf 83' lang='lat' dir='ltr'>illic</span> <span class='ocrx_word' id='word_1_182' title='bbox 632 2406 912 2472; x_wconf 87' lang='lat' dir='ltr'>praepos.</span> <span class='ocrx_word' id='word_1_183' title='bbox 963 2410 1006 2450; x_wconf 91' lang='lat' dir='ltr'>a</span> <span class='ocrx_word' id='word_1_184' title='bbox 1022 2424 1107 2434; x_wconf 84' lang='lat'>—-</span> <span class='ocrx_word' id='word_1_185' title='bbox 1126 2386 1207 2450; x_wconf 87' lang='lat' dir='ltr'>ab</span> <span class='ocrx_word' id='word_1_186' title='bbox 1239 2389 1584 2472; x_wconf 86' lang='lat' dir='ltr'>gerundiuo</span> <span class='ocrx_word' id='word_1_187' title='bbox 1611 2389 1803 2470; x_wconf 80' lang='lat' dir='ltr'>addit,</span> <span class='ocrx_word' id='word_1_188' title='bbox 1838 2394 2053 2454; x_wconf 88' lang='lat' dir='ltr'>tamen</span> <span class='ocrx_word' id='word_1_189' title='bbox 2076 2390 2353 2454; x_wconf 89' lang='lat' dir='ltr'>hocloco</span> <span class='ocrx_word' id='word_1_190' title='bbox 2376 2394 2628 2474; x_wconf 86' lang='lat' dir='ltr'>propter</span> 
     </span>
     <span class='ocr_line' id='line_1_20' title="bbox 341 2491 2623 2582; baseline 0 -24"><span class='ocrx_word' id='word_1_191' title='bbox 341 2513 608 2577; x_wconf 85' lang='lat' dir='ltr'>sequens</span> <span class='ocrx_word' id='word_1_192' title='bbox 641 2491 724 2556; x_wconf 89' lang='lat' dir='ltr'>ab</span> <span class='ocrx_word' id='word_1_193' title='bbox 755 2492 894 2556; x_wconf 85' lang='lat' dir='ltr'>alio</span> <span class='ocrx_word' id='word_1_194' title='bbox 929 2491 1119 2578; x_wconf 84' lang='lat' dir='ltr'>(aliis</span> <span class='ocrx_word' id='word_1_195' title='bbox 1152 2492 1282 2580; x_wconf 86' lang='lat' dir='ltr'>Kv)</span> <span class='ocrx_word' id='word_1_196' title='bbox 1319 2495 1552 2558; x_wconf 86' lang='lat' dir='ltr'>falsum</span> <span class='ocrx_word' id='word_1_197' title='bbox 1585 2499 1700 2560; x_wconf 83' lang='lat' dir='ltr'>est.</span> <span class='ocrx_word' id='word_1_198' title='bbox 1762 2531 1825 2540; x_wconf 94' lang='lat'>—</span> <span class='ocrx_word' id='word_1_199' title='bbox 1880 2515 1939 2578; x_wconf 89' lang='lat' dir='ltr'>p.</span> <span class='ocrx_word' id='word_1_200' title='bbox 1974 2492 2123 2576; x_wconf 90' lang='grc'><strong>528,</strong></span> <span class='ocrx_word' id='word_1_201' title='bbox 2156 2493 2195 2557; x_wconf 90' lang='grc'><strong>6</strong></span> <span class='ocrx_word' id='word_1_202' title='bbox 2242 2503 2433 2556; x_wconf 80' lang='lat' dir='ltr'>satan</span> <span class='ocrx_word' id='word_1_203' title='bbox 2482 2495 2623 2582; x_wconf 80' lang='grc' dir='ltr'><strong><em>(βυ)</em></strong></span> 
     </span>
     <span class='ocr_line' id='line_1_21' title="bbox 339 2597 2629 2684; baseline 0 -21"><span class='ocrx_word' id='word_1_204' title='bbox 339 2603 648 2684; x_wconf 83' lang='lat' dir='ltr'>repugnat</span> <span class='ocrx_word' id='word_1_205' title='bbox 693 2598 980 2664; x_wconf 84' lang='lat' dir='ltr'>Cassiani</span> <span class='ocrx_word' id='word_1_206' title='bbox 1035 2599 1198 2680; x_wconf 89' lang='lat' dir='ltr'>usui,</span> <span class='ocrx_word' id='word_1_207' title='bbox 1260 2599 1368 2682; x_wconf 90' lang='lat' dir='ltr'>qui</span> <span class='ocrx_word' id='word_1_208' title='bbox 1429 2599 1665 2664; x_wconf 85' lang='lat' dir='ltr'>formas</span> <span class='ocrx_word' id='word_1_209' title='bbox 1719 2599 2031 2684; x_wconf 85' lang='lat' dir='ltr'>longiores</span> <span class='ocrx_word' id='word_1_210' title='bbox 2076 2597 2365 2664; x_wconf 74' lang='lat' dir='ltr'>Satanas</span> <span class='ocrx_word' id='word_1_211' title='bbox 2399 2637 2477 2646; x_wconf 90' lang='lat'>--</span> <span class='ocrx_word' id='word_1_212' title='bbox 2516 2597 2629 2663; x_wconf 82' lang='lat' dir='ltr'>Sa-</span> 
     </span>
     <span class='ocr_line' id='line_1_22' title="bbox 341 2699 2627 2788; baseline 0 -22"><span class='ocrx_word' id='word_1_213' title='bbox 341 2712 534 2768; x_wconf 86' lang='lat' dir='ltr'>tanae</span> <span class='ocrx_word' id='word_1_214' title='bbox 556 2741 642 2751; x_wconf 89' lang='lat'>—-</span> <span class='ocrx_word' id='word_1_215' title='bbox 667 2699 968 2766; x_wconf 84' lang='lat' dir='ltr'>Satanan</span> <span class='ocrx_word' id='word_1_216' title='bbox 999 2703 1288 2788; x_wconf 73' lang='lat' dir='ltr'>praefert.</span> <span class='ocrx_word' id='word_1_217' title='bbox 1321 2741 1410 2750; x_wconf 93' lang='lat'>—-</span> <span class='ocrx_word' id='word_1_218' title='bbox 1438 2724 1496 2787; x_wconf 93' lang='lat' dir='ltr'>p.</span> <span class='ocrx_word' id='word_1_219' title='bbox 1531 2702 1681 2784; x_wconf 90' lang='grc'><strong>528,</strong></span> <span class='ocrx_word' id='word_1_220' title='bbox 1712 2703 1792 2767; x_wconf 91' lang='grc'>16</span> <span class='ocrx_word' id='word_1_221' title='bbox 1820 2701 2147 2766; x_wconf 82' lang='lat' dir='ltr'>maculam</span> <span class='ocrx_word' id='word_1_222' title='bbox 2179 2750 2193 2766; x_wconf 92' lang='lat'>.</span> <span class='ocrx_word' id='word_1_223' title='bbox 2228 2751 2244 2766; x_wconf 92' lang='lat'>.</span> <span class='ocrx_word' id='word_1_224' title='bbox 2278 2751 2294 2766; x_wconf 92' lang='lat'>.</span> <span class='ocrx_word' id='word_1_225' title='bbox 2330 2701 2627 2767; x_wconf 86' lang='lat' dir='ltr'>lacrimis</span> 
     </span>
     <span class='ocr_line' id='line_1_23' title="bbox 327 2805 2629 2894; baseline 0.001 -25"><span class='ocrx_word' id='word_1_226' title='bbox 327 2816 482 2893; x_wconf 85' lang='lat' dir='ltr'>post</span> <span class='ocrx_word' id='word_1_227' title='bbox 521 2805 768 2870; x_wconf 88' lang='lat' dir='ltr'>deleuit</span> <span class='ocrx_word' id='word_1_228' title='bbox 811 2805 1052 2892; x_wconf 81' lang='lat' dir='ltr'>(diluit</span> <span class='ocrx_word' id='word_1_229' title='bbox 1087 2807 1234 2892; x_wconf 79' lang='grc' dir='ltr'><strong>βο).·</strong></span> <span class='ocrx_word' id='word_1_230' title='bbox 1279 2809 1357 2872; x_wconf 87' lang='lat' dir='ltr'>cf.</span> <span class='ocrx_word' id='word_1_231' title='bbox 1401 2807 1540 2890; x_wconf 89' lang='lat' dir='ltr'>XX,</span> <span class='ocrx_word' id='word_1_232' title='bbox 1575 2806 1637 2889; x_wconf 88' lang='grc'>8,</span> <span class='ocrx_word' id='word_1_233' title='bbox 1670 2806 1711 2871; x_wconf 90' lang='grc'>9</span> <span class='ocrx_word' id='word_1_234' title='bbox 1740 2806 1877 2871; x_wconf 86' lang='lat' dir='ltr'>nisi</span> <span class='ocrx_word' id='word_1_235' title='bbox 1906 2829 1984 2871; x_wconf 86' lang='lat' dir='ltr'>ea</span> <span class='ocrx_word' id='word_1_236' title='bbox 2020 2806 2322 2894; x_wconf 86' lang='lat' dir='ltr'>(scelera)</span> <span class='ocrx_word' id='word_1_237' title='bbox 2374 2805 2629 2872; x_wconf 83' lang='lat' dir='ltr'>bonitas</span> 
     </span>
     <span class='ocr_line' id='line_1_24' title="bbox 335 2910 2627 2998; baseline 0 -22"><span class='ocrx_word' id='word_1_238' title='bbox 335 2911 591 2976; x_wconf 87' lang='lat' dir='ltr'>domini</span> <span class='ocrx_word' id='word_1_239' title='bbox 623 2910 962 2990; x_wconf 83' lang='lat' dir='ltr'>deleuerit,</span> <span class='ocrx_word' id='word_1_240' title='bbox 992 2912 1150 2978; x_wconf 92' lang='lat' dir='ltr'>Inst.</span> <span class='ocrx_word' id='word_1_241' title='bbox 1177 2913 1294 2993; x_wconf 87' lang='lat' dir='ltr'>III,</span> <span class='ocrx_word' id='word_1_242' title='bbox 1319 2911 1381 2992; x_wconf 85' lang='lat'>3,</span> <span class='ocrx_word' id='word_1_243' title='bbox 1405 2911 1448 2976; x_wconf 89' lang='lat'>3</span> <span class='ocrx_word' id='word_1_244' title='bbox 1479 2911 1757 2976; x_wconf 76' lang='lat' dir='ltr'>humani</span> <span class='ocrx_word' id='word_1_245' title='bbox 1784 2910 2035 2998; x_wconf 62' lang='lat' dir='ltr'>§enei-is</span> <span class='ocrx_word' id='word_1_246' title='bbox 2058 2922 2331 2998; x_wconf 84' lang='lat' dir='ltr'>peccata</span> <span class='ocrx_word' id='word_1_247' title='bbox 2362 2911 2627 2976; x_wconf 87' lang='lat' dir='ltr'>deleuit.</span> 
     </span>
     <span class='ocr_line' id='line_1_25' title="bbox 334 3014 2629 3102; baseline -0 -20"><span class='ocrx_word' id='word_1_248' title='bbox 334 3053 426 3064; x_wconf 89' lang='lat'>-—·</span> <span class='ocrx_word' id='word_1_249' title='bbox 449 3037 508 3100; x_wconf 90' lang='lat' dir='ltr'>p.</span> <span class='ocrx_word' id='word_1_250' title='bbox 534 3015 686 3098; x_wconf 89' lang='grc'><strong>532,</strong></span> <span class='ocrx_word' id='word_1_251' title='bbox 710 3014 751 3079; x_wconf 88' lang='grc'><strong>3</strong></span> <span class='ocrx_word' id='word_1_252' title='bbox 773 3015 1213 3102; x_wconf 72' lang='lat' dir='ltr'>suscepimus]</span> <span class='ocrx_word' id='word_1_253' title='bbox 1235 3017 1314 3081; x_wconf 86' lang='lat' dir='ltr'>cf.</span> <span class='ocrx_word' id='word_1_254' title='bbox 1340 3017 1532 3100; x_wconf 85' lang='lat' dir='ltr'>praef.</span> <span class='ocrx_word' id='word_1_255' title='bbox 1561 3017 1617 3100; x_wconf 67' lang='grc' dir='ltr'>ἓ.</span> <span class='ocrx_word' id='word_1_256' title='bbox 1638 3016 1678 3081; x_wconf 97' lang='grc'><strong>3</strong></span> <span class='ocrx_word' id='word_1_257' title='bbox 1692 3025 2053 3102; x_wconf 85' lang='lat' dir='ltr'>praecepta</span> <span class='ocrx_word' id='word_1_258' title='bbox 2080 3016 2414 3080; x_wconf 83' lang='lat' dir='ltr'>seniorum</span> <span class='ocrx_word' id='word_1_259' title='bbox 2437 3025 2629 3102; x_wconf 81' lang='lat' dir='ltr'>atque</span> 
     </span>
     <span class='ocr_line' id='line_1_26' title="bbox 333 3119 2629 3207; baseline 0 -23"><span class='ocrx_word' id='word_1_260' title='bbox 333 3119 649 3185; x_wconf 84' lang='lat' dir='ltr'>instituta</span> <span class='ocrx_word' id='word_1_261' title='bbox 677 3119 1070 3206; x_wconf 78' lang='lat' dir='ltr'>suscipiant.</span> <span class='ocrx_word' id='word_1_262' title='bbox 1102 3120 1338 3202; x_wconf 89' lang='lat' dir='ltr'>XVHI,</span> <span class='ocrx_word' id='word_1_263' title='bbox 1363 3119 1426 3201; x_wconf 91' lang='grc'><strong>2,</strong></span> <span class='ocrx_word' id='word_1_264' title='bbox 1453 3120 1494 3182; x_wconf 92' lang='grc'><strong>2</strong></span> <span class='ocrx_word' id='word_1_265' title='bbox 1513 3141 1645 3184; x_wconf 87' lang='lat' dir='ltr'>non</span> <span class='ocrx_word' id='word_1_266' title='bbox 1676 3131 1751 3183; x_wconf 92' lang='lat' dir='ltr'>ut</span> <span class='ocrx_word' id='word_1_267' title='bbox 1783 3121 1901 3184; x_wconf 75' lang='lat' dir='ltr'>kas</span> <span class='ocrx_word' id='word_1_268' title='bbox 1934 3119 2195 3207; x_wconf 66' lang='lat' dir='ltr'>regulas</span> <span class='ocrx_word' id='word_1_269' title='bbox 2228 3129 2419 3206; x_wconf 71' lang='lat' dir='ltr'>atque</span> <span class='ocrx_word' id='word_1_270' title='bbox 2440 3119 2629 3186; x_wconf 83' lang='lat' dir='ltr'>insti-</span> 
     </span>
     <span class='ocr_line' id='line_1_27' title="bbox 337 3223 2631 3312; baseline 0.001 -24"><span class='ocrx_word' id='word_1_271' title='bbox 337 3235 486 3290; x_wconf 86' lang='lat' dir='ltr'>tuta</span> <span class='ocrx_word' id='word_1_272' title='bbox 527 3225 954 3312; x_wconf 78' lang='lat' dir='ltr'>susciperent.</span> <span class='ocrx_word' id='word_1_273' title='bbox 1012 3263 1098 3274; x_wconf 96' lang='lat'>—</span> <span class='ocrx_word' id='word_1_274' title='bbox 1141 3247 1200 3310; x_wconf 87' lang='lat' dir='ltr'>p.</span> <span class='ocrx_word' id='word_1_275' title='bbox 1247 3224 1397 3307; x_wconf 88' lang='grc'><strong>536,</strong></span> <span class='ocrx_word' id='word_1_276' title='bbox 1445 3223 1529 3289; x_wconf 92' lang='grc'><strong>23</strong></span> <span class='ocrx_word' id='word_1_277' title='bbox 1575 3224 1990 3312; x_wconf 78' lang='lat' dir='ltr'>humilitate]</span> <span class='ocrx_word' id='word_1_278' title='bbox 2035 3227 2113 3291; x_wconf 88' lang='lat' dir='ltr'>cf.</span> <span class='ocrx_word' id='word_1_279' title='bbox 2164 3227 2299 3291; x_wconf 86' lang='lat' dir='ltr'>Ind.</span> <span class='ocrx_word' id='word_1_280' title='bbox 2350 3247 2399 3290; x_wconf 88' lang='lat' dir='ltr'>S.</span> <span class='ocrx_word' id='word_1_281' title='bbox 2436 3246 2494 3290; x_wconf 93' lang='lat' dir='ltr'>u.</span> <span class='ocrx_word' id='word_1_282' title='bbox 2542 3265 2631 3274; x_wconf 93' lang='lat'>—-</span> 
     </span>
     <span class='ocr_line' id='line_1_28' title="bbox 335 3329 2630 3415; baseline -0.001 -19"><span class='ocrx_word' id='word_1_283' title='bbox 335 3351 396 3415; x_wconf 91' lang='lat' dir='ltr'>p.</span> <span class='ocrx_word' id='word_1_284' title='bbox 409 3329 560 3412; x_wconf 82' lang='lat'>536,</span> <span class='ocrx_word' id='word_1_285' title='bbox 573 3329 612 3394; x_wconf 93' lang='grc'><strong>8</strong></span> <span class='ocrx_word' id='word_1_286' title='bbox 630 3329 1002 3394; x_wconf 80' lang='lat' dir='ltr'>summitate</span> <span class='ocrx_word' id='word_1_287' title='bbox 1019 3334 1238 3414; x_wconf 90' lang='lat' dir='ltr'>utpote</span> <span class='ocrx_word' id='word_1_288' title='bbox 1257 3348 1376 3394; x_wconf 85' lang='lat' dir='ltr'>uox</span> <span class='ocrx_word' id='word_1_289' title='bbox 1396 3331 1593 3396; x_wconf 87' lang='lat' dir='ltr'>rarior</span> <span class='ocrx_word' id='word_1_290' title='bbox 1616 3331 2027 3414; x_wconf 86' lang='lat' dir='ltr'>praeferenda</span> <span class='ocrx_word' id='word_1_291' title='bbox 2050 3332 2107 3394; x_wconf 93' lang='lat' dir='ltr'>ei</span> <span class='ocrx_word' id='word_1_292' title='bbox 2132 3331 2373 3412; x_wconf 87' lang='lat' dir='ltr'>quaein</span> <span class='ocrx_word' id='word_1_293' title='bbox 2400 3329 2630 3414; x_wconf 51' lang='lat'><em>0²12&amp;</em></span> 
     </span>
     <span class='ocr_line' id='line_1_29' title="bbox 337 3432 2625 3518; baseline -0 -19"><span class='ocrx_word' id='word_1_294' title='bbox 337 3438 512 3500; x_wconf 83' lang='lat' dir='ltr'>extat</span> <span class='ocrx_word' id='word_1_295' title='bbox 553 3432 978 3512; x_wconf 87' lang='lat' dir='ltr'>sublimitate,</span> <span class='ocrx_word' id='word_1_296' title='bbox 1025 3434 1180 3500; x_wconf 89' lang='lat' dir='ltr'>item</span> <span class='ocrx_word' id='word_1_297' title='bbox 1227 3455 1388 3500; x_wconf 80' lang='lat' dir='ltr'>uers,</span> <span class='ocrx_word' id='word_1_298' title='bbox 1440 3433 1522 3498; x_wconf 88' lang='lat'>16</span> <span class='ocrx_word' id='word_1_299' title='bbox 1567 3433 2082 3497; x_wconf 76' lang='lat' dir='ltr'>commoratione.</span> <span class='ocrx_word' id='word_1_300' title='bbox 2128 3471 2215 3481; x_wconf 92' lang='lat'>—</span> <span class='ocrx_word' id='word_1_301' title='bbox 2260 3455 2319 3518; x_wconf 92' lang='lat' dir='ltr'>p.</span> <span class='ocrx_word' id='word_1_302' title='bbox 2360 3433 2511 3516; x_wconf 89' lang='grc'><strong>542,</strong></span> <span class='ocrx_word' id='word_1_303' title='bbox 2544 3434 2625 3498; x_wconf 83' lang='grc'><strong>27</strong></span> 
     </span>
    </p>
   </div>
   <div class='ocr_carea' id='block_1_5' title="bbox 333 3535 2736 3624">
    <p class='ocr_par' dir='ltr' id='par_1_5' title="bbox 333 3535 2736 3624">
     <span class='ocr_line' id='line_1_30' title="bbox 333 3535 2736 3624; baseline 0 -22"><span class='ocrx_word' id='word_1_304' title='bbox 333 3547 654 3624; x_wconf 78' lang='lat' dir='ltr'>quantum</span> <span class='ocrx_word' id='word_1_305' title='bbox 676 3540 968 3602; x_wconf 75' lang='lat' dir='ltr'>humana</span> <span class='ocrx_word' id='word_1_306' title='bbox 997 3535 1398 3602; x_wconf 78' lang='lat' dir='ltr'>inbecillitas</span> <span class='ocrx_word' id='word_1_307' title='bbox 1429 3536 1667 3615; x_wconf 89' lang='lat' dir='ltr'>ualet,</span> <span class='ocrx_word' id='word_1_308' title='bbox 1711 3538 1825 3602; x_wconf 82' lang='lat' dir='ltr'>sic</span> <span class='ocrx_word' id='word_1_309' title='bbox 1854 3537 2053 3602; x_wconf 84' lang='lat' dir='ltr'>unire</span> <span class='ocrx_word' id='word_1_310' title='bbox 2082 3559 2228 3601; x_wconf 87' lang='lat' dir='ltr'>cum</span> <span class='ocrx_word' id='word_1_311' title='bbox 2268 3535 2547 3602; x_wconf 77' lang='lat' dir='ltr'>Christe.</span> <span class='ocrx_word' id='word_1_312' title='bbox 2596 3559 2629 3603; x_wconf 88' lang='lat' dir='ltr'>e</span> <span class='ocrx_word' id='word_1_313' title='bbox 2718 3597 2736 3612; x_wconf 75' lang='grc'><strong>,</strong></span> 
     </span>
    </p>
   </div>
   <div class='ocr_carea' id='block_1_6' title="bbox 333 3640 2628 4536">
    <p class='ocr_par' dir='ltr' id='par_1_6' title="bbox 333 3640 2628 4536">
     <span class='ocr_line' id='line_1_31' title="bbox 336 3640 2628 3727; baseline -0.002 -19"><span class='ocrx_word' id='word_1_314' title='bbox 336 3643 550 3708; x_wconf 88' lang='lat' dir='ltr'>uerbis</span> <span class='ocrx_word' id='word_1_315' title='bbox 569 3641 756 3707; x_wconf 86' lang='lat' dir='ltr'>ualet</span> <span class='ocrx_word' id='word_1_316' title='bbox 783 3640 975 3709; x_wconf 78' lang='lat' dir='ltr'>sicin</span> <span class='ocrx_word' id='word_1_317' title='bbox 999 3640 1168 3706; x_wconf 84' lang='lat' dir='ltr'>RKv</span> <span class='ocrx_word' id='word_1_318' title='bbox 1189 3643 1430 3708; x_wconf 85' lang='lat' dir='ltr'>factum</span> <span class='ocrx_word' id='word_1_319' title='bbox 1463 3647 1560 3708; x_wconf 88' lang='lat' dir='ltr'>est</span> <span class='ocrx_word' id='word_1_320' title='bbox 1588 3641 1783 3706; x_wconf 86' lang='lat' dir='ltr'>sinit:</span> <span class='ocrx_word' id='word_1_321' title='bbox 1813 3643 1998 3723; x_wconf 90' lang='lat' dir='ltr'>male,</span> <span class='ocrx_word' id='word_1_322' title='bbox 2030 3661 2175 3708; x_wconf 89' lang='lat' dir='ltr'>cum</span> <span class='ocrx_word' id='word_1_323' title='bbox 2208 3642 2401 3708; x_wconf 85' lang='lat' dir='ltr'>uerba</span> <span class='ocrx_word' id='word_1_324' title='bbox 2429 3663 2628 3727; x_wconf 81' lang='lat' dir='ltr'>quan-</span> 
     </span>
     <span class='ocr_line' id='line_1_32' title="bbox 335 3744 2624 3828; baseline 0 -17"><span class='ocrx_word' id='word_1_325' title='bbox 335 3757 474 3811; x_wconf 85' lang='lat' dir='ltr'>tum</span> <span class='ocrx_word' id='word_1_326' title='bbox 503 3747 796 3812; x_wconf 75' lang='lat' dir='ltr'>humana</span> <span class='ocrx_word' id='word_1_327' title='bbox 825 3744 1225 3811; x_wconf 82' lang='lat' dir='ltr'>inbecillitas</span> <span class='ocrx_word' id='word_1_328' title='bbox 1254 3745 1438 3810; x_wconf 85' lang='lat' dir='ltr'>ualet</span> <span class='ocrx_word' id='word_1_329' title='bbox 1469 3751 1689 3812; x_wconf 84' lang='lat' dir='ltr'>eontra</span> <span class='ocrx_word' id='word_1_330' title='bbox 1718 3747 1963 3812; x_wconf 85' lang='lat' dir='ltr'>Nestor.</span> <span class='ocrx_word' id='word_1_331' title='bbox 2012 3747 2089 3827; x_wconf 91' lang='lat' dir='ltr'>V,</span> <span class='ocrx_word' id='word_1_332' title='bbox 2114 3745 2177 3828; x_wconf 90' lang='lat'>4,</span> <span class='ocrx_word' id='word_1_333' title='bbox 2208 3745 2251 3810; x_wconf 91' lang='grc'><strong>5</strong></span> <span class='ocrx_word' id='word_1_334' title='bbox 2280 3751 2624 3812; x_wconf 83' lang='lat' dir='ltr'>recurrant.</span> 
     </span>
     <span class='ocr_line' id='line_1_33' title="bbox 333 3849 2627 3937; baseline -0.002 -20"><span class='ocrx_word' id='word_1_335' title='bbox 333 3889 420 3900; x_wconf 91' lang='lat'>—</span> <span class='ocrx_word' id='word_1_336' title='bbox 451 3873 512 3937; x_wconf 88' lang='lat' dir='ltr'><strong>p.</strong></span> <span class='ocrx_word' id='word_1_337' title='bbox 544 3850 696 3934; x_wconf 90' lang='grc'><strong>596,</strong></span> <span class='ocrx_word' id='word_1_338' title='bbox 732 3851 813 3916; x_wconf 90' lang='grc'>10</span> <span class='ocrx_word' id='word_1_339' title='bbox 844 3850 934 3914; x_wconf 91' lang='lat' dir='ltr'>ad</span> <span class='ocrx_word' id='word_1_340' title='bbox 963 3851 1232 3936; x_wconf 78' lang='lat' dir='ltr'>iniquae</span> <span class='ocrx_word' id='word_1_341' title='bbox 1264 3850 1559 3914; x_wconf 82' lang='lat' dir='ltr'>trutinae</span> <span class='ocrx_word' id='word_1_342' title='bbox 1592 3849 1905 3914; x_wconf 84' lang='lat' dir='ltr'>libremus</span> <span class='ocrx_word' id='word_1_343' title='bbox 1937 3871 2234 3914; x_wconf 80' lang='lat' dir='ltr'>eaeamen:</span> <span class='ocrx_word' id='word_1_344' title='bbox 2265 3852 2343 3917; x_wconf 82' lang='lat' dir='ltr'>cf.</span> <span class='ocrx_word' id='word_1_345' title='bbox 2377 3851 2429 3932; x_wconf 94' lang='lat' dir='ltr'>I,</span> <span class='ocrx_word' id='word_1_346' title='bbox 2455 3849 2561 3932; x_wconf 93' lang='grc'>21,</span> <span class='ocrx_word' id='word_1_347' title='bbox 2585 3849 2627 3914; x_wconf 88' lang='grc'><strong>2</strong></span> 
     </span>
     <span class='ocr_line' id='line_1_34' title="bbox 333 3953 2625 4042; baseline 0 -22"><span class='ocrx_word' id='word_1_348' title='bbox 333 3955 430 4021; x_wconf 89' lang='lat' dir='ltr'>ad</span> <span class='ocrx_word' id='word_1_349' title='bbox 466 3978 732 4022; x_wconf 75' lang='lat' dir='ltr'>examen</span> <span class='ocrx_word' id='word_1_350' title='bbox 765 3954 1114 4042; x_wconf 87' lang='lat' dir='ltr'>publicum</span> <span class='ocrx_word' id='word_1_351' title='bbox 1151 3955 1570 4020; x_wconf 86' lang='lat' dir='ltr'>trutinantes.</span> <span class='ocrx_word' id='word_1_352' title='bbox 1611 3993 1697 4004; x_wconf 96' lang='lat'>—</span> <span class='ocrx_word' id='word_1_353' title='bbox 1737 3977 1797 4040; x_wconf 97' lang='lat' dir='ltr'>p.</span> <span class='ocrx_word' id='word_1_354' title='bbox 1841 3953 1987 4036; x_wconf 89' lang='grc'><strong>601,</strong></span> <span class='ocrx_word' id='word_1_355' title='bbox 2022 3953 2060 4017; x_wconf 89' lang='grc'><strong>8</strong></span> <span class='ocrx_word' id='word_1_356' title='bbox 2102 3953 2335 4042; x_wconf 79' lang='lat' dir='ltr'>eoeciti]</span> <span class='ocrx_word' id='word_1_357' title='bbox 2366 3957 2445 4020; x_wconf 87' lang='lat' dir='ltr'>cf.</span> <span class='ocrx_word' id='word_1_358' title='bbox 2479 3955 2625 4038; x_wconf 92' lang='lat' dir='ltr'>XII,</span> 
     </span>
     <span class='ocr_line' id='line_1_35' title="bbox 338 4057 2628 4148; baseline -0.001 -24"><span class='ocrx_word' id='word_1_359' title='bbox 338 4061 441 4143; x_wconf 87' lang='lat'>16,</span> <span class='ocrx_word' id='word_1_360' title='bbox 465 4060 526 4126; x_wconf 87' lang='lat'><strong>2.</strong></span> <span class='ocrx_word' id='word_1_361' title='bbox 557 4082 728 4146; x_wconf 89' lang='lat' dir='ltr'>-—-p.</span> <span class='ocrx_word' id='word_1_362' title='bbox 755 4059 905 4143; x_wconf 87' lang='grc'><strong>603,</strong></span> <span class='ocrx_word' id='word_1_363' title='bbox 934 4059 1016 4125; x_wconf 86' lang='grc'>15</span> <span class='ocrx_word' id='word_1_364' title='bbox 1060 4060 1187 4148; x_wconf 89' lang='lat' dir='ltr'>an]</span> <span class='ocrx_word' id='word_1_365' title='bbox 1231 4061 1310 4126; x_wconf 84' lang='lat' dir='ltr'>cf.</span> <span class='ocrx_word' id='word_1_366' title='bbox 1343 4061 1480 4127; x_wconf 90' lang='lat' dir='ltr'>Ind.</span> <span class='ocrx_word' id='word_1_367' title='bbox 1529 4097 1617 4107; x_wconf 93' lang='lat'>—-</span> <span class='ocrx_word' id='word_1_368' title='bbox 1661 4081 1719 4144; x_wconf 88' lang='lat' dir='ltr'>p.</span> <span class='ocrx_word' id='word_1_369' title='bbox 1756 4058 1905 4140; x_wconf 92' lang='grc'><strong>605,</strong></span> <span class='ocrx_word' id='word_1_370' title='bbox 1936 4059 2020 4122; x_wconf 86' lang='grc'>22</span> <span class='ocrx_word' id='word_1_371' title='bbox 2066 4057 2181 4144; x_wconf 79' lang='lat' dir='ltr'>qui</span> <span class='ocrx_word' id='word_1_372' title='bbox 2220 4069 2425 4122; x_wconf 83' lang='lat' dir='ltr'>totum</span> <span class='ocrx_word' id='word_1_373' title='bbox 2462 4057 2628 4122; x_wconf 89' lang='lat' dir='ltr'>anni</span> 
     </span>
     <span class='ocr_line' id='line_1_36' title="bbox 333 4163 2625 4254; baseline -0.001 -24"><span class='ocrx_word' id='word_1_374' title='bbox 333 4165 632 4254; x_wconf 82' lang='lat' dir='ltr'>spatium</span> <span class='ocrx_word' id='word_1_375' title='bbox 659 4164 926 4252; x_wconf 78' lang='lat' dir='ltr'>aequali</span> <span class='ocrx_word' id='word_1_376' title='bbox 955 4166 1207 4230; x_wconf 88' lang='lat' dir='ltr'>ieiunio</span> <span class='ocrx_word' id='word_1_377' title='bbox 1238 4164 1738 4230; x_wconf 82' lang='lat' dir='ltr'>concludebant:</span> <span class='ocrx_word' id='word_1_378' title='bbox 1776 4167 1855 4232; x_wconf 83' lang='lat' dir='ltr'>cf.</span> <span class='ocrx_word' id='word_1_379' title='bbox 1889 4165 2026 4231; x_wconf 83' lang='lat' dir='ltr'>Ind.</span> <span class='ocrx_word' id='word_1_380' title='bbox 2054 4185 2103 4231; x_wconf 89' lang='lat' dir='ltr'>s.</span> <span class='ocrx_word' id='word_1_381' title='bbox 2131 4186 2189 4231; x_wconf 88' lang='lat' dir='ltr'>u.</span> <span class='ocrx_word' id='word_1_382' title='bbox 2225 4163 2625 4230; x_wconf 82' lang='lat' dir='ltr'>concludere.</span> 
     </span>
     <span class='ocr_line' id='line_1_37' title="bbox 333 4267 2627 4358; baseline -0.002 -22"><span class='ocrx_word' id='word_1_383' title='bbox 333 4307 424 4318; x_wconf 86' lang='lat'>--</span> <span class='ocrx_word' id='word_1_384' title='bbox 466 4291 528 4355; x_wconf 88' lang='lat' dir='ltr'>p.</span> <span class='ocrx_word' id='word_1_385' title='bbox 561 4268 712 4352; x_wconf 88' lang='grc'><strong>612,</strong></span> <span class='ocrx_word' id='word_1_386' title='bbox 750 4269 827 4334; x_wconf 93' lang='grc'>11</span> <span class='ocrx_word' id='word_1_387' title='bbox 861 4271 1248 4358; x_wconf 85' lang='lat' dir='ltr'>tenuerunt]</span> <span class='ocrx_word' id='word_1_388' title='bbox 1293 4274 1370 4336; x_wconf 86' lang='lat' dir='ltr'>cf.</span> <span class='ocrx_word' id='word_1_389' title='bbox 1413 4291 1471 4354; x_wconf 87' lang='lat' dir='ltr'>p.</span> <span class='ocrx_word' id='word_1_390' title='bbox 1509 4269 1660 4353; x_wconf 89' lang='grc'><strong>622,</strong></span> <span class='ocrx_word' id='word_1_391' title='bbox 1697 4268 1797 4335; x_wconf 88' lang='grc'><strong>19.</strong></span> <span class='ocrx_word' id='word_1_392' title='bbox 1842 4305 1931 4316; x_wconf 91' lang='lat'>—</span> <span class='ocrx_word' id='word_1_393' title='bbox 1974 4290 2033 4354; x_wconf 88' lang='lat' dir='ltr'>p.</span> <span class='ocrx_word' id='word_1_394' title='bbox 2070 4268 2217 4351; x_wconf 88' lang='grc'><strong>612,</strong></span> <span class='ocrx_word' id='word_1_395' title='bbox 2255 4268 2333 4332; x_wconf 89' lang='grc'><strong>19</strong></span> <span class='ocrx_word' id='word_1_396' title='bbox 2362 4267 2627 4333; x_wconf 85' lang='lat' dir='ltr'>sordidi</span> 
     </span>
     <span class='ocr_line' id='line_1_38' title="bbox 339 4371 2625 4462; baseline -0.001 -24"><span class='ocrx_word' id='word_1_397' title='bbox 339 4374 654 4461; x_wconf 72' lang='lat' dir='ltr'>liquoris]</span> <span class='ocrx_word' id='word_1_398' title='bbox 685 4375 764 4440; x_wconf 88' lang='lat' dir='ltr'>cf.</span> <span class='ocrx_word' id='word_1_399' title='bbox 783 4375 929 4457; x_wconf 85' lang='lat' dir='ltr'>XII,</span> <span class='ocrx_word' id='word_1_400' title='bbox 944 4373 1008 4458; x_wconf 87' lang='lat'>4,</span> <span class='ocrx_word' id='word_1_401' title='bbox 1034 4375 1078 4438; x_wconf 90' lang='lat'>4</span> <span class='ocrx_word' id='word_1_402' title='bbox 1105 4373 1311 4462; x_wconf 75' lang='lat' dir='ltr'>lonyis</span> <span class='ocrx_word' id='word_1_403' title='bbox 1341 4373 1595 4456; x_wconf 84' lang='lat' dir='ltr'>obsceni</span> <span class='ocrx_word' id='word_1_404' title='bbox 1628 4373 1907 4461; x_wconf 76' lang='lat' dir='ltr'>liquoris</span> <span class='ocrx_word' id='word_1_405' title='bbox 1934 4372 2239 4437; x_wconf 87' lang='lat' dir='ltr'>indutiis.</span> <span class='ocrx_word' id='word_1_406' title='bbox 2274 4372 2334 4456; x_wconf 82' lang='lat'>7,</span> <span class='ocrx_word' id='word_1_407' title='bbox 2360 4374 2400 4438; x_wconf 91' lang='grc'><strong>6</strong></span> <span class='ocrx_word' id='word_1_408' title='bbox 2425 4371 2625 4438; x_wconf 89' lang='lat' dir='ltr'>obsce-</span> 
     </span>
     <span class='ocr_line' id='line_1_39' title="bbox 441 4481 2312 4536; baseline -0.003 0"><span class='ocrx_word' id='word_1_409' title='bbox 441 4491 571 4536; x_wconf 74' lang='grc' dir='ltr'>ΠΗ.</span> <span class='ocrx_word' id='word_1_410' title='bbox 591 4493 707 4536; x_wconf 74' lang='lat' dir='ltr'>om.</span> <span class='ocrx_word' id='word_1_411' title='bbox 731 4497 766 4534; x_wconf 86' lang='lat'>1.</span> <span class='ocrx_word' id='word_1_412' title='bbox 2280 4481 2312 4530; x_wconf 82' lang='lat'>5</span> 
     </span>
    </p>
   </div>
  </div>
 </body>
</html>
