3167 4975
499 438 626 502 206
1311 435 1627 488 Iohannis
1674 435 1975 488 Cassiani

585 613 820 676 ΧΧΠῙ.
843 611 1018 692 Quod
1040 612 1337 694 perfectio
1362 612 1603 694 adtingi
1630 612 1750 674 nisi
1774 611 2147 674 humilitatis
2169 611 2400 675 uirtute
2428 627 2552 673 non
2574 610 2789 690 possit.

585 717 856 780 XXIIII.
904 714 1068 795 Quos
1117 717 1417 797 spiritalis
1465 716 1756 796 superbia
1802 717 2009 796 pulset
2054 733 2331 795 quosque
2378 715 2662 778 carnalis,

585 821 781 884 XXV.
833 821 1182 902 Descriptio
1244 821 1510 885 carnalis
1559 820 1909 901 superbiae,
1972 821 2071 881 uel
2120 837 2279 900 quae
2338 819 2503 882 mala
2549 821 2609 880 in
2660 837 2793 881 mo-

500 926 682 989 nachi
729 929 940 989 mente
985 926 1306 1006 parturiat.

587 1030 815 1093 XXVI.
865 1028 1038 1109 Quod
1087 1031 1251 1093 male
1299 1029 1599 1092 fundat-us
1660 1029 1797 1110 quis
1844 1029 1923 1091 ad
1972 1028 2345 1091 deteriorem
2405 1031 2643 1090 statum
2689 1045 2794 1090 co-

502 1135 648 1198 tidie
695 1134 1076 1215 prolabatur.

584 1239 847 1303 XXVII.
895 1239 1212 1320 Expositio
1258 1239 1548 1302 uitiorum
1597 1257 1755 1320 quae
1801 1257 1913 1319 per
1974 1238 2261 1301 morbum
2310 1237 2636 1320 superbiae
2682 1255 2795 1318 ge-

503 1347 818 1407 nerantur.
2565 1351 2573 1363 '

587 1447 883 1510 XXVIII.
935 1447 1030 1510 De
1076 1446 1285 1510 fratris
1333 1447 1657 1510 cuiusdam
1706 1447 2016 1528 superbia.

587 1553 914 1615 XXVIIII.
979 1552 1215 1615 Indicia
1277 1552 1499 1632 quibus
1573 1552 1863 1633 superbia
1934 1552 2199 1615 carnalis
2270 1551 2516 1614 animae
2584 1551 2793 1614 inesse

501 1658 910 1740 cognoscitur.

587 1763 783 1825 XXX.
857 1761 1032 1840 Quod
1098 1761 1446 1841 tepefactus
1515 1760 1653 1841 quis
1722 1780 1834 1842 pel·
1902 1760 2263 1841 superbiam
2330 1759 2471 1823 aliis
2548 1776 2795 1840 quoque

499 1885 788 1948 praeesse
836 1865 1162 1928 desideret.

587 1969 816 2033 XXXI.
853 1969 1171 2048 Quomodo
1205 1969 1562 2050 superbiam
1607 1969 1855 2032 uincere
1903 1969 2005 2032 uel.
2050 1969 2127 2032 ad
2158 1968 2607 2050 perfectionem
2652 1985 2797 2048 per-

501 2076 714 2138 uenire
761 2075 1094 2155 possimus,

587 2179 850 2241 XXXII.
919 2177 1238 2258 Quomodo
1301 2177 1727 2259 depopulatrix
1790 2179 2068 2241 omnium
2130 2178 2437 2241 uirtutum
2500 2175 2793 2258 superbia

500 2303 610 2365 per
657 2301 874 2347 ueram
920 2282 1341 2346 humilitatem
1389 2283 1586 2363 possit
1632 2283 1930 2364 extingui.

586 2388 885 2451 XXXIII.
935 2387 1234 2451 Remedia
1281 2388 1582 2451 aduersus
1633 2387 1919 2450 morbum
1970 2386 2313 2468 superbiae.

588 2703 636 2766 Ι.
701 2702 1030 2781 Oct-auum,
1095 2702 1258 2783 quod
1319 2706 1686 2782 extremum,
1750 2702 2051 2765 aduersus
2114 2704 2403 2783 spirltum
2466 2701 2794 2783 superbiae

503 2808 679 2871 nobis
726 2812 1046 2871 certamen
1095 2811 1208 2869 est.
1291 2807 1397 2887 qui
1451 2806 1707 2869 morbus
1752 2808 1901 2870 licet
1946 2807 2203 2869 ultimus
2252 2808 2334 2869 sit
2376 2807 2441 2869 in
2504 2805 2793 2869 conflictu

2858 1572 2917 1610 10

2856 2093 2921 2132 15

2854 2834 2917 2872 20

502 2914 795 2976 uitiorum⁴
851 2916 1039 2993 atque
1085 2911 1150 2975 in
1212 2912 1424 2976 ordine
1468 2915 1735 2992 ponatur
1782 2915 2115 2991 extremuS,
2178 2912 2411 2993 origine
2458 2914 2671 2975 tamen
2734 2915 2795 2973 et
2886 2978 2893 2985 ,

501 3021 781 3097 tempore
829 3017 1066 3097 primus
1101 3019 1215 3095 est,
1265 3016 1636 3079 saeuissima
1667 3019 1729 3078 et
1763 3016 2182 3096 superioribus
2216 3017 2454 3079 cunctis
2488 3016 2799 3079 inmanior

501 3122 724 3201 bestia,
771 3122 1082 3201 perfectos
1131 3120 1399 3183 maxime
1432 3124 1751 3201 temptans
1800 3124 1861 3183 et
1904 3119 2355 3201 propemodum
2404 3120 2527 3182 iam
2561 3119 2796 3200 positos

501 3227 562 3289 iu
613 3226 1151 3289 consummatione
1198 3225 1501 3287 uirtutum
1549 3242 1759 3288 morsu
1809 3224 2032 3287 diriore
2081 3225 2441 3305 depascens,

586 3330 669 3392 ll.
707 3329 893 3393 Cuius
943 3329 1061 3391 duo
1110 3332 1258 3392 sunt
1303 3346 1554 3411 genera,
1604 3348 1799 3391 unum
1845 3330 1981 3409 hoc,
2029 3348 2150 3411 quo
2182 3329 2448 3392 diximus
2482 3329 2795 3411 spiritales

501 3452 903 3515 summosque
948 3434 1208 3514 pulsari,
1271 3433 1458 3514 aliud,
1516 3433 1679 3515 quod
1727 3435 1917 3497 etlam
1965 3434 2332 3515 incipientes
2389 3435 2797 3516 carnalesque

501 3540 935 3621 conplectitur.
1015 3542 1078 3601 et
1122 3539 1268 3602 licet
1313 3543 1649 3619 utrumque.
1698 3539 2025 3621 superbiae
2072 3559 2270 3621 genus
2317 3542 2451 3603 tam
2495 3540 2557 3602 in
2606 3539 2797 3603 deum

593 3697 616 3749 1
658 3693 980 3761 perfectione
1021 3694 1088 3747 H
1093 3696 1112 3729 ²
1250 3708 1401 3761 posse
1439 3695 1492 3747 L
1616 3696 1648 3748 2
1686 3710 1816 3761 quos
1856 3695 1927 3747 T:
1962 3694 2104 3763 quod
2142 3696 2258 3748 HL
2383 3694 2647 3763 spiritales
2684 3696 2806 3749 HT

499 3781 620 3850 plus
662 3785 716 3833 et
741 3782 793 3834 L
899 3780 1078 3849 pulset
1102 3784 1156 3832 et
1181 3782 1270 3847 H(
1271 3782 1335 3847 T)
1442 3796 1677 3848 quosque
1702 3783 1918 3835 HL1T:
1953 3797 2161 3849 quoque
2186 3784 2265 3836 L²
2370 3780 2605 3834 carnales
2632 3782 2805 3835 HLT

502 3871 534 3922 3
571 3866 848 3936 superbiae
887 3868 972 3920 uel
1009 3884 1142 3935 quae
1180 3867 1302 3936 (que
1337 3868 1426 3935 H)
1466 3868 1603 3921 HT.-
1639 3884 1739 3936 sup
1777 3884 1879 3938 que
1906 3870 1959 3922 L
2068 3868 2313 3921 monachi
2352 3870 2529 3921 mente
2566 3868 2646 3922 L:
2684 3883 2797 3921 mo-

501 3956 670 4008 nacho
705 3956 752 4008 T
807 3954 966 4007 modu
997 3956 1064 4008 Π
1152 3959 1184 4009 5
1221 3954 1460 4007 fundatis
1487 3956 1539 4009 L
1638 3957 1668 4009 7
1705 3956 2000 4023 expositiL
2097 3962 2129 4009 9
2164 3954 2441 4023 superbiae
2468 3956 2531 4009 H
2626 3958 2689 4011 10
2714 3957 2799 4009 in—

502 4042 700 4095 dicium
729 4044 781 4095 L
895 4046 956 4097 18
994 4040 1284 4109 superbiae.
1355 4042 1556 4110 Incipit
1590 4042 1655 4094 de
1693 4043 1885 4111 spiritu
1916 4043 2190 4111 superbiae
2217 4043 2509 4096 liber-XII
2535 4071 2545 4081 ·
2571 4044 2621 4098 G
2694 4042 2799 4097 Ex-

499 4128 730 4197 pliciuut
767 4130 987 4197 capituss.
1065 4128 1216 4197 lucis)
1254 4132 1428 4181 textus
1465 4128 1651 4181 eiusde.
1685 4128 1807 4181 libri
1846 4131 1898 4183 L
1970 4132 2113 4185 nihil
2150 4132 2475 4199 inscriptum
2510 4132 2571 4184 in
2610 4131 2676 4183 Η

574 4219 636 4269 19
675 4217 699 4268 1
739 4234 840 4270 om.
875 4217 924 4269 G
1033 4216 1169 4283 quod
1199 4219 1310 4270 etv
1415 4220 1478 4271 21
1515 4216 1719 4283 origine
1749 4259 1759 4269 .
1788 4258 1799 4270 .
1828 4260 1838 4269 .
1867 4218 1933 4270 22
1964 4218 2169 4284 primus
2198 4220 2279 4270 cst
2303 4234 2404 4272 om.
2432 4218 2485 4271 L
2592 4218 2659 4271 22
2696 4217 2799 4271 im-

500 4303 708 4355 manior
739 4304 843 4357 GL
941 4306 1004 4357 24
1033 4320 1218 4356 mursu
1249 4303 1432 4355 diriori
1461 4302 1739 4370 dipascens
1766 4306 1833 4358 H
1926 4308 1993 4358 25
2021 4305 2121 4357 hoc
2146 4324 2249 4359 om.
2276 4306 2329 4360 L
2425 4304 2567 4372 quod
2598 4306 2799 4373 GL1T,

500 4408 603 4445 om.
633 4390 702 4444 H
765 4392 835 4444 26
860 4390 1073 4458 pulsare
1104 4390 1178 4445 G²
1249 4394 1329 4443 tes
1356 4390 1695 4458 carnalesque
1724 4434 1735 4443 .
1764 4434 1774 4444 .
1805 4434 1814 4444 .
1834 4408 1967 4461 pay.
1991 4396 2113 4461 208,
2140 4396 2174 4445 4
2201 4392 2427 4445 nudabit
2452 4398 2636 4447 extant
2660 4394 2723 4447 in
2753 4393 2803 4449 C
