3167 4975
2576 482 2670 539 XI

385 649 870 713 conlationibus
931 650 1264 715 seniorum
1309 678 1390 709 =
1438 652 1514 733 V,
1547 650 1610 732 4,
1651 650 1721 727 33
1786 652 2075 717 similiter
2136 652 2197 717 in
2258 652 2450 735 praef.
2494 650 2665 717 Conl.

381 776 440 839 p.
477 756 529 836 I,
561 757 618 839 ξ.
655 754 698 817 2
747 756 864 818 hac
895 754 1104 819 decem
1149 754 1544 819 conlationes
1573 777 1967 819 summorum
2001 765 2317 841 patrum:
2361 757 2437 821 cf.
2474 757 2667 842 praef.

383 860 558 925 Conl.
591 880 651 943 p.
688 861 770 941 Π,
805 862 859 943 g.
888 860 1076 925 2—3.
1129 862 1236 925 sed
1268 861 1570 926 librorum
1604 880 1797 926 manu
1822 862 2195 946 scriptorum
2229 861 2395 925 tituli
2428 864 2671 945 practer

381 964 466 1047 D,
513 966 622 1048 qui
651 974 1026 1027 sanctorum
1057 963 1450 1029 conlationes
1490 966 1761 1045 exhibet,
1806 970 2169 1031 constanter
2200 966 2669 1049 inscriptionem

381 1068 778 1132 conlationes
839 1070 1176 1155 praebent:
1239 1071 1316 1135 cf.
1367 1070 1532 1135 infra
1595 1090 1727 1154 cap.
1779 1070 1889 1135 III.
1958 1070 2115 1135 adde
2176 1072 2340 1152 quod
2404 1071 2670 1154 scriptor

383 1177 518 1259 ipse
561 1176 626 1239 in
673 1175 934 1258 praefat.
984 1176 1188 1258 operis
1235 1179 1452 1240 contra
1481 1176 1846 1241 Nestorium
1892 1176 2005 1240 hos
2052 1174 2243 1240 libros
2290 1173 2667 1239 collationes

380 1278 746 1365 spiritales,
795 1299 919 1345 non
966 1278 1340 1343 collationes
1387 1279 1717 1343 seniorum
1762 1281 2053 1364 appellat.

469 1386 846 1451 Cassianum
878 1385 1320 1451 Conlat-ionum
1351 1386 1544 1451 libros
1574 1388 1705 1451 iam
1736 1390 1873 1451 tum
1907 1386 2177 1451 scribere
2208 1391 2320 1451 aut
2364 1387 2429 1452 in
2460 1388 2671 1451 animo

383 1490 683 1555 habuisse
731 1495 840 1555 aut
885 1492 1076 1555 etiam
1110 1492 1408 1575 coepisse,
1455 1510 1603 1555 cum
1634 1492 2073 1557 Institutiones
2114 1492 2504 1572 conficiebat,
2552 1492 2671 1557 loci

385 1596 626 1678 aliquot
669 1596 1150 1660 Institutionum
1197 1596 1478 1660 indicant·
1523 1596 1752 1678 quibus
1801 1598 2079 1681 legentes
2129 1597 2205 1660 ad
2251 1616 2406 1679 opus
2452 1600 2673 1679 postea

383 1700 695 1765 edendum
739 1701 1016 1784 relegat:
1065 1701 1150 1781 ΙΙ,
1187 1700 1216 1762 l
1271 1699 1348 1763 de
1393 1698 1715 1785 qualitate
1748 1722 1908 1763 uero
1954 1722 2185 1763 earum
2234 1698 2667 1785 (orationum)

381 1802 492 1867 uel
538 1802 1072 1888 quemadmodum
1117 1824 1312 1867 orare
1355 1805 1713 1867 secundum
1768 1802 2052 1891 apostoli
2104 1804 2487 1868 sententiam
2530 1805 2672 1869 eine

379 1908 860 1972 intermissione
885 1908 1233 1995 poscimus,
1265 1908 1408 1972 suis
1439 1909 1510 1972 in
1539 1908 1716 1987 loci-⁶5,
1750 1932 1894 1972 cum
1923 1908 2253 1973 seniorum
2276 1909 2669 1973 conlationes

380 2013 780 2099 coeperimus
842 2036 1157 2099 exponere
1202 2062 1219 2076 .
1263 2062 1278 2076 .
1323 2062 1337 2076 .
1377 2012 1800 2099 proferemus
1818 2037 1839 2077 .·
1898 2016 1975 2080 cf.
2012 2016 2095 2097 ΙΙ,
2128 2016 2189 2095 9,
2226 2014 2280 2079 1.
2346 2036 2379 2078 e
2443 2016 2670 2098 quibus

381 2118 594 2183 uerbis
657 2119 936 2184 conicere
998 2121 1146 2184 licet
1210 2139 1354 2183 eum
1417 2120 1544 2184 iam
1607 2124 1743 2183 tum
1798 2124 1907 2185 aut
1966 2123 2173 2185 totum
2228 2124 2671 2204 argumentum

379 2224 558 2289 Conl.
597 2224 786 2289 VIIII
831 2228 894 2289 et
937 2226 998 2289 X
1043 2228 1254 2289 mente
1293 2228 1711 2307 pertractasse
1758 2226 2091 2289 autetiam
2138 2226 2335 2291 lineas
2368 2226 2672 2307 quasdam

381 2329 828 2412 disputationis
860 2330 1284 2413 descripsisse.
1355 2330 1646 2394 similiter
1678 2330 2081 2395 iudicandum
2128 2335 2224 2395 est
2255 2332 2330 2395 de
2378 2331 2467 2393 eis
2512 2350 2671 2412 quae

381 2434 540 2499 Inst.
575 2434 660 2516 II,
700 2431 778 2497 18
819 2434 1088 2517 profert:
1139 2434 1252 2496 hoe
1297 2454 1542 2519 quoque
1588 2454 1770 2498 nosse
1803 2432 2095 2498 debemus
2128 2456 2169 2497 a
2214 2456 2493 2520 uespera
2532 2432 2671 2498 aab·

382 2537 543 2615 bati,
607 2561 770 2624 quae
820 2537 1082 2602 lucescit
1127 2539 1200 2601 in
1247 2538 1416 2602 diem
1475 2538 1889 2616 dominicum,
1950 2561 2149 2624 usque
2198 2540 2269 2602 in
2330 2561 2673 2626 inceperam

380 2653 742 2730 sequentem
787 2642 976 2728 apud
1017 2641 1368 2730 Aeqyptios
1428 2665 1642 2731 qenua
1696 2666 1824 2706 ‘non
1871 2644 2175 2722 cuv-uari,
2238 2643 2351 2707 sed
2392 2667 2473 2707 ‘ne
2518 2645 2671 2708 totis

382 2748 646 2834 quidem
716 2745 1352 2835 Quinquaqencimae
1421 2747 1677 2826 diebus,
1740 2771 1852 2812 nec
1914 2749 2238 2811 custodiri
2300 2748 2373 2811 in
2434 2749 2526 2810 eis
2588 2749 2671 2812 ie-

381 2837 728 2916 iuniorum
772 2851 1082 2940 requlam.
1161 2875 1446 2939 quarum
1491 2875 1715 2916 rerum
1760 2853 1935 2916 ratio
1980 2875 2098 2916 cuo
2148 2852 2281 2917 loco
2336 2853 2409 2916 in
2454 2853 2671 2917 conla-

381 2957 672 3020 tionibus
709 2958 1042 3022 seniorum
1076 3006 1090 3021 .
1126 3007 1140 3021 .
1177 3007 1191 3021 .
1227 2968 1622 3044 eaeponetur:
1666 2961 1821 3024 haec
1869 2960 2037 3023 enim
2085 2959 2278 3024 uerba
2311 2959 2484 3024 Conl.
2520 2961 2672 3025 XXI

383 3064 592 3147 capita
643 3062 718 3125 11
770 3067 832 3128 et
895 3062 1152 3127 19--20
1196 3068 1484 3148 tangunt.
1556 3082 1739 3147 porro
1795 3083 1939 3128 cum
1987 3065 2143 3129 Inst.
2193 3066 2268 3146 V,
2308 3065 2371 3146 4,
2418 3063 2459 3127 3
2520 3065 2671 3129 dicit

383 3166 532 3230 licet
591 3189 766 3230 untes
835 3166 1177 3253 reliqionic
1239 3178 1500 3232 ‘riost-rae
1559 3169 1649 3230 sit
1692 3167 1887 3250 finis,
1948 3167 2396 3254 professiones
2460 3179 2671 3232 tamen

381 3271 690 3335 diuersae
751 3271 987 3358 quibua
1035 3272 1126 3335 ad
1187 3271 1378 3336 deum
1431 3272 1779 3350 tendimus,
1838 3273 2011 3336 sicut
2056 3273 2129 3336 in
2190 3257 2671 3337 conlationibus

378 3377 712 3440 seniorum
732 3376 1006 3462 plenius
1041 3377 1522 3464 disputandum
1553 3387 1664 3456 est,
1698 3380 1871 3444 Conl.
1908 3379 2118 3460 XIIII,
2154 3380 2387 3460 XVIII,
2421 3381 2671 3445 XVIIII

380 3483 738 3566 significare
771 3483 1038 3548 uidetur.
1087 3488 1404 3568 postremo
1453 3485 1517 3548 in
1563 3485 1757 3568 praef.
1794 3484 1873 3548 ad
1906 3483 2078 3549 Conl.
2114 3505 2171 3567 p.
2210 3485 2260 3565 Ι,
2294 3485 2348 3568 §-
2384 3481 2426 3546 2
2458 3489 2669 3568 aperte

381 3587 714 3670 profitetur
777 3607 842 3651 se
907 3606 944 3651 a
1005 3588 1260 3652 Castore
1323 3589 1717 3653 admonitum
1779 3607 1945 3669 esse,
2008 3592 2079 3653 ut
2138 3589 2193 3654 ei
2259 3587 2465 3652 decem
2524 3610 2671 3651 con-

381 3689 656 3754 lationes
701 3712 1104 3755 summorum
1140 3702 1422 3778 patrum
1465 3691 1679 3755 simili
1724 3713 2009 3756 sermone
2057 3694 2493 3758 conscriberet.
2552 3696 2669 3758 ita-

378 3815 502 3878 que
546 3797 648 3861 uel
689 3796 790 3860 his
830 3797 1078 3862 indiciis
1121 3799 1429 3862 euincitur
1471 3817 1617 3862 eum
1658 3797 2101 3864 Conlationum
2142 3799 2669 3864 conficiendarum

377 3919 611 3966 munus
645 3905 792 3966 ante
825 3920 878 3965 a.
911 3899 1040 3965 426
1081 3903 1432 3984 inchoasse,
1481 3903 1589 3966 sed
1636 3904 1909 3986 primam
1939 3907 2183 3988 partem
2216 3907 2359 3986 post
2392 3903 2668 3968 Castoris

376 4005 636 4070 demum
681 4009 950 4071 mortem
983 4007 1268 4072 edidisse.
1333 4007 1496 4072 hanc
1543 4011 1757 4072 autem
1787 4011 2032 4090 partem
2064 4027 2189 4073 non
2237 4013 2382 4072 ante
2431 4027 2482 4072 a.
2518 4007 2667 4090 419,

377 4128 502 4192 quo
533 4109 834 4176 Leontius
866 4113 1192 4196 episcopus
1239 4113 1446 4176 factus
1480 4115 1595 4194 est,
1645 4111 1833 4176 scribi
1878 4112 2158 4194 potuisse
2199 4115 2377 4195 patet
2407 4131 2439 4176 e
2471 4114 2664 4195 praef.
2708 4177 2717 4186 ,

376 4217 434 4298 ξ.
471 4213 539 4279 2:
603 4213 967 4280 beatissime
1017 4237 1236 4302 papa
1281 4215 1527 4280 Leonti.
1607 4217 1883 4281 secunda
1928 4235 2075 4281 uero
2136 4237 2279 4301 pars
2345 4219 2670 4301 conposita

378 4325 478 4384 est
510 4321 612 4384 uel
659 4325 824 4384 certe
870 4321 1164 4386 inchoata
1209 4326 1354 4387 ante
1404 4341 1456 4386 a.
1490 4321 1640 4402 426,
1688 4321 1877 4386 tertia
1920 4325 2065 4404 post
2110 4341 2163 4385 a.
2198 4320 2346 4402 426,
2381 4324 2489 4386 sed
2522 4327 2667 4387 ante

378 4443 433 4488 a.
467 4423 634 4487 429:
695 4424 758 4489 id
807 4426 970 4508 quod
1015 4426 1330 4510 colligitur
1392 4447 1424 4489 e
1469 4425 1987 4510 p1·aefationibus›‚
2050 4445 2194 4490 cum
2241 4427 2307 4490 in
2353 4446 2445 4508 ea,
2508 4446 2667 4511 quae
