3167 4975
2483 448 2647 506 XCV

733 628 866 686 Loci
912 626 1157 686 diuersis
1204 625 1396 684 uerbis
1442 623 1638 683 adlati.
2077 622 2206 680 Looi
2230 621 2430 680 iisdem
2457 620 2648 678 uerbis

986 786 1015 840 1
1050 786 1182 840 Iob.
1211 790 1259 852 2,
1285 789 1368 843 23.
2267 725 2464 786 adlati.

572 894 625 948 N
664 894 766 958 111,
793 897 841 958 7,
869 897 916 950 5.
1445 890 1498 944 N
1536 889 1629 953 VI,
1658 893 1738 954 17,
1767 892 1814 945 1.

344 1001 559 1064 omnis
579 1000 695 1086 qui
710 997 1144 1085 neqatfilium,
1236 997 1351 1082 qui
1395 1019 1525 1060 non
1565 994 1753 1058 habet
1777 994 2054 1085 filium,¹

436 1127 553 1168 nec
610 1112 867 1190 patrem
929 1100 1147 1166 habet:
1326 1123 1439 1164 nec
1488 1110 1754 1186 patrem
1808 1097 2024 1162 habet:

441 1209 555 1295 qui
568 1206 1146 1292 confiteturfilium,
1323 1207 1437 1291 qui
1484 1216 1704 1269 autem·
1743 1204 1928 1268 habet
1942 1201 2024 1288 fi-

442 1324 501 1378 et
538 1322 801 1400 patrem
849 1311 1037 1376 habet
1325 1310 1511 1389 lium,
1545 1320 1604 1375 et
1627 1319 1891 1396 patrem
1916 1309 2025 1372 ha-

1321 1415 1419 1480 bet

984 1574 1015 1628 1
1051 1573 1182 1628 Ioh.
1207 1576 1257 1638 4,
1288 1577 1367 1630 18.

495 1680 537 1736 C
573 1679 667 1744 XI,
695 1683 742 1744 7,
769 1683 816 1736 5.
846 1682 928 1744 12,
954 1683 1002 1736 3.
1446 1678 1488 1733 C
1524 1677 1620 1740 XI,
1651 1679 1730 1742 13,
1757 1679 1804 1732 3.

348 1787 662 1872 quoniam
692 1834 1143 1851 .....
1236 1783 1397 1868 quia

989 1940 1018 1995 I
1053 1939 1185 1994 Ioh.
1213 1943 1263 2004 5,
1292 1943 1371 1996 16.

592 2045 633 2102 C
669 2045 763 2110 XI,
790 2049 839 2109 9,
866 2049 913 2102 5.
1458 2042 1499 2099 C
1536 2042 1652 2107 XX,
1679 2045 1728 2108 8,
1754 2046 1804 2099 4.

344 2162 529 2240 petet
587 2201 1145 2216 ......
1230 2151 1401 2236 petit

344 2255 774 2345 peccantibus
801 2309 814 2322 .
911 2307 924 2322 .
1020 2309 1035 2322 .
1129 2307 1143 2321 .
1226 2255 1531 2342 peccanti

1003 2421 1192 2491 Apoc.
1221 2423 1271 2485 3,
1301 2423 1381 2477 16.

551 2527 594 2583 C
630 2527 763 2592 ΠΠ,
793 2529 873 2592 12,
900 2529 949 2583 2.
1436 2525 1477 2582 C
1514 2525 1648 2589 ΗΠ,
1679 2528 1760 2591 19,
1786 2527 1833 2581 2.

334 2632 658 2720 friyidue
690 2654 849 2697 esses
890 2641 1011 2696 aut
1048 2654 1149 2695 ca·
1238 2630 1501 2695 calidus
1547 2652 1708 2695 esses
1743 2640 1861 2694 aut
1886 2629 2028 2716 fri·
2082 2630 2278 2715 Apoo.
2312 2632 2372 2713 3,
2413 2630 2488 2694 17

450 2737 628 2801 ziam
1328 2735 1521 2823 fidus
2051 2716 2058 2821 Ι

356 3102 551 3186 ΟΑΡ.
588 3102 773 3185 Vm.
836 3101 961 3185 DE
1014 3100 1756 3185 INSTITUTIONUM
1811 3100 2116 3186 ATQUE
2171 3100 2654 3185 GONLATIO-

354 3240 566 3325 NUM
608 3240 1014 3325 ΕΡΙΤΟΜΑ
1057 3240 1457 3325 EIUSQUE
1502 3239 2214 3325 TRANSLATIONE
2264 3240 2654 3325 GRAECA.

448 3452 539 3517 Ea
563 3452 848 3518 Cassiani
873 3471 1079 3537 opera,
1112 3472 1273 3535 quae
1299 3454 1376 3517 ad
1400 3453 1603 3517 uitam
1635 3454 1982 3518 solitariam
2016 3456 2327 3536 spectant,
2359 3452 2466 3517 diu
2491 3454 2655 3517 mul-

358 3562 623 3639 tumque
654 3558 719 3622 in
744 3556 950 3623 Gallia
976 3556 1053 3621 ab
1080 3558 1441 3622 hominibus
1476 3558 1758 3621 eiusdem
1781 3558 2186 3641 professionis
2221 3562 2548 3642 expectata
2571 3559 2655 3622 si-

359 3662 496 3727 mul
536 3666 723 3744 atque
754 3662 820 3726 in
852 3663 1059 3726 lueem
1091 3662 1455 3746 prodierunt
1487 3680 1735 3726 summo
1784 3680 1929 3727 oum
1977 3662 2194 3727 fauore
2244 3682 2281 3727 a
2326 3662 2653 3728 monachis

360 3770 655 3851 suscepta
702 3786 837 3831 esse
885 3768 949 3831 in
996 3768 1219 3850 primis
1267 3766 1699 3832 Cassiodorius
1763 3770 1826 3832 et
1871 3767 2254 3832 Benedictus
2319 3770 2652 3833 testantur.

358 3871 469 3935 ille
529 3872 697 3935 enim
759 3876 823 3937 et
868 3872 931 3936 in
994 3872 1381 3955 praefatione
1440 3872 1642 3955 operis
1704 3873 1780 3935 de
1839 3872 2236 3937 institutione
2297 3872 2656 3937 diuinarum

361 3975 814 4058 seripturarum
848 3975 1224 4041 Cassianum
1272 3976 1858 4058 eloquentissimum
1906 3976 2228 4060 praedicat
2274 3980 2336 4041 et
2382 3995 2514 4060 cap.
2548 3974 2654 4058 29,

360 4097 746 4162 quamquam
808 4080 1156 4145 doctrinam
1219 4082 1351 4144 eius
1423 4082 1497 4147 (lo
1558 4080 1755 4145 libero
1824 4080 2081 4146 arbitrio
2143 4098 2287 4145 oum
2349 4082 2653 4165 Prospero

360 4184 597 4267 culpat,
644 4189 859 4249 tamen
892 4186 1125 4267 scripta
1168 4185 1437 4249 lectione
1470 4184 1844 4269 dignissima
1886 4206 2020 4250 esse
2067 4184 2167 4250 his
2201 4185 2410 4250 uerbis
2460 4185 2655 4270 signi-

362 4287 537 4353 ficat:
596 4286 986 4353 Cassianum
1008 4287 1482 4375 presbyterum,
1530 4289 1647 4374 qui
1692 4289 2079 4374 conscripsit
2127 4288 2204 4353 de
2244 4288 2657 4353 institutione

344 4391 655 4475 fidelium
718 4394 1195 4471 monachorum,
1257 4392 1485 4455 sedulo
1535 4392 1721 4480 leyite
1784 4404 1842 4457 et
1892 4393 2166 4458 libenter
2221 4394 2480 4458 audite:
2539 4395 2656 4480 qui
