3167 4975
483 391 685 449 XIIII

485 562 804 626 contineat
845 580 1034 644 quam
1081 581 1278 626 unum
1323 580 1500 645 opUS,
1547 562 1609 625 id
1654 566 1749 627 est
1796 566 1905 626 aut
1936 562 2375 628 Institutiones
2422 567 2531 629 aut
2576 582 2769 628 unam

486 686 518 727 e
566 666 766 730 tribus
801 666 1242 731 Conlationum
1288 666 1573 751 partibus
1622 671 1750 747 aut,
1798 668 1961 749 quod
2010 670 2224 731 tamen
2272 669 2347 732 ad
2382 668 2615 733 seriora
2644 669 2769 732 iam

485 774 770 853 tempora
798 772 1194 834 referendum
1226 774 1340 850 est,
1373 770 1566 836 libros
1600 776 1821 837 contra
1848 772 2229 837 Nestorium.
2280 778 2541 857 apparet
2580 773 2772 857 igitur

486 876 560 938 de
607 877 1096 958 uniuscuiusque
1143 876 1346 959 operis
1395 875 1674 941 fontibus
1720 876 1955 940 criticis
2003 896 2285 941 seorsum
2318 896 2455 941 esse
2498 880 2771 941 tractan—

486 980 664 1043 dum:
728 982 828 1044 cui
877 982 1119 1045 muneri
1177 982 1386 1065 capita
1444 1000 1603 1063 quae
1651 982 1778 1045 iam
1826 986 2173 1065 sequuntur
2234 982 2547 1046 destinata
2602 986 2767 1045 sunt.

547 1380 740 1463 CAP.
786 1381 873 1463 Π.
953 1380 1076 1463 DE
1145 1380 1663 1463 CODIOIBUS
1731 1381 1859 1462 AD
1928 1379 2718 1463 INSTITUTIONUM

1150 1519 1500 1604 LIBROS
1570 1519 2099 1603 ADHIBITIS.

580 1733 632 1798 1.
683 1734 829 1799 Cod.
879 1733 1323 1799 Casinensis
1384 1734 1725 1817 rescriptus
1790 1752 1849 1797 n.
1894 1732 2022 1797 295
2078 1733 2332 1813 saeculi,
2384 1737 2458 1797 ut
2510 1730 2772 1797 Reiffer-

485 1838 867 1923 scheidius1)
915 1843 1116 1923 putat,
1153 1840 1538 1919 VII—VIII,
1588 1842 1659 1903 ut
1704 1857 1851 1903 uero
1898 1839 2056 1902 mihi
2088 1839 2297 1902 uisum
2330 1842 2447 1917 est,
2495 1837 2765 1920 se'ptimi.

483 1944 642 2008 liber
691 1943 816 2007 132
875 1945 1041 2009 foliis
1088 1948 1355 2026 constat,
1418 1944 1480 2008 in
1545 1944 1773 2026 quibus
1822 1962 2047 2007 manus
2095 1961 2254 2007 saec.
2297 1944 2355 2006 X
2400 1942 2770 2025 Hieronymi

371 2128 380 2133 ἱ
485 2050 784 2134 epistulas
819 2050 1084 2131 scripsit.
1121 2049 1345 2113 horum
1379 2068 1502 2113 non
1533 2049 1675 2132 plus
1708 2067 1898 2130 quam
1930 2046 2016 2111 32
2048 2052 2197 2113 sunt
2226 2048 2547 2131 rescripta,
2581 2048 2643 2111 id
2674 2051 2771 2111 est

483 2154 742 2218 tertium
768 2172 964 2235 usque
990 2154 1069 2217 ad
1094 2154 1482 2217 tricesimum
1507 2156 1801 2236 quartum
1828 2154 1961 2217 siue
1986 2153 2213 2217 codicis
2236 2153 2502 2236 paginae
2533 2148 2765 2215 5—68.

485 2260 795 2341 scriptura
855 2262 1037 2322 uetus
1099 2277 1173 2322 ea
1227 2261 1324 2323 est
1383 2275 1576 2339 quam
1637 2258 1951 2322 uncialem
1996 2262 2245 2337 uocant,
2304 2257 2536 2321 litteris
2590 2274 2770 2340 prae-

480 2362 824 2446 grandibus
858 2362 1144 2446 insignis.
1194 2362 1349 2427 haec
1381 2363 1548 2443 folia,
1583 2367 1654 2427 ut
1686 2362 1763 2427 ad
1796 2382 1983 2427 usum
2014 2363 2161 2427 noui
2191 2362 2339 2426 libri
2364 2367 2513 2446 apta
2536 2364 2767 2440 essent,

479 2466 772 2533 librarius
821 2467 1115 2552 scalpello
1162 2468 1254 2532 ita
1299 2465 1536 2532 abrasit
1581 2470 1653 2532 ut
1699 2468 2089 2533 characteres
2147 2467 2449 2550 cuiusque
2502 2466 2769 2551 paginae

481 2577 688 2637 rectae
747 2573 994 2654 meliuS,
1056 2592 1295 2654 uersae,
1359 2591 1516 2655 quae
1579 2573 1711 2636 fere
1772 2573 2048 2655 asperior
2110 2592 2248 2636 esse
2312 2572 2489 2652 solet,
2560 2571 2769 2636 minus

479 2677 640 2742 bene
689 2678 924 2742 seruati
969 2678 1114 2741 sint.
1163 2681 1486 2760 praeterea
1531 2678 1925 2761 singularum
1970 2677 2345 2761 paginarum
2392 2695 2611 2741 uersus
2642 2676 2770 2760 pri-

482 2801 625 2846 mus
673 2783 774 2846 uel
835 2782 1076 2865 primus
1124 2785 1186 2846 et
1233 2782 1542 2846 secundus
1605 2782 1855 2865 penitus
1902 2781 2247 2846 oblitterati
2306 2785 2471 2856 sunt.
2550 2800 2771 2865 quam-

483 2886 698 2951 obrem
744 2887 1040 2969 pleraque
1072 2885 1324 2968 quidem
1356 2905 1556 2968 neque
1590 2891 1803 2950 tamen
1835 2887 2049 2950 omnia
2075 2887 2281 2971 legere
2310 2887 2507 2972 potui,
2550 2903 2771 2968 quam-

481 2990 580 3054 uis
636 2990 959 3055 oculorum
1015 2991 1215 3054 aciem
1261 2990 1512 3055 adiutus
1561 2991 1755 3054 etiam
1810 2991 2229 3056 instrumento
2276 2991 2475 3056 uitreo
2523 3008 2770 3054 summe

483 3094 878 3159 intenderim.
929 3099 1000 3158 ut
1047 3099 1258 3159 autem
1305 3113 1493 3176 quam
1541 3095 1811 3158 maxime
1860 3099 2156 3179 appareat
2209 3096 2359 3177 quid
2404 3095 2469 3160 in
2524 3113 2769 3179 quoque

483 3200 630 3263 folio
679 3200 763 3264 sit
809 3199 1115 3282 scriptum
1161 3203 1224 3264 et
1270 3218 1429 3281 quae
1474 3205 1685 3282 partes
1734 3200 1963 3264 codicis
2011 3203 2314 3280 seruatae,
2362 3218 2521 3281 quae
2553 3200 2772 3282 deper-

486 3304 652 3368 ditae
699 3305 847 3384 sint,
893 3304 1264 3388 praesertim
1311 3323 1456 3368 eum
1487 3305 1564 3367 de
1594 3303 1739 3367 libri
1772 3304 2197 3385 antiquissimi
2230 3308 2291 3369 et
2329 3303 2771 3389 pretiosissimi

483 3409 728 3472 laciniis
761 3413 1002 3492 agatur,
1036 3409 1307 3473 iudicem
1338 3409 1713 3493 paginarum
1744 3413 2109 3474 accuratum
2140 3408 2305 3472 infra
2334 3427 2562 3493 ponere
2592 3407 2767 3472 libet.

483 3579 672 3634 folium
742 3580 968 3650 paginae
1774 3583 2050 3638 continent

596 3705 628 3768 I
759 3701 931 3768 5-6
1020 3705 1099 3786 X,
1137 3703 1214 3768 18
1261 3726 1482 3768 eorum
1527 3704 1643 3791 qui
1686 3726 1896 3769 secum
1940 3714 2129 3769 erant
2175 3742 2261 3752 --
2311 3703 2397 3769 20
2443 3705 2577 3770 init.
2614 3726 2769 3790 pro-

1009 3809 1283 3895 pensius
1333 3808 1698 3873 laborantis

557 3913 622 3977 II
755 3912 924 3977 7—8
1015 3915 1158 3995 XII,
1207 3913 1288 3977 27
1349 3919 1494 3998 post
1555 3915 1717 3979 med.
1766 3915 2059 4001 stiyatur
2120 3913 2351 3978 deinde
2396 3924 2548 4000 post
2604 3916 2769 3976 han-c

1017 4055 1104 4066 —
1148 4017 1232 4082 28
1279 4019 1395 4083 sub
1443 4019 1548 4085 fin.
1583 4041 1871 4106 prorsus
1916 4018 2200 4082 emittere

527 4123 625 4186 ΠΙ
712 4120 930 4186 9—10
1019 4122 1272 4205 V11‚17
1337 4125 1500 4188 med.
1557 4131 1618 4187 et
1677 4145 1821 4187 cum
1864 4124 2189 4188 uidissent
2235 4123 2474 4209 inquid
2534 4161 2619 4170 —-
2690 4123 2765 4187 18

1016 4249 1147 4290 non
1190 4227 1436 4291 ‘nostrie
1485 4227 1979 4310 definitionibus
2022 4229 2114 4292 ad

575 4349 612 4420 ι)
649 4347 832 4414 BPLI,
871 4347 973 4403 uol.
1001 4317 1074 4414 1'1,
1099 4365 1150 4419 p.
1177 4352 1295 4404 354.
