<?xml version="1.0" encoding="UTF-8"?>
<!DOCTYPE html PUBLIC "-//W3C//DTD XHTML 1.0 Transitional//EN"
    "http://www.w3.org/TR/xhtml1/DTD/xhtml1-transitional.dtd">
<html xmlns="http://www.w3.org/1999/xhtml" xml:lang="en" lang="en">
 <head>
  <title>
</title>
<meta http-equiv="Content-Type" content="text/html;charset=utf-8" />
  <meta name='ocr-system' content='tesseract 3.04.00' />
  <meta name='ocr-capabilities' content='ocr_page ocr_carea ocr_par ocr_line ocrx_word'/>
</head>
<body>
  <div class='ocr_page' id='page_1' title='image "./corpusscriptoru28wissgoog_0387.png"; bbox 0 0 3167 4975; ppageno 0'>
   <div class='ocr_carea' id='block_1_1' title="bbox 270 1606 319 1642">
    <p class='ocr_par' dir='ltr' id='par_1_1' title="bbox 270 1606 319 1642">
     <span class='ocr_line' id='line_1_1' title="bbox 270 1606 319 1642; baseline 0.02 -1"><span class='ocrx_word' id='word_1_1' title='bbox 270 1606 319 1642; x_wconf 74' lang='lat'>10</span> 
     </span>
    </p>
   </div>
   <div class='ocr_carea' id='block_1_2' title="bbox 268 2128 321 2167">
    <p class='ocr_par' dir='ltr' id='par_1_2' title="bbox 268 2128 321 2167">
     <span class='ocr_line' id='line_1_2' title="bbox 268 2128 321 2167; baseline -0.019 0"><span class='ocrx_word' id='word_1_2' title='bbox 268 2128 321 2167; x_wconf 83' lang='lat'>15</span> 
     </span>
    </p>
   </div>
   <div class='ocr_carea' id='block_1_3' title="bbox 260 3173 320 3213">
    <p class='ocr_par' dir='ltr' id='par_1_3' title="bbox 260 3173 320 3213">
     <span class='ocr_line' id='line_1_3' title="bbox 260 3173 320 3213; baseline -0.017 0"><span class='ocrx_word' id='word_1_3' title='bbox 260 3173 320 3213; x_wconf 79' lang='lat'>25</span> 
     </span>
    </p>
   </div>
   <div class='ocr_carea' id='block_1_4' title="bbox 976 460 2664 526">
    <p class='ocr_par' dir='ltr' id='par_1_4' title="bbox 976 460 2664 526">
     <span class='ocr_line' id='line_1_4' title="bbox 976 460 2664 526; baseline 0.004 -13"><span class='ocrx_word' id='word_1_4' title='bbox 976 463 1207 514; x_wconf 82' lang='lat' dir='ltr'>contra</span> <span class='ocrx_word' id='word_1_5' title='bbox 1241 460 1621 514; x_wconf 78' lang='lat' dir='ltr'><strong>Nestorium</strong></span> <span class='ocrx_word' id='word_1_6' title='bbox 1658 460 1769 513; x_wconf 89' lang='lat' dir='ltr'>lib.</span> <span class='ocrx_word' id='word_1_7' title='bbox 1808 460 1881 525; x_wconf 93' lang='lat' dir='ltr'>II,</span> <span class='ocrx_word' id='word_1_8' title='bbox 1918 464 1966 515; x_wconf 86' lang='lat'>4.</span> <span class='ocrx_word' id='word_1_9' title='bbox 2537 462 2664 526; x_wconf 80' lang='lat'>255</span> 
     </span>
    </p>
   </div>
   <div class='ocr_carea' id='block_1_5' title="bbox 372 637 2748 3650">
    <p class='ocr_par' dir='ltr' id='par_1_5' title="bbox 372 637 2748 3650">
     <span class='ocr_line' id='line_1_5' title="bbox 373 637 2666 722; baseline 0 -21"><span class='ocrx_word' id='word_1_10' title='bbox 373 637 472 703; x_wconf 88' lang='lat' dir='ltr'>dei</span> <span class='ocrx_word' id='word_1_11' title='bbox 528 641 673 701; x_wconf 91' lang='lat' dir='ltr'>ante</span> <span class='ocrx_word' id='word_1_12' title='bbox 718 638 1064 721; x_wconf 81' lang='lat' dir='ltr'><strong>praemisit,</strong></span> <span class='ocrx_word' id='word_1_13' title='bbox 1126 638 1363 702; x_wconf 88' lang='lat' dir='ltr'>scilicet</span> <span class='ocrx_word' id='word_1_14' title='bbox 1425 641 1493 702; x_wconf 92' lang='lat' dir='ltr'>ut</span> <span class='ocrx_word' id='word_1_15' title='bbox 1537 639 1956 722; x_wconf 88' lang='lat' dir='ltr'>praemissum</span> <span class='ocrx_word' id='word_1_16' title='bbox 2003 638 2102 701; x_wconf 92' lang='lat' dir='ltr'>dei</span> <span class='ocrx_word' id='word_1_17' title='bbox 2163 655 2392 701; x_wconf 88' lang='lat' dir='ltr'>nomen</span> <span class='ocrx_word' id='word_1_18' title='bbox 2454 638 2666 701; x_wconf 90' lang='lat' dir='ltr'>omnia</span> 
     </span>
     <span class='ocr_line' id='line_1_6' title="bbox 374 741 2665 824; baseline 0 -19"><span class='ocrx_word' id='word_1_19' title='bbox 374 741 492 806; x_wconf 85' lang='lat' dir='ltr'>sibi</span> <span class='ocrx_word' id='word_1_20' title='bbox 539 760 697 823; x_wconf 89' lang='lat' dir='ltr'>quae</span> <span class='ocrx_word' id='word_1_21' title='bbox 744 746 1157 824; x_wconf 79' lang='lat' dir='ltr'>sequerentur</span> <span class='ocrx_word' id='word_1_22' title='bbox 1188 743 1443 808; x_wconf 85' lang='lat' dir='ltr'>nomina</span> <span class='ocrx_word' id='word_1_23' title='bbox 1474 742 1824 807; x_wconf 89' lang='lat' dir='ltr'>uindicaret</span> <span class='ocrx_word' id='word_1_24' title='bbox 1855 761 2056 824; x_wconf 90' lang='lat' dir='ltr'>neque</span> <span class='ocrx_word' id='word_1_25' title='bbox 2089 741 2254 805; x_wconf 88' lang='lat' dir='ltr'>ullus</span> <span class='ocrx_word' id='word_1_26' title='bbox 2303 742 2365 806; x_wconf 91' lang='lat' dir='ltr'>in</span> <span class='ocrx_word' id='word_1_27' title='bbox 2398 761 2665 823; x_wconf 90' lang='lat' dir='ltr'>sequen-</span> 
     </span>
     <span class='ocr_line' id='line_1_7' title="bbox 374 846 2665 928; baseline 0 -18"><span class='ocrx_word' id='word_1_28' title='bbox 374 846 543 911; x_wconf 88' lang='lat' dir='ltr'>tibus</span> <span class='ocrx_word' id='word_1_29' title='bbox 606 846 954 911; x_wconf 89' lang='lat' dir='ltr'>solitarium</span> <span class='ocrx_word' id='word_1_30' title='bbox 1018 866 1153 911; x_wconf 88' lang='lat' dir='ltr'>esse</span> <span class='ocrx_word' id='word_1_31' title='bbox 1214 847 1533 912; x_wconf 90' lang='lat' dir='ltr'>hominem</span> <span class='ocrx_word' id='word_1_32' title='bbox 1600 847 1920 912; x_wconf 78' lang='lat' dir='ltr'><strong>Christum</strong></span> <span class='ocrx_word' id='word_1_33' title='bbox 1983 846 2290 927; x_wconf 88' lang='lat' dir='ltr'>crederet,</span> <span class='ocrx_word' id='word_1_34' title='bbox 2353 864 2540 928; x_wconf 89' lang='lat' dir='ltr'>quem</span> <span class='ocrx_word' id='word_1_35' title='bbox 2601 846 2665 910; x_wconf 92' lang='lat' dir='ltr'>in</span> 
     </span>
     <span class='ocr_line' id='line_1_8' title="bbox 372 951 2748 1035; baseline -0.001 -21"><span class='ocrx_word' id='word_1_36' title='bbox 372 952 573 1034; x_wconf 88' lang='lat' dir='ltr'>primo</span> <span class='ocrx_word' id='word_1_37' title='bbox 634 951 853 1016; x_wconf 89' lang='lat' dir='ltr'>statim</span> <span class='ocrx_word' id='word_1_38' title='bbox 913 951 1219 1016; x_wconf 89' lang='lat' dir='ltr'>uocabulo</span> <span class='ocrx_word' id='word_1_39' title='bbox 1281 952 1468 1016; x_wconf 92' lang='lat' dir='ltr'>deum</span> <span class='ocrx_word' id='word_1_40' title='bbox 1532 971 1668 1015; x_wconf 83' lang='lat' dir='ltr'>esse</span> <span class='ocrx_word' id='word_1_41' title='bbox 1727 951 2061 1015; x_wconf 74' lang='lat' dir='ltr'>didicisset.</span> <span class='ocrx_word' id='word_1_42' title='bbox 2156 954 2662 1035; x_wconf 82' lang='lat' dir='ltr'>expectanteS,</span> <span class='ocrx_word' id='word_1_43' title='bbox 2715 959 2748 1012; x_wconf 85' lang='lat'>5</span> 
     </span>
     <span class='ocr_line' id='line_1_9' title="bbox 374 1055 2664 1140; baseline -0 -21"><span class='ocrx_word' id='word_1_44' title='bbox 374 1055 577 1137; x_wconf 91' lang='lat' dir='ltr'>inquit</span> <span class='ocrx_word' id='word_1_45' title='bbox 621 1055 785 1119; x_wconf 89' lang='lat' dir='ltr'>idem</span> <span class='ocrx_word' id='word_1_46' title='bbox 832 1057 1172 1140; x_wconf 82' lang='lat' dir='ltr'>apostoluS,</span> <span class='ocrx_word' id='word_1_47' title='bbox 1218 1056 1514 1120; x_wconf 80' lang='lat' dir='ltr'>beatam</span> <span class='ocrx_word' id='word_1_48' title='bbox 1562 1076 1765 1140; x_wconf 88' lang='lat' dir='ltr'>spem</span> <span class='ocrx_word' id='word_1_49' title='bbox 1813 1061 1885 1120; x_wconf 89' lang='lat' dir='ltr'>et</span> <span class='ocrx_word' id='word_1_50' title='bbox 1931 1056 2336 1120; x_wconf 89' lang='lat' dir='ltr'>aduentum</span> <span class='ocrx_word' id='word_1_51' title='bbox 2381 1056 2664 1139; x_wconf 86' lang='lat' dir='ltr'>gloriae</span> 
     </span>
     <span class='ocr_line' id='line_1_10' title="bbox 374 1160 2667 1243; baseline 0 -21"><span class='ocrx_word' id='word_1_52' title='bbox 374 1160 625 1243; x_wconf 89' lang='lat' dir='ltr'>magni</span> <span class='ocrx_word' id='word_1_53' title='bbox 670 1160 788 1224; x_wconf 89' lang='lat' dir='ltr'>dei</span> <span class='ocrx_word' id='word_1_54' title='bbox 834 1164 905 1225; x_wconf 89' lang='lat' dir='ltr'>et</span> <span class='ocrx_word' id='word_1_55' title='bbox 962 1161 1369 1226; x_wconf 87' lang='lat' dir='ltr'>saluatoris</span> <span class='ocrx_word' id='word_1_56' title='bbox 1432 1162 1677 1225; x_wconf 86' lang='lat' dir='ltr'>nostri</span> <span class='ocrx_word' id='word_1_57' title='bbox 1720 1162 1892 1226; x_wconf 89' lang='lat' dir='ltr'>Iesu</span> <span class='ocrx_word' id='word_1_58' title='bbox 1940 1160 2244 1226; x_wconf 89' lang='lat' dir='ltr'>Christi.</span> <span class='ocrx_word' id='word_1_59' title='bbox 2323 1161 2482 1224; x_wconf 91' lang='lat' dir='ltr'>uidit</span> <span class='ocrx_word' id='word_1_60' title='bbox 2523 1178 2667 1243; x_wconf 92' lang='lat' dir='ltr'>pro-</span> 
     </span>
     <span class='ocr_line' id='line_1_11' title="bbox 373 1264 2664 1349; baseline 0 -22"><span class='ocrx_word' id='word_1_61' title='bbox 373 1266 537 1329; x_wconf 86' lang='lat' dir='ltr'>fecto</span> <span class='ocrx_word' id='word_1_62' title='bbox 598 1265 702 1329; x_wconf 89' lang='lat' dir='ltr'>ille</span> <span class='ocrx_word' id='word_1_63' title='bbox 768 1264 1019 1330; x_wconf 88' lang='lat' dir='ltr'>diuinae</span> <span class='ocrx_word' id='word_1_64' title='bbox 1080 1266 1425 1349; x_wconf 80' lang='lat' dir='ltr'>sapientiae</span> <span class='ocrx_word' id='word_1_65' title='bbox 1488 1266 1703 1331; x_wconf 89' lang='lat' dir='ltr'>doctor</span> <span class='ocrx_word' id='word_1_66' title='bbox 1765 1266 1843 1329; x_wconf 89' lang='lat' dir='ltr'>ad</span> <span class='ocrx_word' id='word_1_67' title='bbox 1900 1265 2230 1330; x_wconf 85' lang='lat' dir='ltr'>insidiosas</span> <span class='ocrx_word' id='word_1_68' title='bbox 2303 1265 2664 1330; x_wconf 81' lang='lat' dir='ltr'>calliditatis</span> 
     </span>
     <span class='ocr_line' id='line_1_12' title="bbox 374 1368 2666 1453; baseline 0 -20"><span class='ocrx_word' id='word_1_69' title='bbox 374 1368 715 1434; x_wconf 88' lang='lat' dir='ltr'>diabolicae</span> <span class='ocrx_word' id='word_1_70' title='bbox 750 1370 1067 1453; x_wconf 83' lang='lat' dir='ltr'>captiones</span> <span class='ocrx_word' id='word_1_71' title='bbox 1104 1370 1453 1453; x_wconf 86' lang='lat' dir='ltr'>simplicem</span> <span class='ocrx_word' id='word_1_72' title='bbox 1486 1371 1923 1435; x_wconf 86' lang='lat' dir='ltr'>tantummodo</span> <span class='ocrx_word' id='word_1_73' title='bbox 1959 1388 2082 1435; x_wconf 90' lang='lat' dir='ltr'>non</span> <span class='ocrx_word' id='word_1_74' title='bbox 2124 1368 2409 1433; x_wconf 86' lang='lat' dir='ltr'>sufficere</span> <span class='ocrx_word' id='word_1_75' title='bbox 2443 1370 2666 1434; x_wconf 92' lang='lat' dir='ltr'>doctri-</span> 
     </span>
     <span class='ocr_line' id='line_1_13' title="bbox 374 1474 2669 1558; baseline 0 -21"><span class='ocrx_word' id='word_1_76' title='bbox 374 1492 542 1554; x_wconf 87' lang='lat' dir='ltr'>nam,</span> <span class='ocrx_word' id='word_1_77' title='bbox 590 1474 709 1539; x_wconf 89' lang='lat' dir='ltr'>nisi</span> <span class='ocrx_word' id='word_1_78' title='bbox 742 1477 1029 1539; x_wconf 87' lang='lat' dir='ltr'>sanctam</span> <span class='ocrx_word' id='word_1_79' title='bbox 1074 1474 1217 1538; x_wconf 90' lang='lat' dir='ltr'>fidei</span> <span class='ocrx_word' id='word_1_80' title='bbox 1264 1475 1793 1558; x_wconf 86' lang='lat' dir='ltr'>praedicationem</span> <span class='ocrx_word' id='word_1_81' title='bbox 1833 1475 2182 1539; x_wconf 88' lang='lat' dir='ltr'>munimine</span> <span class='ocrx_word' id='word_1_82' title='bbox 2223 1474 2528 1538; x_wconf 90' lang='lat' dir='ltr'>cautionis</span> <span class='ocrx_word' id='word_1_83' title='bbox 2570 1492 2669 1538; x_wconf 90' lang='lat' dir='ltr'>ar-</span> 
     </span>
     <span class='ocr_line' id='line_1_14' title="bbox 374 1579 2665 1663; baseline 0 -22"><span class='ocrx_word' id='word_1_84' title='bbox 374 1582 629 1643; x_wconf 87' lang='lat' dir='ltr'>masset.</span> <span class='ocrx_word' id='word_1_85' title='bbox 680 1583 746 1644; x_wconf 94' lang='lat' dir='ltr'>et</span> <span class='ocrx_word' id='word_1_86' title='bbox 774 1579 932 1660; x_wconf 90' lang='lat' dir='ltr'>ideo,</span> <span class='ocrx_word' id='word_1_87' title='bbox 966 1598 1111 1643; x_wconf 92' lang='lat' dir='ltr'>cum</span> <span class='ocrx_word' id='word_1_88' title='bbox 1134 1579 1419 1663; x_wconf 88' lang='lat' dir='ltr'>superius</span> <span class='ocrx_word' id='word_1_89' title='bbox 1447 1598 1676 1644; x_wconf 87' lang='lat' dir='ltr'>nomen</span> <span class='ocrx_word' id='word_1_90' title='bbox 1710 1579 1809 1644; x_wconf 89' lang='lat' dir='ltr'>dei</span> <span class='ocrx_word' id='word_1_91' title='bbox 1840 1580 2296 1661; x_wconf 87' lang='lat' dir='ltr'>saluatorisque</span> <span class='ocrx_word' id='word_1_92' title='bbox 2330 1579 2665 1662; x_wconf 79' lang='lat' dir='ltr'>posuisset,</span> 
     </span>
     <span class='ocr_line' id='line_1_15' title="bbox 373 1682 2666 1769; baseline 0 -23"><span class='ocrx_word' id='word_1_93' title='bbox 373 1682 477 1746; x_wconf 89' lang='lat' dir='ltr'>hic</span> <span class='ocrx_word' id='word_1_94' title='bbox 517 1682 755 1747; x_wconf 81' lang='lat' dir='ltr'>addidit</span> <span class='ocrx_word' id='word_1_95' title='bbox 793 1683 937 1747; x_wconf 92' lang='lat' dir='ltr'>Iesu</span> <span class='ocrx_word' id='word_1_96' title='bbox 970 1683 1224 1765; x_wconf 87' lang='lat' dir='ltr'>Christi,</span> <span class='ocrx_word' id='word_1_97' title='bbox 1273 1684 1511 1748; x_wconf 89' lang='lat' dir='ltr'>scilicet</span> <span class='ocrx_word' id='word_1_98' title='bbox 1558 1704 1637 1748; x_wconf 93' lang='lat' dir='ltr'>ne</span> <span class='ocrx_word' id='word_1_99' title='bbox 1685 1685 1765 1749; x_wconf 89' lang='lat' dir='ltr'>ad</span> <span class='ocrx_word' id='word_1_100' title='bbox 1811 1683 2294 1769; x_wconf 87' lang='lat' dir='ltr'>significandum</span> <span class='ocrx_word' id='word_1_101' title='bbox 2341 1682 2666 1747; x_wconf 91' lang='lat' dir='ltr'>dominum</span> 
     </span>
     <span class='ocr_line' id='line_1_16' title="bbox 374 1787 2666 1854; baseline 0 -4"><span class='ocrx_word' id='word_1_102' title='bbox 374 1787 586 1851; x_wconf 87' lang='lat' dir='ltr'>Iesum</span> <span class='ocrx_word' id='word_1_103' title='bbox 618 1787 941 1853; x_wconf 85' lang='lat' dir='ltr'>Christum</span> <span class='ocrx_word' id='word_1_104' title='bbox 975 1788 1263 1853; x_wconf 88' lang='lat' dir='ltr'>sufficere</span> <span class='ocrx_word' id='word_1_105' title='bbox 1308 1789 1426 1853; x_wconf 88' lang='lat' dir='ltr'>tibi</span> <span class='ocrx_word' id='word_1_106' title='bbox 1474 1789 1686 1854; x_wconf 90' lang='lat' dir='ltr'>forsan</span> <span class='ocrx_word' id='word_1_107' title='bbox 1727 1806 1956 1854; x_wconf 89' lang='lat' dir='ltr'>nomen</span> <span class='ocrx_word' id='word_1_108' title='bbox 1989 1790 2195 1854; x_wconf 90' lang='lat' dir='ltr'>solum</span> <span class='ocrx_word' id='word_1_109' title='bbox 2229 1807 2352 1853; x_wconf 92' lang='lat' dir='ltr'>non</span> <span class='ocrx_word' id='word_1_110' title='bbox 2385 1788 2666 1853; x_wconf 88' lang='lat' dir='ltr'>crederes</span> 
     </span>
     <span class='ocr_line' id='line_1_17' title="bbox 374 1892 2668 1959; baseline 0 -2"><span class='ocrx_word' id='word_1_111' title='bbox 374 1893 707 1957; x_wconf 89' lang='lat' dir='ltr'>saluatoris</span> <span class='ocrx_word' id='word_1_112' title='bbox 769 1896 834 1957; x_wconf 93' lang='lat' dir='ltr'>et</span> <span class='ocrx_word' id='word_1_113' title='bbox 892 1912 1018 1958; x_wconf 89' lang='lat' dir='ltr'>non</span> <span class='ocrx_word' id='word_1_114' title='bbox 1080 1893 1347 1958; x_wconf 89' lang='lat' dir='ltr'>eundem</span> <span class='ocrx_word' id='word_1_115' title='bbox 1392 1892 1606 1958; x_wconf 90' lang='lat' dir='ltr'>Iesum</span> <span class='ocrx_word' id='word_1_116' title='bbox 1656 1893 1977 1959; x_wconf 85' lang='lat' dir='ltr'>Christum</span> <span class='ocrx_word' id='word_1_117' title='bbox 2040 1894 2228 1959; x_wconf 87' lang='lat' dir='ltr'>deum</span> <span class='ocrx_word' id='word_1_118' title='bbox 2291 1914 2428 1958; x_wconf 89' lang='lat' dir='ltr'>esse</span> <span class='ocrx_word' id='word_1_119' title='bbox 2483 1894 2668 1958; x_wconf 88' lang='lat' dir='ltr'>intel-</span> 
     </span>
     <span class='ocr_line' id='line_1_18' title="bbox 374 1998 2666 2082; baseline 0 -22"><span class='ocrx_word' id='word_1_120' title='bbox 374 1998 633 2081; x_wconf 79' lang='lat' dir='ltr'>legereS,</span> <span class='ocrx_word' id='word_1_121' title='bbox 679 2017 871 2080; x_wconf 90' lang='lat' dir='ltr'>quem</span> <span class='ocrx_word' id='word_1_122' title='bbox 916 1999 1295 2063; x_wconf 87' lang='lat' dir='ltr'>saluatorem</span> <span class='ocrx_word' id='word_1_123' title='bbox 1343 1999 1533 2063; x_wconf 90' lang='lat' dir='ltr'>deum</span> <span class='ocrx_word' id='word_1_124' title='bbox 1578 2015 1718 2063; x_wconf 82' lang='lat' dir='ltr'>esso</span> <span class='ocrx_word' id='word_1_125' title='bbox 1751 2016 2104 2082; x_wconf 84' lang='lat' dir='ltr'>cognosses.</span> <span class='ocrx_word' id='word_1_126' title='bbox 2177 1998 2322 2081; x_wconf 88' lang='lat' dir='ltr'>quid</span> <span class='ocrx_word' id='word_1_127' title='bbox 2357 2016 2503 2081; x_wconf 86' lang='lat' dir='ltr'>ergo</span> <span class='ocrx_word' id='word_1_128' title='bbox 2537 1998 2666 2062; x_wconf 81' lang='lat' dir='ltr'>ait?</span> 
     </span>
     <span class='ocr_line' id='line_1_19' title="bbox 376 2103 2668 2187; baseline 0 -21"><span class='ocrx_word' id='word_1_129' title='bbox 376 2106 889 2185; x_wconf 77' lang='lat' dir='ltr'>expectanteS,</span> <span class='ocrx_word' id='word_1_130' title='bbox 949 2104 1172 2186; x_wconf 86' lang='lat' dir='ltr'>inquit,</span> <span class='ocrx_word' id='word_1_131' title='bbox 1215 2103 1513 2169; x_wconf 89' lang='lat' dir='ltr'>beatam</span> <span class='ocrx_word' id='word_1_132' title='bbox 1560 2122 1766 2187; x_wconf 90' lang='lat' dir='ltr'>spem</span> <span class='ocrx_word' id='word_1_133' title='bbox 1813 2108 1886 2167; x_wconf 88' lang='lat' dir='ltr'>et</span> <span class='ocrx_word' id='word_1_134' title='bbox 1933 2104 2338 2167; x_wconf 89' lang='lat' dir='ltr'>aduentum</span> <span class='ocrx_word' id='word_1_135' title='bbox 2383 2103 2668 2187; x_wconf 87' lang='lat' dir='ltr'>gloriae</span> 
     </span>
     <span class='ocr_line' id='line_1_20' title="bbox 375 2206 2669 2290; baseline -0 -20"><span class='ocrx_word' id='word_1_136' title='bbox 375 2208 623 2290; x_wconf 86' lang='lat' dir='ltr'>magni</span> <span class='ocrx_word' id='word_1_137' title='bbox 683 2207 800 2271; x_wconf 90' lang='lat' dir='ltr'>dei</span> <span class='ocrx_word' id='word_1_138' title='bbox 860 2210 932 2272; x_wconf 90' lang='lat' dir='ltr'>et</span> <span class='ocrx_word' id='word_1_139' title='bbox 992 2207 1399 2272; x_wconf 88' lang='lat' dir='ltr'>saluatoris</span> <span class='ocrx_word' id='word_1_140' title='bbox 1460 2208 1700 2273; x_wconf 89' lang='lat' dir='ltr'>nostri</span> <span class='ocrx_word' id='word_1_141' title='bbox 1761 2209 1929 2271; x_wconf 90' lang='lat' dir='ltr'>Iesu</span> <span class='ocrx_word' id='word_1_142' title='bbox 1986 2207 2286 2273; x_wconf 85' lang='lat' dir='ltr'>Christi.</span> <span class='ocrx_word' id='word_1_143' title='bbox 2365 2207 2523 2271; x_wconf 90' lang='lat' dir='ltr'>nihil</span> <span class='ocrx_word' id='word_1_144' title='bbox 2566 2206 2669 2270; x_wconf 90' lang='lat' dir='ltr'>hic</span> 
     </span>
     <span class='ocr_line' id='line_1_21' title="bbox 376 2311 2667 2377; baseline 0 -2"><span class='ocrx_word' id='word_1_145' title='bbox 376 2312 451 2375; x_wconf 89' lang='lat' dir='ltr'>de</span> <span class='ocrx_word' id='word_1_146' title='bbox 498 2311 859 2376; x_wconf 86' lang='lat' dir='ltr'>nominibus</span> <span class='ocrx_word' id='word_1_147' title='bbox 908 2312 1143 2377; x_wconf 90' lang='lat' dir='ltr'>domini</span> <span class='ocrx_word' id='word_1_148' title='bbox 1190 2313 1387 2377; x_wconf 87' lang='lat' dir='ltr'>nostri</span> <span class='ocrx_word' id='word_1_149' title='bbox 1433 2313 1639 2377; x_wconf 87' lang='lat' dir='ltr'>deest:</span> <span class='ocrx_word' id='word_1_150' title='bbox 1688 2315 1751 2377; x_wconf 84' lang='lat' dir='ltr'>et</span> <span class='ocrx_word' id='word_1_151' title='bbox 1797 2313 1984 2377; x_wconf 88' lang='lat' dir='ltr'>deum</span> <span class='ocrx_word' id='word_1_152' title='bbox 2030 2312 2132 2376; x_wconf 89' lang='lat' dir='ltr'>hic</span> <span class='ocrx_word' id='word_1_153' title='bbox 2178 2316 2242 2376; x_wconf 89' lang='lat' dir='ltr'>et</span> <span class='ocrx_word' id='word_1_154' title='bbox 2287 2312 2667 2375; x_wconf 87' lang='lat' dir='ltr'>saluatorem</span> 
     </span>
     <span class='ocr_line' id='line_1_22' title="bbox 376 2415 2670 2481; baseline 0 -3"><span class='ocrx_word' id='word_1_155' title='bbox 376 2418 439 2479; x_wconf 92' lang='lat' dir='ltr'>et</span> <span class='ocrx_word' id='word_1_156' title='bbox 483 2416 695 2480; x_wconf 89' lang='lat' dir='ltr'>Iesum</span> <span class='ocrx_word' id='word_1_157' title='bbox 752 2420 816 2480; x_wconf 92' lang='lat' dir='ltr'>et</span> <span class='ocrx_word' id='word_1_158' title='bbox 862 2415 1185 2481; x_wconf 87' lang='lat' dir='ltr'>Christum</span> <span class='ocrx_word' id='word_1_159' title='bbox 1246 2417 1442 2481; x_wconf 89' lang='lat' dir='ltr'>uides.</span> <span class='ocrx_word' id='word_1_160' title='bbox 1522 2417 1631 2481; x_wconf 90' lang='lat' dir='ltr'>sed</span> <span class='ocrx_word' id='word_1_161' title='bbox 1694 2417 1906 2481; x_wconf 87' lang='lat' dir='ltr'>omnia</span> <span class='ocrx_word' id='word_1_162' title='bbox 1960 2416 2117 2481; x_wconf 88' lang='lat' dir='ltr'>haec</span> <span class='ocrx_word' id='word_1_163' title='bbox 2177 2416 2396 2480; x_wconf 88' lang='lat' dir='ltr'>uidens</span> <span class='ocrx_word' id='word_1_164' title='bbox 2459 2416 2670 2479; x_wconf 91' lang='lat' dir='ltr'>omnia</span> 
     </span>
     <span class='ocr_line' id='line_1_23' title="bbox 378 2520 2665 2605; baseline 0 -21"><span class='ocrx_word' id='word_1_165' title='bbox 378 2540 513 2584; x_wconf 87' lang='lat' dir='ltr'>esse</span> <span class='ocrx_word' id='word_1_166' title='bbox 574 2520 638 2585; x_wconf 89' lang='lat' dir='ltr'>in</span> <span class='ocrx_word' id='word_1_167' title='bbox 700 2522 813 2584; x_wconf 91' lang='lat' dir='ltr'>deo</span> <span class='ocrx_word' id='word_1_168' title='bbox 873 2522 1194 2605; x_wconf 83' lang='lat' dir='ltr'>perspicis.</span> <span class='ocrx_word' id='word_1_169' title='bbox 1280 2522 1511 2586; x_wconf 88' lang='lat' dir='ltr'>audisti</span> <span class='ocrx_word' id='word_1_170' title='bbox 1574 2522 1742 2586; x_wconf 90' lang='lat' dir='ltr'>enim</span> <span class='ocrx_word' id='word_1_171' title='bbox 1804 2520 2022 2602; x_wconf 90' lang='lat' dir='ltr'>deum,</span> <span class='ocrx_word' id='word_1_172' title='bbox 2081 2523 2190 2586; x_wconf 86' lang='lat' dir='ltr'>sed</span> <span class='ocrx_word' id='word_1_173' title='bbox 2256 2522 2665 2586; x_wconf 86' lang='lat' dir='ltr'>saluatorem:</span> 
     </span>
     <span class='ocr_line' id='line_1_24' title="bbox 378 2625 2661 2707; baseline 0 -20"><span class='ocrx_word' id='word_1_174' title='bbox 378 2625 603 2690; x_wconf 88' lang='lat' dir='ltr'>audisti</span> <span class='ocrx_word' id='word_1_175' title='bbox 663 2625 878 2705; x_wconf 91' lang='lat' dir='ltr'>deum,</span> <span class='ocrx_word' id='word_1_176' title='bbox 942 2625 1052 2689; x_wconf 89' lang='lat' dir='ltr'>sed</span> <span class='ocrx_word' id='word_1_177' title='bbox 1096 2626 1336 2690; x_wconf 88' lang='lat' dir='ltr'>Iesum:</span> <span class='ocrx_word' id='word_1_178' title='bbox 1401 2626 1635 2691; x_wconf 86' lang='lat' dir='ltr'>audisti</span> <span class='ocrx_word' id='word_1_179' title='bbox 1689 2627 1876 2690; x_wconf 87' lang='lat' dir='ltr'>deum</span> <span class='ocrx_word' id='word_1_180' title='bbox 1939 2646 2104 2707; x_wconf 89' lang='lat' dir='ltr'>esse,</span> <span class='ocrx_word' id='word_1_181' title='bbox 2167 2627 2274 2690; x_wconf 89' lang='lat' dir='ltr'>sed</span> <span class='ocrx_word' id='word_1_182' title='bbox 2324 2625 2661 2691; x_wconf 90' lang='lat' dir='ltr'>Christum.</span> 
     </span>
     <span class='ocr_line' id='line_1_25' title="bbox 376 2729 2666 2813; baseline 0.001 -21"><span class='ocrx_word' id='word_1_183' title='bbox 376 2730 653 2811; x_wconf 88' lang='lat' dir='ltr'>separari</span> <span class='ocrx_word' id='word_1_184' title='bbox 692 2730 809 2794; x_wconf 92' lang='lat' dir='ltr'>hoc</span> <span class='ocrx_word' id='word_1_185' title='bbox 850 2731 1283 2813; x_wconf 88' lang='lat' dir='ltr'>appellationis</span> <span class='ocrx_word' id='word_1_186' title='bbox 1324 2731 1684 2796; x_wconf 87' lang='lat' dir='ltr'>diuersitate</span> <span class='ocrx_word' id='word_1_187' title='bbox 1733 2749 1855 2795; x_wconf 96' lang='lat' dir='ltr'>non</span> <span class='ocrx_word' id='word_1_188' title='bbox 1902 2734 2114 2813; x_wconf 90' lang='lat' dir='ltr'>potest</span> <span class='ocrx_word' id='word_1_189' title='bbox 2157 2730 2323 2812; x_wconf 89' lang='lat' dir='ltr'>quod</span> <span class='ocrx_word' id='word_1_190' title='bbox 2368 2729 2666 2795; x_wconf 88' lang='lat' dir='ltr'>diuinitas</span> 
     </span>
     <span class='ocr_line' id='line_1_26' title="bbox 374 2834 2668 2918; baseline 0.001 -21"><span class='ocrx_word' id='word_1_191' title='bbox 374 2834 613 2898; x_wconf 86' lang='lat' dir='ltr'>unitate</span> <span class='ocrx_word' id='word_1_192' title='bbox 675 2835 1014 2899; x_wconf 87' lang='lat' dir='ltr'>coniunxit.</span> <span class='ocrx_word' id='word_1_193' title='bbox 1092 2836 1555 2918; x_wconf 87' lang='lat' dir='ltr'>quidquidlibet</span> <span class='ocrx_word' id='word_1_194' title='bbox 1602 2837 1678 2900; x_wconf 92' lang='lat' dir='ltr'>de</span> <span class='ocrx_word' id='word_1_195' title='bbox 1739 2835 1840 2900; x_wconf 87' lang='lat' dir='ltr'>his</span> <span class='ocrx_word' id='word_1_196' title='bbox 1902 2836 2280 2918; x_wconf 84' lang='lat' dir='ltr'>requisieriS,</span> <span class='ocrx_word' id='word_1_197' title='bbox 2342 2836 2509 2899; x_wconf 90' lang='lat' dir='ltr'>idem</span> <span class='ocrx_word' id='word_1_198' title='bbox 2571 2835 2668 2899; x_wconf 92' lang='lat' dir='ltr'>in-</span> 
     </span>
     <span class='ocr_line' id='line_1_27' title="bbox 375 2939 2662 3021; baseline 0 -20"><span class='ocrx_word' id='word_1_199' title='bbox 375 2939 572 3002; x_wconf 84' lang='lat' dir='ltr'>ueniS.</span> <span class='ocrx_word' id='word_1_200' title='bbox 654 2940 930 3004; x_wconf 87' lang='lat' dir='ltr'>saluator</span> <span class='ocrx_word' id='word_1_201' title='bbox 976 2940 1127 3004; x_wconf 89' lang='lat' dir='ltr'>deus</span> <span class='ocrx_word' id='word_1_202' title='bbox 1190 2944 1306 3021; x_wconf 88' lang='lat' dir='ltr'>est,</span> <span class='ocrx_word' id='word_1_203' title='bbox 1367 2939 1545 3005; x_wconf 88' lang='lat' dir='ltr'>Iesus</span> <span class='ocrx_word' id='word_1_204' title='bbox 1595 2941 1747 3004; x_wconf 88' lang='lat' dir='ltr'>deus</span> <span class='ocrx_word' id='word_1_205' title='bbox 1810 2944 1926 3021; x_wconf 88' lang='lat' dir='ltr'>est,</span> <span class='ocrx_word' id='word_1_206' title='bbox 1989 2939 2278 3005; x_wconf 89' lang='lat' dir='ltr'>Christus</span> <span class='ocrx_word' id='word_1_207' title='bbox 2326 2939 2478 3003; x_wconf 90' lang='lat' dir='ltr'>deus</span> <span class='ocrx_word' id='word_1_208' title='bbox 2541 2943 2662 3003; x_wconf 88' lang='lat' dir='ltr'>est:</span> 
     </span>
     <span class='ocr_line' id='line_1_28' title="bbox 375 3042 2669 3129; baseline 0 -23"><span class='ocrx_word' id='word_1_209' title='bbox 375 3061 559 3107; x_wconf 90' lang='lat' dir='ltr'>omne</span> <span class='ocrx_word' id='word_1_210' title='bbox 606 3043 742 3124; x_wconf 91' lang='lat' dir='ltr'>hoc,</span> <span class='ocrx_word' id='word_1_211' title='bbox 806 3042 969 3126; x_wconf 89' lang='lat' dir='ltr'>quod</span> <span class='ocrx_word' id='word_1_212' title='bbox 1030 3044 1229 3125; x_wconf 81' lang='lat' dir='ltr'>audiS‚</span> <span class='ocrx_word' id='word_1_213' title='bbox 1291 3045 1532 3128; x_wconf 87' lang='lat' dir='ltr'>plurale</span> <span class='ocrx_word' id='word_1_214' title='bbox 1594 3048 1691 3109; x_wconf 91' lang='lat' dir='ltr'>est</span> <span class='ocrx_word' id='word_1_215' title='bbox 1751 3047 2235 3129; x_wconf 88' lang='lat' dir='ltr'>nuncupatione,</span> <span class='ocrx_word' id='word_1_216' title='bbox 2298 3044 2406 3108; x_wconf 86' lang='lat' dir='ltr'>sed</span> <span class='ocrx_word' id='word_1_217' title='bbox 2470 3063 2669 3108; x_wconf 89' lang='lat' dir='ltr'>unum</span> 
     </span>
     <span class='ocr_line' id='line_1_29' title="bbox 378 3148 2670 3231; baseline 0.001 -21"><span class='ocrx_word' id='word_1_218' title='bbox 378 3151 477 3212; x_wconf 91' lang='lat' dir='ltr'>est</span> <span class='ocrx_word' id='word_1_219' title='bbox 521 3151 855 3231; x_wconf 88' lang='lat' dir='ltr'>potestate,</span> <span class='ocrx_word' id='word_1_220' title='bbox 903 3148 1067 3231; x_wconf 89' lang='lat' dir='ltr'>quia,</span> <span class='ocrx_word' id='word_1_221' title='bbox 1116 3167 1260 3212; x_wconf 90' lang='lat' dir='ltr'>cum</span> <span class='ocrx_word' id='word_1_222' title='bbox 1308 3153 1371 3213; x_wconf 89' lang='lat' dir='ltr'>et</span> <span class='ocrx_word' id='word_1_223' title='bbox 1417 3150 1696 3213; x_wconf 87' lang='lat' dir='ltr'>saluator</span> <span class='ocrx_word' id='word_1_224' title='bbox 1743 3150 1895 3213; x_wconf 89' lang='lat' dir='ltr'>deus</span> <span class='ocrx_word' id='word_1_225' title='bbox 1943 3150 2028 3212; x_wconf 92' lang='lat' dir='ltr'>sit</span> <span class='ocrx_word' id='word_1_226' title='bbox 2075 3152 2138 3213; x_wconf 90' lang='lat' dir='ltr'>et</span> <span class='ocrx_word' id='word_1_227' title='bbox 2180 3149 2359 3213; x_wconf 88' lang='lat' dir='ltr'>Iesus</span> <span class='ocrx_word' id='word_1_228' title='bbox 2407 3149 2558 3213; x_wconf 90' lang='lat' dir='ltr'>deus</span> <span class='ocrx_word' id='word_1_229' title='bbox 2606 3151 2670 3212; x_wconf 86' lang='lat' dir='ltr'>et</span> 
     </span>
     <span class='ocr_line' id='line_1_30' title="bbox 375 3251 2669 3336; baseline 0 -21"><span class='ocrx_word' id='word_1_230' title='bbox 375 3251 663 3317; x_wconf 86' lang='lat' dir='ltr'>Christus</span> <span class='ocrx_word' id='word_1_231' title='bbox 697 3253 872 3333; x_wconf 79' lang='lat' dir='ltr'>deuS,</span> <span class='ocrx_word' id='word_1_232' title='bbox 920 3253 1287 3336; x_wconf 85' lang='lat' dir='ltr'>intellegere</span> <span class='ocrx_word' id='word_1_233' title='bbox 1320 3257 1609 3336; x_wconf 88' lang='lat' dir='ltr'>apertum</span> <span class='ocrx_word' id='word_1_234' title='bbox 1642 3258 1755 3334; x_wconf 91' lang='lat' dir='ltr'>est,</span> <span class='ocrx_word' id='word_1_235' title='bbox 1804 3254 1967 3336; x_wconf 92' lang='lat' dir='ltr'>quod</span> <span class='ocrx_word' id='word_1_236' title='bbox 2009 3254 2222 3318; x_wconf 87' lang='lat' dir='ltr'>omnia</span> <span class='ocrx_word' id='word_1_237' title='bbox 2260 3255 2414 3318; x_wconf 88' lang='lat' dir='ltr'>haec</span> <span class='ocrx_word' id='word_1_238' title='bbox 2446 3253 2669 3317; x_wconf 89' lang='lat' dir='ltr'>distin-</span> 
     </span>
     <span class='ocr_line' id='line_1_31' title="bbox 373 3357 2667 3442; baseline -0 -21"><span class='ocrx_word' id='word_1_239' title='bbox 373 3359 611 3440; x_wconf 85' lang='lat' dir='ltr'>guntur</span> <span class='ocrx_word' id='word_1_240' title='bbox 680 3357 1127 3440; x_wconf 89' lang='lat' dir='ltr'>appellatione,</span> <span class='ocrx_word' id='word_1_241' title='bbox 1197 3358 1305 3421; x_wconf 87' lang='lat' dir='ltr'>sed</span> <span class='ocrx_word' id='word_1_242' title='bbox 1374 3358 1708 3422; x_wconf 87' lang='lat' dir='ltr'>maiestate</span> <span class='ocrx_word' id='word_1_243' title='bbox 1769 3360 2133 3442; x_wconf 86' lang='lat' dir='ltr'>iunguntur.</span> <span class='ocrx_word' id='word_1_244' title='bbox 2215 3362 2276 3422; x_wconf 92' lang='lat' dir='ltr'>et</span> <span class='ocrx_word' id='word_1_245' title='bbox 2336 3377 2479 3422; x_wconf 91' lang='lat' dir='ltr'>cum</span> <span class='ocrx_word' id='word_1_246' title='bbox 2538 3359 2667 3421; x_wconf 87' lang='lat' dir='ltr'>eui-</span> 
     </span>
     <span class='ocr_line' id='line_1_32' title="bbox 374 3461 2665 3547; baseline 0.001 -24"><span class='ocrx_word' id='word_1_247' title='bbox 374 3461 741 3525; x_wconf 89' lang='lat' dir='ltr'>dentissime</span> <span class='ocrx_word' id='word_1_248' title='bbox 811 3462 1025 3532; x_wconf 87' lang='lat' dir='ltr'>audias</span> <span class='ocrx_word' id='word_1_249' title='bbox 1096 3463 1261 3544; x_wconf 86' lang='lat' dir='ltr'>quod</span> <span class='ocrx_word' id='word_1_250' title='bbox 1329 3482 1491 3527; x_wconf 92' lang='lat' dir='ltr'>unus</span> <span class='ocrx_word' id='word_1_251' title='bbox 1560 3463 1628 3526; x_wconf 91' lang='lat' dir='ltr'>in</span> <span class='ocrx_word' id='word_1_252' title='bbox 1695 3464 1960 3546; x_wconf 85' lang='lat' dir='ltr'>singulis</span> <span class='ocrx_word' id='word_1_253' title='bbox 2031 3468 2429 3547; x_wconf 90' lang='lat' dir='ltr'>nuncupatur</span> <span class='ocrx_word' id='word_1_254' title='bbox 2494 3464 2665 3543; x_wconf 87' lang='lat' dir='ltr'>deus,</span> 
     </span>
     <span class='ocr_line' id='line_1_33' title="bbox 374 3565 2664 3650; baseline 0 -21"><span class='ocrx_word' id='word_1_255' title='bbox 374 3565 739 3649; x_wconf 85' lang='lat' dir='ltr'>intellegere</span> <span class='ocrx_word' id='word_1_256' title='bbox 786 3566 1001 3649; x_wconf 88' lang='lat' dir='ltr'>utique</span> <span class='ocrx_word' id='word_1_257' title='bbox 1042 3569 1255 3650; x_wconf 88' lang='lat' dir='ltr'>aperte</span> <span class='ocrx_word' id='word_1_258' title='bbox 1300 3571 1478 3650; x_wconf 89' lang='lat' dir='ltr'>potes</span> <span class='ocrx_word' id='word_1_259' title='bbox 1525 3567 1690 3649; x_wconf 88' lang='lat' dir='ltr'>quod</span> <span class='ocrx_word' id='word_1_260' title='bbox 1723 3572 1819 3632; x_wconf 91' lang='lat' dir='ltr'>est</span> <span class='ocrx_word' id='word_1_261' title='bbox 1863 3569 1930 3632; x_wconf 91' lang='lat' dir='ltr'>in</span> <span class='ocrx_word' id='word_1_262' title='bbox 1962 3568 2250 3633; x_wconf 88' lang='lat' dir='ltr'>omnibus</span> <span class='ocrx_word' id='word_1_263' title='bbox 2283 3587 2446 3632; x_wconf 91' lang='lat' dir='ltr'>unus</span> <span class='ocrx_word' id='word_1_264' title='bbox 2493 3567 2664 3630; x_wconf 77' lang='lat' dir='ltr'>deus,</span> 
     </span>
    </p>
   </div>
   <div class='ocr_carea' id='block_1_6' title="bbox 582 3737 1313 3809">
    <p class='ocr_par' dir='ltr' id='par_1_6' title="bbox 582 3737 1313 3809">
     <span class='ocr_line' id='line_1_34' title="bbox 582 3737 1313 3809; baseline -0.001 -15"><span class='ocrx_word' id='word_1_265' title='bbox 582 3738 640 3809; x_wconf 87' lang='lat'>4]</span> <span class='ocrx_word' id='word_1_266' title='bbox 679 3737 784 3792; x_wconf 77' lang='lat' dir='ltr'>Tit.</span> <span class='ocrx_word' id='word_1_267' title='bbox 810 3740 859 3802; x_wconf 86' lang='lat'>2,</span> <span class='ocrx_word' id='word_1_268' title='bbox 891 3741 969 3794; x_wconf 86' lang='lat'>13.</span> <span class='ocrx_word' id='word_1_269' title='bbox 1082 3739 1171 3808; x_wconf 92' lang='lat'>15]</span> <span class='ocrx_word' id='word_1_270' title='bbox 1206 3739 1243 3794; x_wconf 91' lang='lat'>1.</span> <span class='ocrx_word' id='word_1_271' title='bbox 1271 3756 1313 3794; x_wconf 72' lang='grc' dir='ltr'>ο.</span> 
     </span>
    </p>
   </div>
   <div class='ocr_carea' id='block_1_7' title="bbox 371 3893 2670 4560">
    <p class='ocr_par' dir='ltr' id='par_1_7' title="bbox 371 3893 2670 4489">
     <span class='ocr_line' id='line_1_35' title="bbox 463 3893 2668 3968; baseline 0 -18"><span class='ocrx_word' id='word_1_272' title='bbox 463 3895 496 3950; x_wconf 93' lang='grc'><strong>2</strong></span> <span class='ocrx_word' id='word_1_273' title='bbox 534 3893 841 3948; x_wconf 85' lang='lat' dir='ltr'>uendicarct</span> <span class='ocrx_word' id='word_1_274' title='bbox 866 3896 941 3950; x_wconf 91' lang='lat' dir='ltr'><strong><em>M</em></strong></span> <span class='ocrx_word' id='word_1_275' title='bbox 1039 3897 1070 3950; x_wconf 85' lang='lat'><strong>7</strong></span> <span class='ocrx_word' id='word_1_276' title='bbox 1109 3895 1430 3950; x_wconf 79' lang='lat' dir='ltr'>calliditates</span> <span class='ocrx_word' id='word_1_277' title='bbox 1461 3903 1511 3952; x_wconf 80' lang='lat' dir='ltr'>et</span> <span class='ocrx_word' id='word_1_278' title='bbox 1534 3899 1567 3953; x_wconf 90' lang='grc'><strong>8</strong></span> <span class='ocrx_word' id='word_1_279' title='bbox 1595 3896 1854 3966; x_wconf 83' lang='lat' dir='ltr'>captionis</span> <span class='ocrx_word' id='word_1_280' title='bbox 1879 3897 1978 3952; x_wconf 85' lang='lat' dir='ltr'>Mv</span> <span class='ocrx_word' id='word_1_281' title='bbox 2088 3899 2149 3954; x_wconf 89' lang='lat'>11</span> <span class='ocrx_word' id='word_1_282' title='bbox 2188 3896 2318 3952; x_wconf 89' lang='lat' dir='ltr'>licet</span> <span class='ocrx_word' id='word_1_283' title='bbox 2339 3899 2406 3953; x_wconf 92' lang='lat' dir='ltr'><strong><em>N</em></strong></span> <span class='ocrx_word' id='word_1_284' title='bbox 2409 3901 2462 3968; x_wconf 63' lang='grc' dir='ltr'><strong><em>Ῥ</em></strong></span> <span class='ocrx_word' id='word_1_285' title='bbox 2569 3897 2668 3951; x_wconf 85' lang='lat' dir='ltr'>sci-</span> 
     </span>
     <span class='ocr_line' id='line_1_36' title="bbox 371 3980 2668 4053; baseline 0 -18"><span class='ocrx_word' id='word_1_286' title='bbox 371 3980 577 4036; x_wconf 88' lang='lat' dir='ltr'>licet..</span> <span class='ocrx_word' id='word_1_287' title='bbox 608 3984 712 4037; x_wconf 87' lang='grc'>,12</span> <span class='ocrx_word' id='word_1_288' title='bbox 749 3981 1023 4036; x_wconf 87' lang='lat' dir='ltr'>Christum</span> <span class='ocrx_word' id='word_1_289' title='bbox 1060 4001 1161 4038; x_wconf 84' lang='lat' dir='ltr'>om.</span> <span class='ocrx_word' id='word_1_290' title='bbox 1190 3985 1265 4038; x_wconf 88' lang='lat' dir='ltr'><strong><em>M</em></strong></span> <span class='ocrx_word' id='word_1_291' title='bbox 1367 3985 1433 4040; x_wconf 84' lang='lat'>12</span> <span class='ocrx_word' id='word_1_292' title='bbox 1467 3983 1693 4038; x_wconf 84' lang='lat' dir='ltr'>forsitan</span> <span class='ocrx_word' id='word_1_293' title='bbox 1731 3985 1831 4038; x_wconf 84' lang='lat' dir='ltr'>Mv</span> <span class='ocrx_word' id='word_1_294' title='bbox 1941 3985 2004 4040; x_wconf 89' lang='lat'>13</span> <span class='ocrx_word' id='word_1_295' title='bbox 2041 3983 2200 4038; x_wconf 90' lang='lat' dir='ltr'>deum</span> <span class='ocrx_word' id='word_1_296' title='bbox 2238 4002 2339 4040; x_wconf 87' lang='lat' dir='ltr'>om.</span> <span class='ocrx_word' id='word_1_297' title='bbox 2367 3986 2442 4038; x_wconf 88' lang='lat' dir='ltr'><strong><em>M</em></strong></span> <span class='ocrx_word' id='word_1_298' title='bbox 2506 3983 2598 4037; x_wconf 68' lang='lat' dir='ltr'>dui</span> <span class='ocrx_word' id='word_1_299' title='bbox 2625 4002 2668 4053; x_wconf 83' lang='grc' dir='ltr'><em>Ρ</em></span> 
     </span>
     <span class='ocr_line' id='line_1_37' title="bbox 378 4070 2670 4142; baseline 0 -18"><span class='ocrx_word' id='word_1_300' title='bbox 378 4071 443 4124; x_wconf 82' lang='lat'>14</span> <span class='ocrx_word' id='word_1_301' title='bbox 478 4070 751 4138; x_wconf 82' lang='lat' dir='ltr'>cognoscis</span> <span class='ocrx_word' id='word_1_302' title='bbox 778 4071 853 4125; x_wconf 89' lang='lat' dir='ltr'><strong><em>M</em></strong></span> <span class='ocrx_word' id='word_1_303' title='bbox 914 4071 1254 4138; x_wconf 86' lang='lat' dir='ltr'>cognouisses</span> <span class='ocrx_word' id='word_1_304' title='bbox 1272 4089 1350 4141; x_wconf 89' lang='grc' dir='ltr'>Ρυ</span> <span class='ocrx_word' id='word_1_305' title='bbox 1457 4074 1521 4128; x_wconf 93' lang='lat'>18</span> <span class='ocrx_word' id='word_1_306' title='bbox 1558 4075 1615 4125; x_wconf 90' lang='lat' dir='ltr'>et</span> <span class='ocrx_word' id='word_1_307' title='bbox 1649 4079 1775 4126; x_wconf 76' lang='lat' dir='ltr'>ante</span> <span class='ocrx_word' id='word_1_308' title='bbox 1812 4070 2084 4125; x_wconf 87' lang='lat' dir='ltr'>Christum</span> <span class='ocrx_word' id='word_1_309' title='bbox 2122 4090 2224 4127; x_wconf 86' lang='lat' dir='ltr'>om.</span> <span class='ocrx_word' id='word_1_310' title='bbox 2251 4073 2350 4142; x_wconf 87' lang='grc' dir='ltr'>ΝΡ</span> <span class='ocrx_word' id='word_1_311' title='bbox 2457 4071 2670 4140; x_wconf 84' lang='lat' dir='ltr'>uidens]</span> 
     </span>
     <span class='ocr_line' id='line_1_38' title="bbox 375 4156 2668 4229; baseline 0.001 -21"><span class='ocrx_word' id='word_1_312' title='bbox 375 4156 527 4209; x_wconf 84' lang='lat' dir='ltr'>uides</span> <span class='ocrx_word' id='word_1_313' title='bbox 564 4159 663 4226; x_wconf 87' lang='grc' dir='ltr'>ΝΡ</span> <span class='ocrx_word' id='word_1_314' title='bbox 808 4160 872 4213; x_wconf 92' lang='grc'>19</span> <span class='ocrx_word' id='word_1_315' title='bbox 908 4156 965 4210; x_wconf 91' lang='lat' dir='ltr'>in</span> <span class='ocrx_word' id='word_1_316' title='bbox 1005 4156 1101 4210; x_wconf 91' lang='lat' dir='ltr'>deo</span> <span class='ocrx_word' id='word_1_317' title='bbox 1139 4175 1249 4212; x_wconf 86' lang='lat' dir='ltr'>esse</span> <span class='ocrx_word' id='word_1_318' title='bbox 1287 4160 1388 4214; x_wconf 83' lang='lat' dir='ltr'>Mv</span> <span class='ocrx_word' id='word_1_319' title='bbox 1532 4161 1597 4214; x_wconf 86' lang='lat'>21</span> <span class='ocrx_word' id='word_1_320' title='bbox 1636 4159 1837 4229; x_wconf 86' lang='lat' dir='ltr'>potest]</span> <span class='ocrx_word' id='word_1_321' title='bbox 1877 4159 2023 4212; x_wconf 83' lang='lat' dir='ltr'>ualet</span> <span class='ocrx_word' id='word_1_322' title='bbox 2057 4161 2156 4214; x_wconf 76' lang='lat' dir='ltr'>Mu</span> <span class='ocrx_word' id='word_1_323' title='bbox 2297 4159 2596 4213; x_wconf 80' lang='lat' dir='ltr'>diuinitatis</span> <span class='ocrx_word' id='word_1_324' title='bbox 2625 4177 2668 4229; x_wconf 84' lang='grc' dir='ltr'><em>Ρ</em></span> 
     </span>
     <span class='ocr_line' id='line_1_39' title="bbox 374 4243 2670 4316; baseline 0.001 -18"><span class='ocrx_word' id='word_1_325' title='bbox 374 4245 445 4298; x_wconf 88' lang='grc'>22</span> <span class='ocrx_word' id='word_1_326' title='bbox 480 4243 745 4298; x_wconf 85' lang='lat' dir='ltr'>unitatem</span> <span class='ocrx_word' id='word_1_327' title='bbox 782 4245 873 4298; x_wconf 84' lang='lat' dir='ltr'>M¹</span> <span class='ocrx_word' id='word_1_328' title='bbox 998 4245 1302 4298; x_wconf 83' lang='lat' dir='ltr'>coniuncxit</span> <span class='ocrx_word' id='word_1_329' title='bbox 1337 4247 1412 4300; x_wconf 84' lang='lat' dir='ltr'><strong><em>M</em></strong></span> <span class='ocrx_word' id='word_1_330' title='bbox 1525 4244 1915 4314; x_wconf 88' lang='lat' dir='ltr'>quidquidlicet</span> <span class='ocrx_word' id='word_1_331' title='bbox 1949 4247 2018 4301; x_wconf 88' lang='lat' dir='ltr'><strong><em>N</em></strong></span> <span class='ocrx_word' id='word_1_332' title='bbox 2135 4245 2523 4315; x_wconf 83' lang='lat' dir='ltr'>quicquidlibet</span> <span class='ocrx_word' id='word_1_333' title='bbox 2566 4248 2670 4316; x_wconf 85' lang='grc' dir='ltr'>ΜΡ</span> 
     </span>
     <span class='ocr_line' id='line_1_40' title="bbox 372 4328 2670 4402; baseline 0.002 -20"><span class='ocrx_word' id='word_1_334' title='bbox 372 4328 615 4384; x_wconf 88' lang='lat' dir='ltr'>inuenies</span> <span class='ocrx_word' id='word_1_335' title='bbox 640 4333 743 4386; x_wconf 88' lang='lat' dir='ltr'>Mv</span> <span class='ocrx_word' id='word_1_336' title='bbox 845 4333 914 4386; x_wconf 87' lang='grc'>26</span> <span class='ocrx_word' id='word_1_337' title='bbox 939 4331 1237 4400; x_wconf 86' lang='lat' dir='ltr'>intelligere</span> <span class='ocrx_word' id='word_1_338' title='bbox 1263 4335 1368 4402; x_wconf 90' lang='grc' dir='ltr'>ΜΡ</span> <span class='ocrx_word' id='word_1_339' title='bbox 1475 4335 1542 4388; x_wconf 80' lang='grc'>27</span> <span class='ocrx_word' id='word_1_340' title='bbox 1580 4333 1881 4401; x_wconf 82' lang='lat' dir='ltr'>iunguntur</span> <span class='ocrx_word' id='word_1_341' title='bbox 1917 4334 2190 4387; x_wconf 73' lang='lat' dir='ltr'>maiestate</span> <span class='ocrx_word' id='word_1_342' title='bbox 2217 4336 2316 4390; x_wconf 84' lang='lat' dir='ltr'>Mv</span> <span class='ocrx_word' id='word_1_343' title='bbox 2420 4336 2489 4390; x_wconf 84' lang='lat'>28</span> <span class='ocrx_word' id='word_1_344' title='bbox 2516 4349 2670 4387; x_wconf 88' lang='lat' dir='ltr'>num-</span> 
     </span>
     <span class='ocr_line' id='line_1_41' title="bbox 373 4417 1324 4489; baseline 0.006 -20"><span class='ocrx_word' id='word_1_345' title='bbox 373 4420 603 4486; x_wconf 86' lang='lat' dir='ltr'>cupatur</span> <span class='ocrx_word' id='word_1_346' title='bbox 628 4435 673 4488; x_wconf 85' lang='grc' dir='ltr'><em>Ρ</em></span> <span class='ocrx_word' id='word_1_347' title='bbox 780 4420 847 4473; x_wconf 88' lang='grc'>29</span> <span class='ocrx_word' id='word_1_348' title='bbox 884 4417 1183 4488; x_wconf 87' lang='lat' dir='ltr'>intelligere</span> <span class='ocrx_word' id='word_1_349' title='bbox 1220 4421 1324 4489; x_wconf 86' lang='grc' dir='ltr'>ΜΡ</span> 
     </span>
    </p>

    <p class='ocr_par' dir='ltr' id='par_1_8' title="bbox 2249 4508 2346 4560">
     <span class='ocr_line' id='line_1_42' title="bbox 2249 4508 2346 4560; baseline 0 0"><span class='ocrx_word' id='word_1_350' title='bbox 2249 4508 2346 4560; x_wconf 82' lang='lat'>24*</span> 
     </span>
    </p>
   </div>
   <div class='ocr_carea' id='block_1_8' title="bbox 3163 856 3167 1433">
    <p class='ocr_par' dir='ltr' id='par_1_9' title="bbox 3163 856 3167 1433">
     <span class='ocr_line' id='line_1_43' title="bbox 3163 856 3167 1433; baseline 0 0"><span class='ocrx_word' id='word_1_351' title='bbox 3163 856 3167 1433; x_wconf 95' lang='lat' dir='ltr'> </span> 
     </span>
    </p>
   </div>
  </div>
 </body>
</html>
