3167 4975
258 1623 353 1662 10-

256 2147 311 2186 15

256 3198 309 3236 25

944 481 1175 531 contra
1211 476 1590 532 Nestorium
1628 476 1736 530 lib.
1766 476 1887 540 VII,
1927 479 2081 532 4—5.
2527 475 2654 542 359

369 657 679 736 quomodo
724 674 825 718 res
872 655 1207 718 dissimiles
1253 674 1325 718 ex
1373 653 1781 719 dissimilibus
1821 654 2166 718 crediturus
2199 674 2265 718 es
2299 652 2658 718 substitisse

370 761 651 824 naturis?
698 778 845 843 ergo
891 760 1056 843 apud
1102 763 1163 824 te
1210 779 1325 824 nec
1371 759 1722 824 coturnices
1769 759 1979 824 subito
2025 763 2252 824 uentus
2299 759 2511 822 intulit
2543 776 2658 822 nec
2706 765 2742 818 5

368 883 603 928 manna
645 864 876 928 decidit
919 883 1035 928 nec
1080 864 1301 928 uinum
1348 884 1419 928 ex
1468 881 1634 946 aqua
1677 864 1904 947 prodiit
1937 883 2052 928 nec
2083 864 2288 927 multa
2330 863 2660 927 hominum

368 969 543 1033 milia
586 969 805 1052 exiguo
852 968 989 1033 cibo
1036 971 1219 1051 pasta
1263 973 1412 1032 sunt
1457 988 1571 1034 nec
1617 971 1760 1052 post
1803 970 2008 1033 lutum
2055 986 2235 1032 caeco
2279 968 2494 1032 lumen
2549 985 2659 1050 ap-

366 1074 592 1157 paruit.
676 1073 899 1155 quodsi
958 1073 1113 1137 haec
1172 1073 1383 1140 omnia
1442 1072 1834 1138 incredibilia
1894 1073 2109 1155 utique
2172 1076 2236 1138 et
2289 1075 2508 1138 contra
2557 1091 2658 1136 ra-

366 1179 603 1243 tionem
648 1178 939 1242 uidentur
986 1178 1109 1242 nisi
1154 1197 1191 1241 a
1236 1179 1353 1242 deo
1398 1179 1567 1242 facta
1614 1178 1968 1258 credantur,
2030 1197 2138 1242 cur
2199 1179 2264 1242 in
2327 1177 2658 1243 natiuitate

367 1283 499 1347 eius
532 1283 804 1367 denegas
838 1283 1002 1365 quod
1031 1283 1095 1346 in
1131 1283 1419 1367 operibus
1452 1283 1811 1347 confiteris?
1858 1286 1967 1347 aut
2005 1282 2308 1365 numquid
2339 1285 2658 1365 praestare

366 1388 528 1454 ortui
574 1406 686 1452 suo
720 1388 1139 1470 aduentuique
1172 1406 1297 1452 non
1343 1389 1570 1471 potuit,
1619 1388 1786 1470 quod
1817 1387 2114 1452 humanis
2147 1387 2436 1452 remediis
2470 1391 2656 1470 atque

364 1492 739 1558 utilitatibus
786 1511 911 1556 non
960 1494 1258 1578 negauit?

452 1599 527 1662 V.
568 1581 855 1682 Longum
890 1601 988 1662 est
1034 1598 1109 1662 de
1156 1598 1275 1661 hac
1306 1618 1373 1662 re
1405 1601 1469 1662 et
1512 1617 1704 1682 prope
1737 1597 2096 1662 fabulosum
2129 1599 2398 1682 amplius
2432 1598 2654 1662 dicere.

364 1703 474 1767 sed
520 1706 733 1767 tamen
781 1703 859 1767 ad
890 1702 1335 1766 confutandam
1365 1703 1670 1786 ineptiam
1704 1706 1888 1784 atque
1928 1701 2242 1768 insaniam
2289 1706 2486 1783 tuam,
2532 1721 2658 1784 qua

364 1809 453 1872 ais
516 1807 680 1889 quod
740 1807 1169 1873 homousios
1233 1808 1557 1891 parienti
1629 1809 1995 1872 natiuitas
2063 1827 2228 1872 esse
2276 1806 2525 1888 debet,
2593 1807 2656 1870 id

364 1916 460 1977 est
520 1912 685 1994 quod
746 1911 1117 1976 dissimilem
1186 1932 1255 1975 se
1315 1911 1634 1994 quaelibet
1693 1931 1910 1996 parere
1981 1929 2106 1976 non
2168 1911 2395 1995 possit,
2466 1911 2656 1976 etiam

364 2023 753 2082 terrenarum
799 2037 1011 2082 rerum
1058 2019 1345 2102 exempla
1388 2019 1724 2101 proferam,
1771 2037 1892 2100 quo
1925 2037 1996 2082 ex
2043 2017 2450 2082 dissimilibus
2485 2017 2658 2081 nasci

369 2123 569 2186 multa
615 2122 1015 2186 conuincam:
1076 2141 1200 2186 non
1263 2124 1427 2205 quod
1485 2124 1551 2188 in
1599 2123 1712 2188 tali
1787 2143 1854 2187 re
1915 2122 2299 2205 comparatio
2363 2121 2494 2186 ulla
2547 2125 2657 2185 aut

364 2227 493 2292 fieri
539 2229 737 2311 possit
782 2231 891 2292 aut
937 2247 1073 2292 esse
1120 2227 1363 2308 debeat,
1428 2227 1535 2292 sed
1597 2231 1670 2292 ut
1715 2247 1839 2292 non
1888 2227 2134 2292 dubites
2181 2227 2243 2290 in
2292 2245 2468 2292 sacro
2515 2230 2656 2290 ortu

365 2333 627 2396 existere
660 2333 721 2396 id
768 2333 1048 2415 potuisse
1096 2333 1259 2414 quod
1301 2333 1493 2396 etiam
1527 2333 1592 2396 in
1639 2332 1902 2397 terrenis
1934 2332 2031 2396 his
2066 2336 2129 2397 et
2160 2332 2409 2396 caducis
2441 2331 2654 2395 uideas

362 2437 710 2521 prouenire.
790 2455 959 2521 apeS,
1007 2438 1170 2504 sicut
1215 2438 1477 2503 minima
1520 2439 1880 2519 admodum,
1927 2438 2016 2503 ita
2061 2437 2554 2522 prudentissima
2583 2455 2656 2501 ac

366 2542 799 2607 sollertissima
844 2544 1157 2623 animalia,
1207 2564 1277 2607 ex
1325 2544 1768 2607 diuersissimis
1817 2544 1910 2607 edi
1959 2544 2230 2627 legimus
2271 2546 2458 2625 atque
2491 2543 2654 2607 exire

366 2648 624 2711 naturis,
703 2666 847 2711 cum
910 2648 1074 2712 enim
1138 2648 1263 2712 sint
1310 2648 1453 2713 miri
1498 2648 1732 2731 ingenii
1778 2649 2124 2713 animantia
2171 2652 2234 2712 et
2281 2665 2404 2711 non
2452 2648 2658 2711 solum
2707 2654 2742 2707 2

364 2770 573 2831 sensu,
622 2753 730 2816 sed
763 2754 951 2816 etiam
985 2754 1322 2835 prudent-ia
1350 2753 1694 2833 abundent,
1743 2752 2046 2835 excerptis
2080 2752 2468 2834 ,quibusdam
2514 2751 2657 2815 her-

364 2857 584 2920 barum
616 2856 873 2921 floribus
905 2863 1331 2939 procreantur.
1397 2859 1562 2940 quod
1603 2860 1806 2923 maius
1843 2859 2198 2940 exemplum
2229 2856 2656 2921 adhibendum

365 2965 473 3025 aut
513 2963 966 3026 assumendum
1011 2966 1238 3045 putas?
1286 2983 1357 3027 ex
1390 2964 1684 3027 inanimis
1718 2963 2034 3043 animalia,
2083 2982 2154 3025 ex
2183 2960 2654 3027 insensibilibus

364 3066 685 3131 sensibilia
716 3072 1077 3131 nascuntur.
1142 3069 1243 3149 qui
1277 3068 1481 3151 opifex
1512 3069 1661 3148 illic,
1711 3069 1814 3151 qui
1847 3067 2184 3131 fabricator
2217 3071 2332 3147 est,
2379 3067 2485 3148 qui
2531 3067 2655 3131 for-

364 3174 568 3236 mator
636 3190 993 3255 corporum,
1061 3174 1168 3255 qui
1237 3174 1570 3255 inspirator
1641 3174 2036 3237 animarum?
2107 3190 2331 3235 sonum
2391 3172 2653 3253 denique

362 3277 591 3359 ipsum,
638 3295 759 3358 quo
790 3278 951 3340 inter
984 3296 1051 3341 se
1097 3278 1275 3359 quasi
1319 3279 1681 3360 loquuntur,
1724 3278 1862 3361 quis
1910 3277 2122 3341 dedit?
2168 3276 2656 3341 concinnitatem
2707 3284 2740 3336 3

362 3380 612 3465 pedum,
675 3382 995 3465 ingenium
1056 3382 1256 3447 orium
1321 3383 1826 3476 elegantiamque
1886 3384 2224 3466 pinnarum
2285 3383 2422 3464 quis
2479 3381 2656 3446 finxit

570 3536 662 3606 21]
701 3536 1012 3591 cf.A1-1st0t.
1039 3537 1164 3591 hist.
1192 3538 1353 3592 anim.
1380 3538 1443 3601 v,
1483 3540 1565 3603 21,
1603 3555 1654 3608 p.
1690 3540 1837 3602 553⁸,
1877 3542 1956 3595 19.

449 3662 483 3713 3
520 3675 579 3711 ex
610 3660 619 3725 Ι
652 3675 711 3711 ex
743 3676 784 3729 p
910 3658 1060 3713 inilia.
1094 3659 1377 3713 hominum
1414 3662 1515 3717 Mv
1639 3663 1672 3716 4
1711 3662 1921 3730 aperuit
1959 3663 2122 3731 NMp
2240 3665 2271 3717 7
2309 3661 2552 3730 nunquid
2587 3663 2664 3717 M

365 3748 430 3801 12
467 3745 634 3815 quod]
673 3744 939 3813 quomodo
978 3748 1075 3817 ΝΡ
1191 3746 1457 3801 omousios
1496 3750 1595 3819 ΝΡ
1673 3748 1981 3802 homousius
2019 3752 2093 3805 M
2198 3748 2386 3803 debeat
2422 3751 2546 3803 Mv:
2583 3751 2651 3817 cf.

358 3832 412 3901 §.
454 3838 487 3886 5
598 3835 661 3889 13
704 3833 963 3887 dissimile
1000 3837 1075 3889 M
1172 3835 1251 3903 se]
1298 3834 1400 3889 sibi
1438 3852 1521 3889 res
1559 3854 1655 3891 av.-
1699 3854 1802 3891 om.
1842 3838 1918 3891 M
1942 3839 2070 3905 fort.
2111 3855 2141 3889 a
2186 3854 2240 3889 se
2345 3836 2552 3904 possint
2587 3837 2664 3891 M

365 3923 428 3976 14
466 3920 607 3988 quod
645 3923 719 3976 M
820 3924 882 3977 17
922 3922 1160 3991 caducis]
1206 3921 1481 3977 catholicis
1520 3926 1596 3978 Μ
1699 3928 1762 3980 18
1799 3924 2108 3977 ammodum
2151 3926 2216 3978 N
2319 3926 2382 3979 19
2419 3923 2653 3977 solertis-

360 4007 497 4061 sima
536 4008 603 4061 N
717 4007 803 4062 edi
840 4007 1093 4079 legimus]
1133 4026 1242 4063 esse
1282 4008 1567 4063 didicimus
1606 4012 1681 4065 M
1796 4014 1865 4067 20
1911 4010 2022 4064 solo
2053 4030 2094 4081 p
2211 4012 2274 4065 21
2317 4026 2532 4064 sensum
2571 4012 2652 4065 N¹

361 4094 593 4163 exceptis
630 4096 697 4149 N
796 4112 856 4149 ex
893 4096 1051 4151 certis
1088 4098 1162 4151 Μ
1258 4098 1327 4152 23
1364 4113 1425 4149 ex
1462 4097 1658 4151 animis
1691 4099 1766 4153 M
1861 4096 2158 4152 insensibili
2196 4100 2271 4153 M
2332 4115 2392 4151 ex
2428 4098 2652 4151 insensi-

358 4180 559 4235 bilibus
596 4181 869 4235 sensibilia
902 4200 1005 4237 om.
1036 4202 1080 4253 p
1204 4186 1273 4239 26
1309 4200 1413 4252 quo
1448 4203 1548 4254 pv:
1583 4184 1724 4253 quod
1763 4186 1901 4239 NM
2014 4183 2264 4239 locuntur
2301 4188 2403 4255 ΜΡ
2528 4201 2652 4238 con-

359 4268 645 4323 cinnitates
672 4271 737 4325 N
738 4272 795 4339 ’p
867 4270 1250 4325 concinnitates
1284 4271 1379 4325 has
1406 4289 1475 4327 av
1578 4274 1646 4326 27
1683 4272 1960 4341 ingenium
1995 4272 2170 4325 orium
2206 4273 2430 4341 scripsi:
2471 4272 2652 4341 genio-

358 4355 501 4409 rium
526 4358 593 4411 N
594 4358 609 4393 ¹
682 4358 1040 4426 ingeniorium
1065 4360 1132 4414 N
1131 4361 1151 4395 ²
1222 4362 1392 4413 artem
1418 4375 1630 4413 morum
1656 4361 1732 4414 M
1792 4360 2128 4428 geminorum
2145 4379 2190 4431 p
2255 4360 2592 4429 ingeniorum
2615 4378 2653 4415 a

358 4446 531 4497 artem
557 4444 729 4498 orium
759 4463 814 4500 v.-
849 4448 917 4515 cf.
948 4446 1083 4502 Gen.
1112 4448 1160 4515 I,
1193 4452 1243 4514 9,
1277 4451 1315 4501 2
1340 4446 1403 4501 de
1428 4446 1533 4501 oris
1558 4451 1614 4501 et
1637 4446 1824 4502 uultus
1848 4447 2064 4517 ingenio
2170 4464 2464 4519 pennarum
2491 4449 2653 4519 N’pa
