3167 4975
494 424 577 488 10
1298 422 1614 477 Iohannis
1661 421 1964 476 Cassiani

492 603 595 663 tus
642 599 922 664 nouitate
976 600 1140 664 inter
1186 603 1425 663 ceteros
1481 598 1671 662 huius
1716 596 2018 681 propositi
2064 597 2232 660 uiros
2278 596 2632 662 habeantur
2687 599 2784 661 in-

494 704 716 787 signia,
778 705 869 768 ita
928 704 1227 769 studiosis
1290 701 1795 768 accurationibus
1857 702 2081 782 aliena,
2142 705 2216 766 ut
2275 701 2466 766 nullis
2527 720 2781 765 rursum

494 807 623 872 sint
682 808 1014 872 adfectatis
1061 827 1169 891 per
1231 808 1537 872 incuriam
1586 805 1874 871 sordibus
1931 806 2246 870 decolora:
2311 809 2630 888 postremo
2691 807 2784 870 sic

493 912 571 976 ab
619 913 805 976 huius
852 913 1073 978 mundi
1119 917 1487 997 separentur
1533 915 1779 993 ornatu,
1834 915 1906 975 ut
1953 912 2150 976 cultui
2199 929 2522 976 seruorum
2571 911 2670 974 dei
2717 911 2784 974 in

494 1017 788 1082 omnibus
820 1019 1181 1083 communia
1220 1021 1642 1102 perseuerent.
1734 1017 2037 1099 quidquid
2085 1015 2254 1080 enim
2299 1015 2464 1080 inter
2509 1015 2782 1080 famulos
2862 1030 2888 1069 5

492 1122 593 1186 dei
653 1123 1074 1205 praesumitur
1134 1122 1212 1186 ab
1276 1140 1402 1187 uno
1463 1123 1561 1186 uel
1611 1122 1830 1205 paucis
1891 1139 2005 1185 nec
2061 1120 2366 1185 catholice
2425 1139 2538 1204 per
2599 1138 2785 1184 omne

492 1245 717 1310 corpus
760 1227 1175 1292 fraternitatis
1221 1231 1492 1308 tenetur,
1540 1229 1651 1290 aut
1697 1225 2082 1309 superfluum
2129 1230 2240 1290 aut
2293 1227 2530 1290 elatum
2578 1228 2675 1288 est
2722 1227 2786 1288 et

492 1331 570 1396 ob
618 1333 683 1395 id
735 1332 991 1397 noxium
1051 1331 1455 1396 iudicandum
1502 1331 1831 1414 magisque
1878 1330 2182 1394 uanitatis
2229 1330 2545 1413 specimen
2592 1347 2784 1412 quam

492 1437 747 1501 uirtutis
781 1439 1127 1502 ostentans.
1179 1438 1242 1499 et
1275 1436 1503 1500 idcirco
1549 1435 1705 1499 haec
1738 1453 1897 1516 quae
1945 1453 2060 1498 nec
2091 1453 2130 1498 a
2158 1434 2478 1498 ueteribus
2526 1435 2784 1514 sanctiS‚

492 1542 601 1623 qui
645 1541 835 1606 huius
893 1541 1299 1624 professionis
1346 1540 1762 1605 fundamenta
1805 1539 2105 1620 iecerunt,
2169 1558 2370 1622 neque
2415 1558 2454 1604 a
2496 1539 2784 1623 patribus
2839 1551 2891 1590 ¹⁰

494 1646 693 1710 nostri
724 1645 1046 1729 temporiS,
1079 1645 1188 1727 qui
1221 1663 1436 1710 eorum
1468 1664 1579 1728 per
1612 1645 2038 1708 successiones
2073 1644 2366 1708 instituta
2389 1663 2557 1708 nunc
2587 1662 2784 1725 usque

493 1751 876 1830 custodiunt,
911 1749 1145 1814 tradita
1172 1749 1461 1814 uidemus
1495 1750 1798 1832 exempla,
1847 1752 1920 1812 ut
1949 1747 2264 1832 superflua
2296 1751 2359 1812 et
2389 1749 2642 1813 inutilia
2670 1767 2784 1813 nos

498 1873 743 1938 quoque
786 1871 1067 1918 resecare
1114 1855 1462 1918 conueniet.
1544 1852 1952 1936 quamobrem
2001 1852 2272 1918 ciliciam
2320 1857 2562 1917 uestem
2609 1854 2786 1918 uelut

494 1961 1017 2043 circumspectam
1072 1958 1315 2023 cunctis
1362 1963 1547 2040 atque
1613 1957 1958 2021 notabilem
2005 1961 2068 2022 et
2128 1975 2286 2038 quae
2335 1977 2406 2021 ex
2465 1958 2585 2022 hoc
2647 1959 2785 2041 ipso

494 2083 619 2129 non
653 2065 857 2128 solum
904 2064 1079 2128 nulla
1108 2063 1356 2147 spiritui
1402 2062 1602 2146 possit
1635 2062 2062 2126 emolumenta
2092 2062 2392 2141 conferre,
2440 2062 2547 2125 sed
2591 2063 2784 2126 etiam
2839 2075 2890 2114 1⁵

496 2169 782 2234 elationis
815 2168 1139 2250 concipere
1172 2168 1541 2247 uanitatem,
1584 2185 1866 2248 quaeque
1901 2167 1977 2230 ad
2009 2165 2347 2230 necessarii
2379 2167 2581 2250 operis
2613 2185 2784 2230 exer-

496 2273 735 2354 citium,
768 2274 833 2337 in
858 2291 979 2354 quo
1006 2273 1385 2337 monachum
1418 2290 1666 2354 semper
1692 2270 2008 2354 inpigrum
2035 2271 2516 2354 expeditumque
2541 2273 2785 2354 oportet

496 2379 800 2458 incedere,
831 2376 1133 2442 inhabilis
1158 2380 1345 2459 atque
1368 2376 1585 2460 inepta
1615 2377 1718 2456 sit,
1745 2376 2121 2440 omnimodis
2145 2377 2526 2460 refugerunt.
2563 2376 2784 2458 quodsi

497 2483 801 2566 quosdam
845 2482 965 2547 hoc
1011 2482 1247 2548 amictu
1304 2481 1724 2547 circumdatos
1773 2481 2130 2545 audiuimus
2177 2479 2534 2565 probabiles
2597 2481 2786 2545 exsti-

495 2589 668 2669 tisse,
715 2606 841 2653 non
888 2606 961 2652 ex
992 2605 1063 2653 eo
1108 2587 1291 2652 nobis
1340 2590 1437 2651 est
1468 2587 1992 2651 monasteriorum
2039 2587 2260 2670 regula
2305 2586 2644 2650 sancienda
2681 2588 2783 2651 uel
2837 2599 2891 2639 2⁰

496 2694 755 2775 antiqua
786 2696 1145 2758 sanctorum
1178 2696 1430 2776 patrum
1464 2696 1615 2757 sunt
1643 2690 2072 2775 proturbanda
2101 2692 2371 2771 decreta,
2405 2690 2569 2773 quod
2600 2692 2784 2774 pauci

496 2800 971 2881 praesumentes
1035 2797 1301 2861 aliarum
1358 2796 1671 2861 uirtutum
1730 2795 2061 2879 priuilegio
2109 2814 2186 2859 ne
2235 2795 2298 2859 in
2346 2795 2446 2859 his
2507 2796 2784 2877 quidem,

496 2920 655 2984 quae
703 2920 827 2967 non
874 2902 1217 2966 secundum
1265 2900 1642 2965 catholicam
1673 2901 1958 2983 regulam
2005 2898 2082 2963 ab
2132 2899 2219 2963 eis
2265 2903 2572 2983 usurpata
2615 2906 2784 2981 sunt,

496 3006 867 3090 reprehendi
912 3006 1137 3071 debere
1184 3006 1539 3070 creduntur.
1590 3005 1870 3088 generali
1915 3022 2188 3086 namque
2233 3004 2516 3068 omnium
2551 3006 2787 3070 consti-

496 3112 727 3176 tutioni
772 3130 1114 3196 paucorum
1158 3127 1283 3175 non
1331 3109 1518 3174 debet
1562 3108 1862 3193 praeponi
1907 3128 2024 3173 nec
2061 3109 2486 3192 praeiudicare
2533 3113 2786 3174 senten·
2838 3120 2892 3161 2⁵

498 3217 607 3281 tia.
684 3216 810 3281 illis
856 3217 1027 3281 enim
1058 3214 1359 3279 debemus
1390 3213 1701 3278 institutis
1749 3232 1821 3277 ac
1865 3214 2102 3297 regulis
2133 3212 2556 3278 indubitatam
2596 3214 2784 3279 fidem

498 3323 561 3385 et
606 3321 1023 3385 indiscussam
1068 3318 1528 3385 oboedientiam
1573 3338 1685 3402 per
1732 3319 1944 3383 omnia
1990 3319 2404 3393 commodare,
2457 3337 2582 3383 non
2629 3336 2785 3401 quas

496 3442 839 3509 paucorum
898 3426 1191 3490 uoluntas
1238 3422 1472 3503 intulit,
1536 3423 1646 3486 sed
1693 3441 1848 3504 quas
1909 3426 2194 3487 uetustas
2243 3426 2563 3487 tantorum
2624 3426 2786 3486 tem-

498 3548 719 3613 porum
766 3534 827 3594 et
874 3528 1359 3595 innumerositas
1394 3530 1756 3593 sanctorum
1803 3530 2055 3611 patrum
2105 3527 2390 3591 concordi
2423 3526 2784 3591 definitione

498 3634 563 3698 in
608 3638 931 3719 posterum
976 3632 1363 3717 propagauit.
1414 3650 1529 3697 nec
1574 3632 1694 3697 hoc
1733 3650 1884 3695 sane
1928 3632 2352 3715 praeiudicare
2385 3629 2567 3695 nobis
2599 3630 2788 3695 debet
2837 3642 2890 3683 ³⁰

588 3775 613 3827 1
656 3770 876 3842 ceteros]
916 3786 1061 3825 ceros
1086 3771 1140 3826 L
1245 3774 1278 3826 3
1315 3769 1610 3825 adfectadis
1635 3770 1718 3824 Η1
1827 3768 2070 3822 decolora
2098 3768 2252 3824 GL1:
2289 3767 2592 3823 decolorata
2615 3768 2787 3825 HL²v

498 3862 530 3916 5
568 3875 879 3915 commonea
913 3860 997 3915 Η1
1103 3857 1357 3927 quicquid
1398 3858 1525 3913 6²12
1633 3858 1666 3912 6
1703 3856 1992 3911 catholicae
2018 3857 2157 3911 H‘L
2261 3859 2292 3911 7
2329 3858 2383 3909 et
2419 3854 2706 3909 obnoxium
2735 3856 2788 3912 G

502 3949 567 4003 lo
603 3947 883 4000 iacuerunt
916 3946 1001 4001 Ηι
1145 3948 1205 4001 11
1246 3944 1592 3999 successionis
1629 3946 1712 3999 H¹
1858 3946 1922 3999 12
1967 3943 2214 3997 uidemus
2258 3944 2340 3998 L.-
2383 3942 2620 3997 uidimus
2673 3944 2794 3999 GH

500 4036 567 4089 13
604 4034 854 4089 conuenit
878 4034 966 4089 11²
1068 4032 1333 4087 cilicinam
1364 4032 1637 4087 G²H²L²v
1745 4033 1810 4088 14
1835 4030 2331 4099 circuminspectam
2359 4031 2426 4085 H
2525 4029 2705 4085 cuneis
2735 4031 2788 4085 G

502 4124 567 4177 16
592 4120 853 4175 necessari
879 4122 930 4175 L
1030 4124 1093 4177 18
1118 4120 1427 4189 refugerunt
1456 4120 1534 4174 G:
1567 4117 1874 4173 refutarunt
1897 4119 2046 4173 HLv
2155 4120 2218 4174 19
2247 4117 2494 4171 audimus
2524 4118 2632 4173 G¹r
2699 4134 2784 4170 ex-

498 4209 680 4263 tetisse
713 4210 791 4264 L¹
862 4207 1095 4262 extitisse
1131 4208 1271 4263 HL²
1374 4208 1444 4263 20
1480 4205 1927 4260 monasteriorum
1965 4208 2046 4259 est
2087 4205 2169 4260 Gv
2271 4206 2339 4260 22
2383 4208 2784 4274 praesumentes

496 4294 651 4365 pauci
690 4296 743 4350 L
814 4294 1041 4349 aliorum
1071 4294 1123 4350 G
1193 4310 1259 4348 nc
1294 4312 1395 4351 om.
1422 4294 1475 4348 L
1554 4294 1660 4347 hiis
1685 4294 1762 4348 12¹
1839 4295 1908 4348 25
1945 4290 2105 4347 debes
2135 4292 2207 4346 G¹
2287 4294 2356 4347 28
2379 4291 2684 4361 nolumptas
2710 4292 2784 4345 L¹

498 4385 566 4439 29
603 4381 1041 4437 innumerossitas
1079 4383 1163 4437 H¹
1268 4384 1523 4451 patruum
1558 4382 1644 4436 Ηι
1751 4383 1819 4437 30
1865 4396 1960 4433 nos
2005 4379 2051 4449 (s
2095 4381 2157 4434 in
2199 4396 2307 4436 ras.
2357 4380 2524 4435 trium
2570 4379 2697 4447 litt.)
2731 4377 2786 4433 L
