3167 4975
1855 237 1884 265 l

879 459 1109 510 contra
1144 456 1525 509 Nestorium
1562 454 1670 509 lib.
1697 456 1761 519 V,
1802 458 1881 511 15.
1929 455 2022 523 VI,
2063 458 2212 511 1—2.
2557 454 2685 518 325

1170 752 1464 835 LIBER
1518 750 1914 835 SEXTUS.

485 948 533 1011 Ι.
583 947 881 1031 Legimus
935 948 1001 1011 in
1064 948 1387 1031 euangelio
1450 947 1749 1030 appositis
1809 948 2064 1012 iubente
2119 948 2368 1011 domino
2415 949 2686 1029 quinque

397 1052 661 1134 panibus
707 1052 1105 1115 innumeram
1161 1052 1260 1116 dei
1304 1052 1555 1133 plebem
1605 1071 1741 1117 esse
1788 1053 2102 1131 satiatam,
2166 1056 2230 1116 et
2273 1052 2580 1135 quomodo
2625 1053 2686 1116 id

398 1160 612 1221 tamen
656 1156 895 1221 factum
943 1157 1041 1238 sit,
1097 1176 1211 1221 nec
1259 1176 1549 1221 enarrare
1597 1174 1801 1221 sermo
1849 1176 1966 1221 nec
2011 1158 2303 1241 colligere
2336 1158 2686 1221 aestimatio

316 1290 345 1329 ε,
399 1280 515 1326 nec
573 1262 894 1343 concipere
958 1280 1179 1325 sensus
1225 1264 1450 1345 potest.
1530 1264 1708 1325 tanta
1769 1265 1831 1325 et
1875 1266 2006 1326 tam
2065 1261 2686 1345 inconprehensibilis

398 1367 647 1431 diuinae
705 1367 801 1429 uis
859 1367 1188 1448 potestatis
1251 1370 1368 1447 est,
1430 1370 1518 1446 ut,
1582 1385 1726 1430 cum
1780 1366 2128 1431 habeamus
2189 1368 2253 1429 in
2313 1366 2490 1431 nobis
2537 1367 2687 1430 facti

396 1472 593 1554 ipsius
661 1472 1137 1551 conscientiam,
1208 1471 1571 1555 inpossibile
1639 1474 1852 1535 tamen
1921 1470 2102 1535 nobis
2171 1472 2254 1535 sit
2311 1471 2462 1535 facti
2529 1472 2686 1535 scire

395 1576 722 1641 rationem.
800 1576 928 1640 iam
972 1576 1249 1659 primum
1312 1576 1481 1641 enim
1526 1577 1668 1659 quis
1730 1576 2231 1659 conprehendere
2291 1579 2482 1658 queat
2534 1594 2688 1657 quo-

398 1680 581 1745 modo
637 1684 767 1745 tam
830 1681 1090 1764 exiguus
1136 1700 1371 1763 panum
1433 1699 1734 1745 numerus
1798 1698 1921 1745 non
1968 1681 2172 1744 dicam
2238 1682 2316 1745 ad
2378 1699 2554 1744 esum
2617 1700 2688 1745 ac

284 1814 346 1853 ιο
399 1786 817 1865 saturitatem,
880 1786 988 1847 sed
1050 1785 1241 1849 etiam
1298 1785 1375 1849 ad
1422 1786 1796 1849 diuisionem
1845 1786 2048 1867 ipsam
2109 1786 2688 1869 appositionemque

397 1890 732 1969 suffecerit,
780 1908 924 1953 cum
969 1890 1153 1972 plura
1182 1890 1380 1954 multo
1412 1890 1589 1953 milia
1618 1890 1946 1954 hominum
1978 1890 2211 1953 fuerint
2256 1908 2444 1971 quarn
2491 1908 2687 1972 panes

394 1996 535 2079 ipsi,
581 1995 763 2077 plura
806 2012 1003 2077 paene
1036 1995 1326 2059 conuiuia
1372 2012 1562 2076 quam
1610 1994 1684 2059 de
1731 1998 1824 2058 tot
1862 1993 2132 2077 panibus
2163 1994 2520 2077 fragmenta
2551 2014 2688 2057 esse

396 2102 703 2183 possunt?
766 2102 915 2163 nata
968 2102 1065 2163 est
1112 2118 1257 2183 ergo
1306 2120 1377 2163 ex
1422 2099 1616 2164 uerbo
1663 2100 1900 2164 domini
1960 2117 2168 2162 rerum
2231 2100 2426 2182 copia,
2489 2101 2688 2163 creuit
2735 2108 2770 2161 2

396 2204 461 2268 in
509 2207 651 2268 actu
696 2222 873 2286 opuS,
922 2207 985 2268 et
1030 2222 1176 2267 cum
1219 2222 1443 2287 parum
1492 2208 1660 2267 esset
1707 2204 1870 2285 quod
1909 2203 2260 2284 uidebatur,
2307 2204 2547 2268 factum
2593 2206 2690 2267 est

278 2336 340 2376 15
396 2308 857 2373 inaestimabile
888 2309 1053 2390 quod
1100 2308 1382 2373 dabatur.
1464 2309 1677 2373 nullus
1711 2327 1856 2391 ergo
1887 2308 1988 2371 hic
2019 2308 2430 2389 coniecturae,
2478 2309 2688 2371 nullus

394 2415 708 2478 humanae
742 2413 1163 2477 aestimationi
1196 2416 1291 2477 est
1332 2416 1442 2477 aut
1486 2412 1717 2477 rationi
1760 2414 1953 2478 locus.
2033 2412 2234 2477 solum
2285 2416 2383 2477 est
2427 2413 2592 2496 quod
2622 2413 2686 2477 in

397 2519 509 2584 tali
554 2539 621 2583 re
665 2518 944 2582 fidelium
990 2537 1064 2583 ac
1110 2518 1492 2602 sapientium
1527 2518 1846 2583 mentibus
1880 2519 2036 2583 scire
2081 2519 2286 2598 liceat,
2333 2522 2423 2599 ut,
2471 2537 2692 2600 quam—

393 2623 549 2688 libet
593 2642 827 2708 magna
872 2623 1000 2688 sint
1044 2642 1202 2705 quae
1236 2643 1273 2688 a
1303 2623 1415 2687 deo
1462 2623 1626 2688 fiunt
1656 2627 1844 2706 atque
1886 2622 2394 2703 inaestimabilia,
2443 2625 2694 2688 etiamsi

396 2747 471 2792 ea
517 2747 706 2792 sensu
750 2729 886 2811 ipso
934 2747 1059 2792 non
1106 2729 1377 2812 capiant,
1424 2727 1844 2811 impossibilia
1890 2731 2104 2793 tamen
2150 2728 2264 2792 deo
2319 2727 2496 2791 nulla
2555 2747 2700 2791 esse.

270 2863 339 2902 20
396 2836 796 2918 cognoscant.
876 2833 985 2896 sed
1032 2833 1107 2896 de
1168 2833 1265 2897 his
1313 2837 1527 2897 tamen
1573 2837 1707 2897 tam
1769 2831 2193 2898 ineffabilibus
2258 2833 2504 2897 diuinae
2565 2833 2692 2895 uir—

395 2938 551 3002 tutis
598 2938 862 3019 actibuS,
910 2938 1075 3019 quod
1112 2937 1463 3002 rectissime
1509 2937 1936 3002 ineffabilibus
1971 2937 2131 3001 sacri
2163 2941 2336 3001 ortus
2370 2937 2690 3001 miraculis

393 3046 740 3126 coaptatur,
786 3043 937 3124 quia
982 3043 1073 3107 ita
1116 3062 1217 3106 res
1263 3042 1484 3126 poscit,
1532 3043 1781 3126 plenius
1828 3046 2066 3125 postea.

480 3148 565 3212 H.
612 3148 878 3212 Interim
922 3149 1071 3230 quia
1132 3147 1407 3229 quinque
1466 3165 1706 3230 panum
1766 3148 2030 3212 fecimus
2095 3148 2502 3229 mentionem,
2565 3166 2690 3211 non

394 3254 755 3336 incongrue,
802 3256 874 3317 ut
903 3271 1060 3332 reor,
1107 3253 1383 3335 quinque
1417 3271 1521 3316 eos
1568 3251 1748 3316 libris
1795 3271 1951 3335 quos
1997 3253 2126 3316 iam
2159 3253 2511 3316 euoluimus
2543 3271 2692 3316 con-

266 3386 333 3427 25
392 3375 720 3441 paramus:
784 3357 947 3422 sicut
1010 3357 1178 3421 enim
1232 3376 1494 3421 numero
1540 3376 1723 3440 pares
1771 3361 1938 3438 sunt,
2002 3358 2092 3421 sic
2140 3358 2345 3440 specie
2393 3375 2518 3422 non
2565 3357 2692 3420 dis-

394 3463 656 3526 similes,
733 3480 881 3526 nam
942 3480 1088 3525 cum
1147 3461 1240 3526 illi
1297 3462 1598 3526 hordiacii
1659 3463 1910 3542 fuerint,
1975 3465 2038 3526 et
2096 3462 2184 3543 hi,
2245 3465 2551 3544 quantum
2613 3461 2690 3525 ad

392 3566 719 3650 ingenium
782 3569 1067 3630 nostrum
1128 3566 1430 3649 pertinet,
1499 3566 1801 3630 hordiacii
1861 3566 1983 3630 dici
2043 3569 2335 3649 possunt,
2397 3567 2689 3648 quamuis

481 3811 516 3864 3
552 3811 850 3862 saturatam
888 3809 988 3863 Μυ
1125 3811 1160 3863 4
1205 3823 1445 3861 sermone
1490 3824 1585 3862 nec
1625 3808 1994 3862 aestimatione
2033 3806 2279 3876 colligere
2317 3809 2392 3862 M
2523 3811 2554 3863 5
2593 3824 2690 3862 nec

392 3895 669 3965 concipere
706 3913 807 3950 om.
848 3897 923 3950 M
1048 3897 1079 3949 7
1117 3895 1485 3964 inpossibilem
1522 3897 1588 3950 N
1591 3897 1606 3931 ¹
1725 3894 1877 3948 nobis
1915 3913 2015 3950 om.
2053 3896 2152 3964 ΝΡ
2266 3898 2298 3949 9
2335 3894 2522 3948 hesum
2559 3896 2700 3949 ΝΜ

395 3987 458 4038 11
498 3981 764 4036 sufficerit
801 3983 867 4037 N
933 3982 1205 4036 sufficeret
1230 3985 1303 4036 M
1400 3983 1636 4036 multum
1665 3984 1736 4036 M
1837 3984 1902 4037 12
1938 3998 2103 4050 penae
2131 3983 2196 4036 N
2297 3981 2595 4034 fracmenta
2623 3985 2699 4037 M

397 4073 464 4126 13
502 4070 712 4140 possint
746 4071 823 4124 M
932 4073 993 4125 15
1031 4069 1393 4123 inextimabile
1434 4071 1505 4124 M
1627 4072 1692 4124 16
1729 4069 2059 4122 extimationi
2099 4070 2174 4123 M
2236 4068 2592 4122 estimationis
2621 4071 2688 4138 Ρι

392 4161 461 4215 17
501 4157 805 4226 sapientum
822 4175 867 4226 Ρ
977 4159 1042 4213 18
1079 4155 1467 4210 inextimabilia
1494 4159 1567 4210 M
1672 4159 1736 4212 19
1761 4173 1976 4210 sensum
2001 4157 2066 4210 N
2169 4156 2282 4224 ipso
2311 4173 2385 4224 p.-
2420 4155 2536 4224 ipsa
2560 4157 2698 4211 ΝΜ

390 4249 464 4302 20
510 4248 591 4298 set
618 4262 665 4315 Ρ
790 4247 901 4298 tam
948 4262 1049 4300 om.
1080 4263 1125 4314 Ρ
1241 4247 1309 4298 24
1356 4243 1467 4313 eos]
1503 4243 1602 4296 hos
1640 4246 1712 4298 M
1822 4247 1890 4299 25
1928 4245 2104 4298 sicut.
2135 4287 2146 4298 .
2176 4287 2187 4297 .
2213 4243 2288 4296 sic
2323 4261 2418 4298 αυ.·
2453 4242 2534 4296 si.
2566 4286 2575 4296 .
2604 4286 2615 4297 .
2643 4243 2688 4296 si

389 4333 587 4401 N¹Mp
696 4331 772 4385 sic
808 4375 818 4384 .
858 4373 869 4384 .
907 4377 917 4387 .
954 4331 1031 4385 sic
1074 4332 1161 4387 N2
1302 4332 1509 4400 speciae
1556 4333 1624 4386 N
1767 4333 1838 4386 26
1882 4329 1990 4384 illis
2035 4331 2158 4385 ΝἻα
2305 4330 2535 4383 ordeacii
2581 4331 2688 4400 ΜΡ

390 4419 600 4473 fuerint
626 4461 635 4472 .
666 4461 676 4472 .
708 4461 718 4471 .
746 4421 811 4473 27
851 4418 1112 4472 hordiacii
1150 4437 1249 4474 om.
1289 4419 1425 4487 ΝΡα
1532 4421 1598 4473 27
1639 4418 1868 4472 ordeacii
1906 4420 1982 4472 M
