<?xml version="1.0" encoding="UTF-8"?>
<!DOCTYPE html PUBLIC "-//W3C//DTD XHTML 1.0 Transitional//EN"
    "http://www.w3.org/TR/xhtml1/DTD/xhtml1-transitional.dtd">
<html xmlns="http://www.w3.org/1999/xhtml" xml:lang="en" lang="en">
 <head>
  <title>
</title>
<meta http-equiv="Content-Type" content="text/html;charset=utf-8" />
  <meta name='ocr-system' content='tesseract 3.04.00' />
  <meta name='ocr-capabilities' content='ocr_page ocr_carea ocr_par ocr_line ocrx_word'/>
</head>
<body>
  <div class='ocr_page' id='page_1' title='image "./corpusscriptoru28wissgoog_0107.png"; bbox 0 0 3167 4975; ppageno 0'>
   <div class='ocr_carea' id='block_1_1' title="bbox 2327 483 2630 542">
    <p class='ocr_par' dir='ltr' id='par_1_1' title="bbox 2327 483 2630 542">
     <span class='ocr_line' id='line_1_1' title="bbox 2327 483 2630 542; baseline -0.003 -1"><span class='ocrx_word' id='word_1_1' title='bbox 2327 483 2630 542; x_wconf 83' lang='lat' dir='ltr'>XOVIIII</span> 
     </span>
    </p>
   </div>
   <div class='ocr_carea' id='block_1_2' title="bbox 342 650 2642 3350">
    <p class='ocr_par' dir='ltr' id='par_1_2' title="bbox 342 650 2642 3350">
     <span class='ocr_line' id='line_1_2' title="bbox 342 650 2636 737; baseline 0 -21"><span class='ocrx_word' id='word_1_2' title='bbox 342 670 469 716; x_wconf 91' lang='lat' dir='ltr'>non</span> <span class='ocrx_word' id='word_1_3' title='bbox 536 651 600 715; x_wconf 91' lang='lat' dir='ltr'>in</span> <span class='ocrx_word' id='word_1_4' title='bbox 672 650 968 735; x_wconf 75' lang='lat' dir='ltr'>catalogo</span> <span class='ocrx_word' id='word_1_5' title='bbox 1036 651 1341 716; x_wconf 88' lang='lat' dir='ltr'>librorum</span> <span class='ocrx_word' id='word_1_6' title='bbox 1408 671 1557 716; x_wconf 86' lang='lat' dir='ltr'>mss.</span> <span class='ocrx_word' id='word_1_7' title='bbox 1623 651 2008 717; x_wconf 85' lang='lat' dir='ltr'>Graecorum</span> <span class='ocrx_word' id='word_1_8' title='bbox 2076 651 2229 718; x_wconf 85' lang='lat' dir='ltr'><strong>bibl.</strong></span> <span class='ocrx_word' id='word_1_9' title='bbox 2293 653 2636 737; x_wconf 87' lang='lat' dir='ltr'>imperialis</span> 
     </span>
     <span class='ocr_line' id='line_1_3' title="bbox 342 755 2639 838; baseline 0 -18"><span class='ocrx_word' id='word_1_10' title='bbox 342 755 849 820; x_wconf 88' lang='lat' dir='ltr'>Uindobonensis</span> <span class='ocrx_word' id='word_1_11' title='bbox 897 774 934 820; x_wconf 87' lang='lat' dir='ltr'>a</span> <span class='ocrx_word' id='word_1_12' title='bbox 976 756 1263 820; x_wconf 89' lang='lat' dir='ltr'>Nesselio</span> <span class='ocrx_word' id='word_1_13' title='bbox 1312 757 1596 820; x_wconf 87' lang='lat' dir='ltr'>confecto</span> <span class='ocrx_word' id='word_1_14' title='bbox 1655 757 1893 838; x_wconf 87' lang='lat' dir='ltr'>aliquot</span> <span class='ocrx_word' id='word_1_15' title='bbox 1937 756 2297 821; x_wconf 91' lang='lat' dir='ltr'>huiusmodi</span> <span class='ocrx_word' id='word_1_16' title='bbox 2340 755 2487 820; x_wconf 89' lang='lat' dir='ltr'>libri</span> <span class='ocrx_word' id='word_1_17' title='bbox 2532 758 2639 821; x_wconf 91' lang='lat' dir='ltr'>de-</span> 
     </span>
     <span class='ocr_line' id='line_1_4' title="bbox 344 858 2638 944; baseline 0.001 -21"><span class='ocrx_word' id='word_1_18' title='bbox 344 860 731 924; x_wconf 84' lang='lat' dir='ltr'>scribuntur:</span> <span class='ocrx_word' id='word_1_19' title='bbox 766 861 1003 925; x_wconf 78' lang='lat' dir='ltr'>‘TheoL</span> <span class='ocrx_word' id='word_1_20' title='bbox 1043 858 1167 924; x_wconf 87' lang='lat'>104</span> <span class='ocrx_word' id='word_1_21' title='bbox 1199 860 1397 926; x_wconf 88' lang='lat' dir='ltr'>chart.</span> <span class='ocrx_word' id='word_1_22' title='bbox 1432 861 1539 925; x_wconf 86' lang='lat' dir='ltr'>fol.</span> <span class='ocrx_word' id='word_1_23' title='bbox 1574 859 1704 924; x_wconf 79' lang='lat'>223</span> <span class='ocrx_word' id='word_1_24' title='bbox 1717 860 2021 924; x_wconf 68' lang='lat' dir='ltr'>t⁵—2372⁸:</span> <span class='ocrx_word' id='word_1_25' title='bbox 2070 861 2360 944; x_wconf 83' lang='lat' dir='ltr'>Epitome</span> <span class='ocrx_word' id='word_1_26' title='bbox 2390 862 2466 924; x_wconf 89' lang='lat' dir='ltr'>de</span> <span class='ocrx_word' id='word_1_27' title='bbox 2499 864 2638 926; x_wconf 90' lang='lat' dir='ltr'>octo</span> 
     </span>
     <span class='ocr_line' id='line_1_5' title="bbox 344 963 2636 1048; baseline 0 -20"><span class='ocrx_word' id='word_1_28' title='bbox 344 965 719 1048; x_wconf 79' lang='lat' dir='ltr'>capitalibus</span> <span class='ocrx_word' id='word_1_29' title='bbox 760 965 933 1030; x_wconf 88' lang='lat' dir='ltr'>uitiis</span> <span class='ocrx_word' id='word_1_30' title='bbox 981 969 1045 1029; x_wconf 87' lang='lat' dir='ltr'>et</span> <span class='ocrx_word' id='word_1_31' title='bbox 1074 965 1205 1029; x_wconf 94' lang='lat' dir='ltr'>IIII</span> <span class='ocrx_word' id='word_1_32' title='bbox 1236 964 1575 1030; x_wconf 76' lang='lat' dir='ltr'>Institutis</span> <span class='ocrx_word' id='word_1_33' title='bbox 1612 1002 1698 1012; x_wconf 94' lang='lat'><strong>—</strong></span> <span class='ocrx_word' id='word_1_34' title='bbox 1735 963 1856 1027; x_wconf 77' lang='grc'>178</span> <span class='ocrx_word' id='word_1_35' title='bbox 1904 965 2101 1030; x_wconf 87' lang='lat' dir='ltr'>chart.</span> <span class='ocrx_word' id='word_1_36' title='bbox 2137 966 2241 1030; x_wconf 92' lang='lat' dir='ltr'>fol.</span> <span class='ocrx_word' id='word_1_37' title='bbox 2277 964 2636 1029; x_wconf 62' lang='lat'>242—452:</span> 
     </span>
     <span class='ocr_line' id='line_1_6' title="bbox 342 1069 2638 1152; baseline 0.001 -20"><span class='ocrx_word' id='word_1_38' title='bbox 342 1069 633 1152; x_wconf 86' lang='lat' dir='ltr'>Epitome</span> <span class='ocrx_word' id='word_1_39' title='bbox 681 1073 922 1152; x_wconf 78' lang='lat' dir='ltr'>septem</span> <span class='ocrx_word' id='word_1_40' title='bbox 963 1070 1240 1152; x_wconf 86' lang='lat' dir='ltr'>priorum</span> <span class='ocrx_word' id='word_1_41' title='bbox 1274 1069 1725 1134; x_wconf 71' lang='lat' dir='ltr'>collationum:</span> <span class='ocrx_word' id='word_1_42' title='bbox 1775 1069 1853 1133; x_wconf 88' lang='lat' dir='ltr'>ab</span> <span class='ocrx_word' id='word_1_43' title='bbox 1901 1071 2036 1152; x_wconf 92' lang='lat' dir='ltr'>ipso</span> <span class='ocrx_word' id='word_1_44' title='bbox 2083 1069 2444 1135; x_wconf 85' lang='lat' dir='ltr'>authentico</span> <span class='ocrx_word' id='word_1_45' title='bbox 2491 1088 2638 1134; x_wconf 91' lang='lat' dir='ltr'>con-</span> 
     </span>
     <span class='ocr_line' id='line_1_7' title="bbox 344 1172 2640 1257; baseline 0 -21"><span class='ocrx_word' id='word_1_46' title='bbox 344 1177 519 1236; x_wconf 83' lang='lat' dir='ltr'>textu</span> <span class='ocrx_word' id='word_1_47' title='bbox 542 1173 767 1238; x_wconf 88' lang='lat' dir='ltr'>Latino</span> <span class='ocrx_word' id='word_1_48' title='bbox 792 1173 975 1238; x_wconf 90' lang='lat' dir='ltr'>ualde</span> <span class='ocrx_word' id='word_1_49' title='bbox 1004 1175 1333 1257; x_wconf 79' lang='lat' dir='ltr'>discrepat.</span> <span class='ocrx_word' id='word_1_50' title='bbox 1360 1211 1446 1220; x_wconf 87' lang='lat'>-</span> <span class='ocrx_word' id='word_1_51' title='bbox 1474 1172 1594 1235; x_wconf 78' lang='lat'>121</span> <span class='ocrx_word' id='word_1_52' title='bbox 1624 1172 1888 1238; x_wconf 85' lang='lat' dir='ltr'>membr.</span> <span class='ocrx_word' id='word_1_53' title='bbox 1915 1177 2316 1257; x_wconf 88' lang='lat' dir='ltr'>peruetustus</span> <span class='ocrx_word' id='word_1_54' title='bbox 2339 1174 2445 1238; x_wconf 87' lang='lat' dir='ltr'>fol.</span> <span class='ocrx_word' id='word_1_55' title='bbox 2473 1172 2640 1237; x_wconf 60' lang='grc' dir='ltr'>206ιι</span> 
     </span>
     <span class='ocr_line' id='line_1_8' title="bbox 344 1275 2634 1362; baseline 0.003 -24"><span class='ocrx_word' id='word_1_56' title='bbox 344 1275 626 1341; x_wconf 68' lang='lat'>-219112</span> <span class='ocrx_word' id='word_1_57' title='bbox 688 1277 977 1362; x_wconf 85' lang='lat' dir='ltr'>Epitome</span> <span class='ocrx_word' id='word_1_58' title='bbox 1026 1283 1291 1361; x_wconf 88' lang='lat' dir='ltr'>quatuor</span> <span class='ocrx_word' id='word_1_59' title='bbox 1336 1277 1643 1343; x_wconf 88' lang='lat' dir='ltr'>librorum</span> <span class='ocrx_word' id='word_1_60' title='bbox 1690 1280 1764 1342; x_wconf 89' lang='lat' dir='ltr'>de</span> <span class='ocrx_word' id='word_1_61' title='bbox 1809 1277 2120 1342; x_wconf 88' lang='lat' dir='ltr'>institutis</span> <span class='ocrx_word' id='word_1_62' title='bbox 2167 1279 2634 1344; x_wconf 87' lang='lat' dir='ltr'>monachorum.</span> 
     </span>
     <span class='ocr_line' id='line_1_9' title="bbox 344 1379 2638 1466; baseline 0 -21"><span class='ocrx_word' id='word_1_63' title='bbox 344 1381 450 1446; x_wconf 86' lang='lat' dir='ltr'>fol.</span> <span class='ocrx_word' id='word_1_64' title='bbox 485 1379 933 1446; x_wconf 62' lang='lat' dir='ltr'>meh—247⁸:</span> <span class='ocrx_word' id='word_1_65' title='bbox 980 1383 1271 1466; x_wconf 86' lang='lat' dir='ltr'>Epitome</span> <span class='ocrx_word' id='word_1_66' title='bbox 1318 1385 1561 1466; x_wconf 87' lang='lat' dir='ltr'>septem</span> <span class='ocrx_word' id='word_1_67' title='bbox 1607 1382 1885 1465; x_wconf 87' lang='lat' dir='ltr'>priorum</span> <span class='ocrx_word' id='word_1_68' title='bbox 1925 1382 2385 1447; x_wconf 61' lang='lat' dir='ltr'>collationum?</span> <span class='ocrx_word' id='word_1_69' title='bbox 2434 1419 2520 1430; x_wconf 89' lang='lat'>—</span> <span class='ocrx_word' id='word_1_70' title='bbox 2565 1402 2638 1447; x_wconf 84' lang='lat' dir='ltr'>ex</span> 
     </span>
     <span class='ocr_line' id='line_1_10' title="bbox 344 1484 2636 1553; baseline 0.001 -3"><span class='ocrx_word' id='word_1_71' title='bbox 344 1486 445 1550; x_wconf 89' lang='lat' dir='ltr'>his</span> <span class='ocrx_word' id='word_1_72' title='bbox 506 1486 684 1552; x_wconf 89' lang='lat' dir='ltr'>libris</span> <span class='ocrx_word' id='word_1_73' title='bbox 746 1507 944 1552; x_wconf 90' lang='lat' dir='ltr'>unum</span> <span class='ocrx_word' id='word_1_74' title='bbox 1004 1487 1515 1552; x_wconf 85' lang='lat' dir='ltr'>uetustissimum</span> <span class='ocrx_word' id='word_1_75' title='bbox 1562 1507 1622 1551; x_wconf 90' lang='lat' dir='ltr'>n.</span> <span class='ocrx_word' id='word_1_76' title='bbox 1671 1484 1790 1549; x_wconf 82' lang='lat'>121</span> <span class='ocrx_word' id='word_1_77' title='bbox 1835 1505 1995 1550; x_wconf 90' lang='lat' dir='ltr'>saec.</span> <span class='ocrx_word' id='word_1_78' title='bbox 2038 1487 2196 1550; x_wconf 90' lang='lat' dir='ltr'>XIII</span> <span class='ocrx_word' id='word_1_79' title='bbox 2244 1506 2315 1552; x_wconf 89' lang='lat' dir='ltr'>eo</span> <span class='ocrx_word' id='word_1_80' title='bbox 2377 1487 2636 1553; x_wconf 84' lang='lat' dir='ltr'>consilio</span> 
     </span>
     <span class='ocr_line' id='line_1_11' title="bbox 345 1591 2637 1675; baseline 0.001 -21"><span class='ocrx_word' id='word_1_81' title='bbox 345 1592 589 1655; x_wconf 84' lang='lat' dir='ltr'>excussi</span> <span class='ocrx_word' id='word_1_82' title='bbox 650 1596 839 1674; x_wconf 86' lang='lat' dir='ltr'>atque</span> <span class='ocrx_word' id='word_1_83' title='bbox 886 1593 1185 1675; x_wconf 84' lang='lat' dir='ltr'>excerpsi,</span> <span class='ocrx_word' id='word_1_84' title='bbox 1248 1595 1320 1656; x_wconf 91' lang='lat' dir='ltr'>ut</span> <span class='ocrx_word' id='word_1_85' title='bbox 1382 1592 1640 1656; x_wconf 87' lang='lat' dir='ltr'>tandem</span> <span class='ocrx_word' id='word_1_86' title='bbox 1702 1591 2035 1674; x_wconf 88' lang='lat' dir='ltr'>aliquando</span> <span class='ocrx_word' id='word_1_87' title='bbox 2092 1591 2246 1656; x_wconf 89' lang='lat' dir='ltr'>certi</span> <span class='ocrx_word' id='word_1_88' title='bbox 2300 1592 2637 1674; x_wconf 89' lang='lat' dir='ltr'>quicquam</span> 
     </span>
     <span class='ocr_line' id='line_1_12' title="bbox 345 1696 2634 1780; baseline 0 -21"><span class='ocrx_word' id='word_1_89' title='bbox 345 1696 423 1759; x_wconf 92' lang='lat' dir='ltr'>de</span> <span class='ocrx_word' id='word_1_90' title='bbox 468 1716 533 1760; x_wconf 92' lang='lat' dir='ltr'>re</span> <span class='ocrx_word' id='word_1_91' title='bbox 594 1697 875 1760; x_wconf 90' lang='lat' dir='ltr'>nondum</span> <span class='ocrx_word' id='word_1_92' title='bbox 920 1697 1075 1761; x_wconf 88' lang='lat' dir='ltr'>satis</span> <span class='ocrx_word' id='word_1_93' title='bbox 1138 1696 1455 1760; x_wconf 83' lang='lat' dir='ltr'>illustrata</span> <span class='ocrx_word' id='word_1_94' title='bbox 1497 1696 1715 1761; x_wconf 84' lang='lat' dir='ltr'>referri</span> <span class='ocrx_word' id='word_1_95' title='bbox 1770 1699 1999 1780; x_wconf 86' lang='lat' dir='ltr'>posset.</span> <span class='ocrx_word' id='word_1_96' title='bbox 2073 1696 2363 1780; x_wconf 87' lang='lat' dir='ltr'>apparuit</span> <span class='ocrx_word' id='word_1_97' title='bbox 2424 1701 2634 1761; x_wconf 90' lang='lat' dir='ltr'>autem</span> 
     </span>
     <span class='ocr_line' id='line_1_13' title="bbox 346 1797 2639 1884; baseline -0 -21"><span class='ocrx_word' id='word_1_98' title='bbox 346 1818 485 1864; x_wconf 90' lang='lat' dir='ltr'>eam</span> <span class='ocrx_word' id='word_1_99' title='bbox 528 1799 675 1865; x_wconf 90' lang='lat' dir='ltr'>libri</span> <span class='ocrx_word' id='word_1_100' title='bbox 719 1804 985 1883; x_wconf 86' lang='lat' dir='ltr'>partem,</span> <span class='ocrx_word' id='word_1_101' title='bbox 1048 1819 1207 1884; x_wconf 88' lang='lat' dir='ltr'>quae</span> <span class='ocrx_word' id='word_1_102' title='bbox 1269 1802 1345 1866; x_wconf 97' lang='lat' dir='ltr'>ad</span> <span class='ocrx_word' id='word_1_103' title='bbox 1392 1800 1836 1865; x_wconf 89' lang='lat' dir='ltr'>Institutiones</span> <span class='ocrx_word' id='word_1_104' title='bbox 1896 1800 2170 1883; x_wconf 80' lang='lat' dir='ltr'>pertinet</span> <span class='ocrx_word' id='word_1_105' title='bbox 2214 1798 2350 1882; x_wconf 89' lang='lat' dir='ltr'>(fol.</span> <span class='ocrx_word' id='word_1_106' title='bbox 2383 1797 2510 1864; x_wconf 84' lang='lat'>206</span> <span class='ocrx_word' id='word_1_107' title='bbox 2525 1811 2639 1847; x_wconf 70' lang='lat'>⁵—</span> 
     </span>
     <span class='ocr_line' id='line_1_14' title="bbox 345 1901 2640 1988; baseline 0.003 -24"><span class='ocrx_word' id='word_1_108' title='bbox 345 1901 563 1988; x_wconf 70' lang='lat' dir='ltr'>219b),</span> <span class='ocrx_word' id='word_1_109' title='bbox 632 1905 1111 1970; x_wconf 82' lang='lat' dir='ltr'>translationem</span> <span class='ocrx_word' id='word_1_110' title='bbox 1183 1925 1319 1970; x_wconf 90' lang='lat' dir='ltr'>esse</span> <span class='ocrx_word' id='word_1_111' title='bbox 1390 1905 1694 1988; x_wconf 86' lang='lat' dir='ltr'>epitomes</span> <span class='ocrx_word' id='word_1_112' title='bbox 1757 1904 1833 1969; x_wconf 88' lang='lat' dir='ltr'>ab</span> <span class='ocrx_word' id='word_1_113' title='bbox 1893 1905 2200 1970; x_wconf 82' lang='lat' dir='ltr'>Eucherio</span> <span class='ocrx_word' id='word_1_114' title='bbox 2262 1905 2492 1971; x_wconf 85' lang='lat' dir='ltr'>factae:</span> <span class='ocrx_word' id='word_1_115' title='bbox 2566 1925 2640 1971; x_wconf 86' lang='lat' dir='ltr'>ea</span> 
     </span>
     <span class='ocr_line' id='line_1_15' title="bbox 346 2009 2637 2093; baseline 0.002 -21"><span class='ocrx_word' id='word_1_116' title='bbox 346 2026 517 2089; x_wconf 88' lang='lat' dir='ltr'>uero,</span> <span class='ocrx_word' id='word_1_117' title='bbox 579 2027 739 2091; x_wconf 90' lang='lat' dir='ltr'>quae</span> <span class='ocrx_word' id='word_1_118' title='bbox 792 2009 1058 2075; x_wconf 88' lang='lat' dir='ltr'>Photius</span> <span class='ocrx_word' id='word_1_119' title='bbox 1120 2012 1197 2074; x_wconf 90' lang='lat' dir='ltr'>de</span> <span class='ocrx_word' id='word_1_120' title='bbox 1256 2011 1442 2075; x_wconf 91' lang='lat' dir='ltr'>tertio</span> <span class='ocrx_word' id='word_1_121' title='bbox 1496 2009 1732 2090; x_wconf 89' lang='lat' dir='ltr'>libello,</span> <span class='ocrx_word' id='word_1_122' title='bbox 1794 2010 1900 2093; x_wconf 92' lang='lat' dir='ltr'>qui</span> <span class='ocrx_word' id='word_1_123' title='bbox 1947 2009 2121 2075; x_wconf 85' lang='lat' dir='ltr'>Conl.</span> <span class='ocrx_word' id='word_1_124' title='bbox 2165 2011 2218 2092; x_wconf 91' lang='lat' dir='ltr'>I,</span> <span class='ocrx_word' id='word_1_125' title='bbox 2258 2009 2344 2091; x_wconf 89' lang='lat' dir='ltr'>H,</span> <span class='ocrx_word' id='word_1_126' title='bbox 2387 2010 2512 2075; x_wconf 88' lang='lat' dir='ltr'>VH</span> <span class='ocrx_word' id='word_1_127' title='bbox 2571 2011 2637 2076; x_wconf 91' lang='lat' dir='ltr'>in</span> 
     </span>
     <span class='ocr_line' id='line_1_16' title="bbox 344 2114 2640 2196; baseline 0.001 -19"><span class='ocrx_word' id='word_1_128' title='bbox 344 2114 764 2196; x_wconf 88' lang='lat' dir='ltr'>conpendium</span> <span class='ocrx_word' id='word_1_129' title='bbox 824 2115 1108 2179; x_wconf 88' lang='lat' dir='ltr'>redactas</span> <span class='ocrx_word' id='word_1_130' title='bbox 1172 2115 1553 2196; x_wconf 86' lang='lat' dir='ltr'>continebat,</span> <span class='ocrx_word' id='word_1_131' title='bbox 1617 2115 1866 2180; x_wconf 88' lang='lat' dir='ltr'>disertis</span> <span class='ocrx_word' id='word_1_132' title='bbox 1928 2114 2140 2179; x_wconf 89' lang='lat' dir='ltr'>uerbis</span> <span class='ocrx_word' id='word_1_133' title='bbox 2186 2116 2486 2196; x_wconf 87' lang='lat' dir='ltr'>narrauit,</span> <span class='ocrx_word' id='word_1_134' title='bbox 2549 2117 2640 2182; x_wconf 86' lang='lat' dir='ltr'>ita</span> 
     </span>
     <span class='ocr_line' id='line_1_17' title="bbox 345 2217 2638 2303; baseline 0.001 -21"><span class='ocrx_word' id='word_1_135' title='bbox 345 2217 716 2284; x_wconf 85' lang='lat' dir='ltr'>confirmata</span> <span class='ocrx_word' id='word_1_136' title='bbox 746 2222 808 2283; x_wconf 92' lang='lat' dir='ltr'>et</span> <span class='ocrx_word' id='word_1_137' title='bbox 839 2218 1223 2303; x_wconf 84' lang='lat' dir='ltr'>conprobata</span> <span class='ocrx_word' id='word_1_138' title='bbox 1253 2223 1421 2300; x_wconf 87' lang='lat' dir='ltr'>sunt,</span> <span class='ocrx_word' id='word_1_139' title='bbox 1462 2223 1535 2284; x_wconf 91' lang='lat' dir='ltr'>ut</span> <span class='ocrx_word' id='word_1_140' title='bbox 1563 2219 1693 2284; x_wconf 89' lang='lat' dir='ltr'>iam</span> <span class='ocrx_word' id='word_1_141' title='bbox 1724 2219 1999 2284; x_wconf 88' lang='lat' dir='ltr'>dubitari</span> <span class='ocrx_word' id='word_1_142' title='bbox 2031 2223 2302 2302; x_wconf 85' lang='lat' dir='ltr'>nequeat</span> <span class='ocrx_word' id='word_1_143' title='bbox 2331 2221 2398 2284; x_wconf 88' lang='lat' dir='ltr'>in</span> <span class='ocrx_word' id='word_1_144' title='bbox 2428 2221 2638 2285; x_wconf 89' lang='lat' dir='ltr'>codice</span> 
     </span>
     <span class='ocr_line' id='line_1_18' title="bbox 346 2321 2638 2409; baseline 0 -22"><span class='ocrx_word' id='word_1_145' title='bbox 346 2321 818 2388; x_wconf 88' lang='lat' dir='ltr'>Uindobonensi</span> <span class='ocrx_word' id='word_1_146' title='bbox 844 2323 919 2386; x_wconf 92' lang='lat' dir='ltr'>de</span> <span class='ocrx_word' id='word_1_147' title='bbox 943 2323 1145 2388; x_wconf 90' lang='lat' dir='ltr'>tribus</span> <span class='ocrx_word' id='word_1_148' title='bbox 1170 2323 1401 2388; x_wconf 83' lang='lat' dir='ltr'>libellis</span> <span class='ocrx_word' id='word_1_149' title='bbox 1425 2343 1581 2408; x_wconf 89' lang='lat' dir='ltr'>quos</span> <span class='ocrx_word' id='word_1_150' title='bbox 1606 2324 1873 2389; x_wconf 88' lang='lat' dir='ltr'>Photius</span> <span class='ocrx_word' id='word_1_151' title='bbox 1896 2325 2135 2409; x_wconf 87' lang='lat' dir='ltr'>legerat</span> <span class='ocrx_word' id='word_1_152' title='bbox 2159 2325 2336 2406; x_wconf 80' lang='lat' dir='ltr'>duOS‚</span> <span class='ocrx_word' id='word_1_153' title='bbox 2360 2325 2638 2407; x_wconf 90' lang='lat' dir='ltr'>primum</span> 
     </span>
     <span class='ocr_line' id='line_1_19' title="bbox 344 2427 2636 2512; baseline 0.001 -21"><span class='ocrx_word' id='word_1_154' title='bbox 344 2430 413 2492; x_wconf 91' lang='lat' dir='ltr'>et</span> <span class='ocrx_word' id='word_1_155' title='bbox 442 2427 719 2509; x_wconf 87' lang='lat' dir='ltr'>tertium,</span> <span class='ocrx_word' id='word_1_156' title='bbox 754 2431 980 2493; x_wconf 88' lang='lat' dir='ltr'>extare.</span> <span class='ocrx_word' id='word_1_157' title='bbox 1023 2429 1275 2494; x_wconf 85' lang='lat' dir='ltr'>tertiam</span> <span class='ocrx_word' id='word_1_158' title='bbox 1308 2446 1455 2493; x_wconf 91' lang='lat' dir='ltr'>uero</span> <span class='ocrx_word' id='word_1_159' title='bbox 1488 2428 1824 2512; x_wconf 87' lang='lat' dir='ltr'>epitomen,</span> <span class='ocrx_word' id='word_1_160' title='bbox 1859 2429 1920 2493; x_wconf 92' lang='lat' dir='ltr'>id</span> <span class='ocrx_word' id='word_1_161' title='bbox 1953 2433 2050 2495; x_wconf 88' lang='lat' dir='ltr'>est</span> <span class='ocrx_word' id='word_1_162' title='bbox 2080 2428 2254 2494; x_wconf 86' lang='lat' dir='ltr'>Conl.</span> <span class='ocrx_word' id='word_1_163' title='bbox 2290 2429 2342 2511; x_wconf 85' lang='grc' dir='ltr'>Ι,</span> <span class='ocrx_word' id='word_1_164' title='bbox 2374 2429 2460 2510; x_wconf 89' lang='lat' dir='ltr'>II,</span> <span class='ocrx_word' id='word_1_165' title='bbox 2491 2430 2636 2512; x_wconf 87' lang='lat' dir='ltr'>VII,</span> 
     </span>
     <span class='ocr_line' id='line_1_20' title="bbox 346 2531 2642 2618; baseline 0 -22"><span class='ocrx_word' id='word_1_166' title='bbox 346 2531 425 2596; x_wconf 88' lang='lat' dir='ltr'>ab</span> <span class='ocrx_word' id='word_1_167' title='bbox 472 2532 779 2597; x_wconf 85' lang='lat' dir='ltr'>Eucherio</span> <span class='ocrx_word' id='word_1_168' title='bbox 826 2534 1177 2597; x_wconf 86' lang='lat' dir='ltr'>confectam</span> <span class='ocrx_word' id='word_1_169' title='bbox 1234 2553 1370 2598; x_wconf 91' lang='lat' dir='ltr'>esse</span> <span class='ocrx_word' id='word_1_170' title='bbox 1432 2553 1634 2616; x_wconf 84' lang='lat' dir='ltr'>neque</span> <span class='ocrx_word' id='word_1_171' title='bbox 1681 2532 1991 2599; x_wconf 83' lang='lat' dir='ltr'>Gennadii</span> <span class='ocrx_word' id='word_1_172' title='bbox 2045 2533 2254 2599; x_wconf 88' lang='lat' dir='ltr'>uerbis</span> <span class='ocrx_word' id='word_1_173' title='bbox 2304 2532 2642 2618; x_wconf 76' lang='lat' dir='ltr'>‘quaedam</span> 
     </span>
     <span class='ocr_line' id='line_1_21' title="bbox 346 2634 2642 2723; baseline 0.002 -24"><span class='ocrx_word' id='word_1_174' title='bbox 346 2634 685 2721; x_wconf 73' lang='lat' dir='ltr'>opuscula&#39;</span> <span class='ocrx_word' id='word_1_175' title='bbox 710 2640 922 2720; x_wconf 88' lang='lat' dir='ltr'>potest</span> <span class='ocrx_word' id='word_1_176' title='bbox 946 2637 1301 2702; x_wconf 87' lang='lat' dir='ltr'>confirmari</span> <span class='ocrx_word' id='word_1_177' title='bbox 1324 2657 1524 2720; x_wconf 91' lang='lat' dir='ltr'>neque</span> <span class='ocrx_word' id='word_1_178' title='bbox 1548 2638 1686 2703; x_wconf 89' lang='lat' dir='ltr'>ideo</span> <span class='ocrx_word' id='word_1_179' title='bbox 1713 2638 1949 2722; x_wconf 86' lang='lat' dir='ltr'>negari,</span> <span class='ocrx_word' id='word_1_180' title='bbox 1979 2639 2144 2721; x_wconf 90' lang='lat' dir='ltr'>quod</span> <span class='ocrx_word' id='word_1_181' title='bbox 2169 2640 2302 2703; x_wconf 87' lang='lat' dir='ltr'>eius</span> <span class='ocrx_word' id='word_1_182' title='bbox 2327 2640 2642 2723; x_wconf 86' lang='lat' dir='ltr'>exemplar</span> 
     </span>
     <span class='ocr_line' id='line_1_22' title="bbox 347 2742 2641 2828; baseline 0.001 -23"><span class='ocrx_word' id='word_1_183' title='bbox 347 2742 585 2807; x_wconf 88' lang='lat' dir='ltr'>mansit</span> <span class='ocrx_word' id='word_1_184' title='bbox 630 2743 904 2807; x_wconf 89' lang='lat' dir='ltr'>nullum:</span> <span class='ocrx_word' id='word_1_185' title='bbox 953 2761 1338 2825; x_wconf 91' lang='lat' dir='ltr'>quamquam</span> <span class='ocrx_word' id='word_1_186' title='bbox 1385 2743 1517 2825; x_wconf 87' lang='lat' dir='ltr'>ipse</span> <span class='ocrx_word' id='word_1_187' title='bbox 1564 2743 1697 2807; x_wconf 88' lang='lat' dir='ltr'>ueri</span> <span class='ocrx_word' id='word_1_188' title='bbox 1730 2743 2000 2807; x_wconf 85' lang='lat' dir='ltr'>similius</span> <span class='ocrx_word' id='word_1_189' title='bbox 2046 2748 2198 2826; x_wconf 92' lang='lat' dir='ltr'>puto</span> <span class='ocrx_word' id='word_1_190' title='bbox 2231 2744 2641 2828; x_wconf 88' lang='lat' dir='ltr'>interpretem</span> 
     </span>
     <span class='ocr_line' id='line_1_23' title="bbox 347 2844 2638 2930; baseline 0 -19"><span class='ocrx_word' id='word_1_191' title='bbox 347 2844 661 2911; x_wconf 86' lang='lat' dir='ltr'>Graecum</span> <span class='ocrx_word' id='word_1_192' title='bbox 719 2847 1034 2930; x_wconf 88' lang='lat' dir='ltr'>epitomen</span> <span class='ocrx_word' id='word_1_193' title='bbox 1079 2866 1273 2912; x_wconf 89' lang='lat' dir='ltr'>unam</span> <span class='ocrx_word' id='word_1_194' title='bbox 1318 2846 1397 2912; x_wconf 89' lang='lat' dir='ltr'>ab</span> <span class='ocrx_word' id='word_1_195' title='bbox 1446 2848 1666 2912; x_wconf 89' lang='lat' dir='ltr'>eodem</span> <span class='ocrx_word' id='word_1_196' title='bbox 1727 2848 1964 2911; x_wconf 87' lang='lat' dir='ltr'>factam</span> <span class='ocrx_word' id='word_1_197' title='bbox 2011 2852 2264 2913; x_wconf 88' lang='lat' dir='ltr'>auctore</span> <span class='ocrx_word' id='word_1_198' title='bbox 2313 2853 2375 2913; x_wconf 90' lang='lat' dir='ltr'>et</span> <span class='ocrx_word' id='word_1_199' title='bbox 2436 2846 2638 2913; x_wconf 85' lang='lat' dir='ltr'>tribus</span> 
     </span>
     <span class='ocr_line' id='line_1_24' title="bbox 345 2950 2639 3037; baseline 0.002 -23"><span class='ocrx_word' id='word_1_200' title='bbox 345 2950 579 3015; x_wconf 88' lang='lat' dir='ltr'>libellis</span> <span class='ocrx_word' id='word_1_201' title='bbox 643 2950 1007 3016; x_wconf 85' lang='lat' dir='ltr'>distinctam</span> <span class='ocrx_word' id='word_1_202' title='bbox 1068 2952 1134 3016; x_wconf 92' lang='lat' dir='ltr'>in</span> <span class='ocrx_word' id='word_1_203' title='bbox 1195 2970 1374 3017; x_wconf 86' lang='lat' dir='ltr'>suam</span> <span class='ocrx_word' id='word_1_204' title='bbox 1440 2952 1727 3037; x_wconf 85' lang='lat' dir='ltr'>linguam</span> <span class='ocrx_word' id='word_1_205' title='bbox 1789 2952 2196 3034; x_wconf 85' lang='lat' dir='ltr'>conuertisse,</span> <span class='ocrx_word' id='word_1_206' title='bbox 2265 2970 2457 3035; x_wconf 86' lang='lat' dir='ltr'>quam</span> <span class='ocrx_word' id='word_1_207' title='bbox 2517 2954 2639 3018; x_wconf 91' lang='lat' dir='ltr'>duo</span> 
     </span>
     <span class='ocr_line' id='line_1_25' title="bbox 348 3056 2640 3141; baseline 0.001 -22"><span class='ocrx_word' id='word_1_208' title='bbox 348 3057 651 3139; x_wconf 89' lang='lat' dir='ltr'>opuscula</span> <span class='ocrx_word' id='word_1_209' title='bbox 693 3056 942 3121; x_wconf 87' lang='lat' dir='ltr'>diuersa</span> <span class='ocrx_word' id='word_1_210' title='bbox 988 3060 1313 3121; x_wconf 89' lang='lat' dir='ltr'>auctorum</span> <span class='ocrx_word' id='word_1_211' title='bbox 1360 3057 1770 3122; x_wconf 89' lang='lat' dir='ltr'>diuersorum.</span> <span class='ocrx_word' id='word_1_212' title='bbox 1843 3058 1952 3121; x_wconf 89' lang='lat' dir='ltr'>sed</span> <span class='ocrx_word' id='word_1_213' title='bbox 1999 3058 2126 3121; x_wconf 90' lang='lat' dir='ltr'>iam</span> <span class='ocrx_word' id='word_1_214' title='bbox 2182 3076 2254 3121; x_wconf 90' lang='lat' dir='ltr'>ea</span> <span class='ocrx_word' id='word_1_215' title='bbox 2300 3057 2436 3141; x_wconf 89' lang='lat' dir='ltr'>ipsa</span> <span class='ocrx_word' id='word_1_216' title='bbox 2482 3076 2640 3140; x_wconf 86' lang='lat' dir='ltr'>quae</span> 
     </span>
     <span class='ocr_line' id='line_1_26' title="bbox 348 3160 2639 3246; baseline 0.001 -23"><span class='ocrx_word' id='word_1_217' title='bbox 348 3180 383 3223; x_wconf 92' lang='lat' dir='ltr'>e</span> <span class='ocrx_word' id='word_1_218' title='bbox 431 3161 639 3225; x_wconf 90' lang='lat' dir='ltr'>codice</span> <span class='ocrx_word' id='word_1_219' title='bbox 672 3161 947 3244; x_wconf 83' lang='lat' dir='ltr'>excerpsi</span> <span class='ocrx_word' id='word_1_220' title='bbox 980 3179 1121 3224; x_wconf 90' lang='lat' dir='ltr'>cum</span> <span class='ocrx_word' id='word_1_221' title='bbox 1156 3160 1366 3225; x_wconf 88' lang='lat' dir='ltr'>uerbis</span> <span class='ocrx_word' id='word_1_222' title='bbox 1400 3162 1705 3244; x_wconf 83' lang='lat' dir='ltr'>epitomes</span> <span class='ocrx_word' id='word_1_223' title='bbox 1737 3161 2219 3226; x_wconf 88' lang='lat' dir='ltr'>Institutionum</span> <span class='ocrx_word' id='word_1_224' title='bbox 2267 3165 2329 3225; x_wconf 91' lang='lat' dir='ltr'>et</span> <span class='ocrx_word' id='word_1_225' title='bbox 2359 3161 2639 3246; x_wconf 88' lang='lat' dir='ltr'>ipsarum</span> 
     </span>
     <span class='ocr_line' id='line_1_27' title="bbox 348 3264 1635 3350; baseline 0 -21"><span class='ocrx_word' id='word_1_226' title='bbox 348 3264 795 3329; x_wconf 84' lang='lat' dir='ltr'>Conlationum</span> <span class='ocrx_word' id='word_1_227' title='bbox 827 3264 878 3347; x_wconf 90' lang='lat' dir='ltr'>I,</span> <span class='ocrx_word' id='word_1_228' title='bbox 912 3265 997 3346; x_wconf 90' lang='lat' dir='ltr'>H,</span> <span class='ocrx_word' id='word_1_229' title='bbox 1030 3264 1152 3329; x_wconf 91' lang='lat' dir='ltr'>VII</span> <span class='ocrx_word' id='word_1_230' title='bbox 1199 3270 1635 3350; x_wconf 88' lang='lat' dir='ltr'>conparentur.</span> 
     </span>
    </p>
   </div>
   <div class='ocr_carea' id='block_1_3' title="bbox 348 3470 2640 3629">
    <p class='ocr_par' dir='ltr' id='par_1_3' title="bbox 348 3470 2640 3629">
     <span class='ocr_line' id='line_1_28' title="bbox 348 3470 2640 3541; baseline -0 -14"><span class='ocrx_word' id='word_1_231' title='bbox 348 3470 480 3527; x_wconf 85' lang='lat' dir='ltr'>Cod.</span> <span class='ocrx_word' id='word_1_232' title='bbox 526 3471 687 3527; x_wconf 90' lang='lat' dir='ltr'>Uind.</span> <span class='ocrx_word' id='word_1_233' title='bbox 736 3472 919 3527; x_wconf 86' lang='lat' dir='ltr'>Graec.</span> <span class='ocrx_word' id='word_1_234' title='bbox 956 3471 1029 3526; x_wconf 83' lang='lat'>11.</span> <span class='ocrx_word' id='word_1_235' title='bbox 1068 3472 1127 3526; x_wconf 88' lang='lat' dir='ltr'>E.</span> <span class='ocrx_word' id='word_1_236' title='bbox 1166 3472 1200 3525; x_wconf 94' lang='lat' dir='ltr'>i.</span> <span class='ocrx_word' id='word_1_237' title='bbox 1265 3472 1441 3541; x_wconf 84' lang='lat' dir='ltr'>(antea</span> <span class='ocrx_word' id='word_1_238' title='bbox 1546 3472 1792 3527; x_wconf 85' lang='lat' dir='ltr'>Eucherii</span> <span class='ocrx_word' id='word_1_239' title='bbox 1839 3472 2093 3541; x_wconf 86' lang='lat' dir='ltr'>epitomes</span> <span class='ocrx_word' id='word_1_240' title='bbox 2138 3488 2357 3541; x_wconf 88' lang='lat' dir='ltr'>operum</span> <span class='ocrx_word' id='word_1_241' title='bbox 2400 3472 2640 3528; x_wconf 80' lang='lat' dir='ltr'>Cassiani</span> 
     </span>
     <span class='ocr_line' id='line_1_29' title="bbox 546 3558 2543 3629; baseline 0.001 -17"><span class='ocrx_word' id='word_1_242' title='bbox 546 3558 727 3612; x_wconf 86' lang='lat' dir='ltr'>Theol.</span> <span class='ocrx_word' id='word_1_243' title='bbox 758 3560 879 3629; x_wconf 84' lang='lat'>121)</span> <span class='ocrx_word' id='word_1_244' title='bbox 916 3574 1049 3614; x_wconf 84' lang='lat' dir='ltr'>saec.</span> <span class='ocrx_word' id='word_1_245' title='bbox 1076 3559 1230 3613; x_wconf 84' lang='lat' dir='ltr'>xm.</span> <span class='ocrx_word' id='word_1_246' title='bbox 1639 3560 1776 3614; x_wconf 90' lang='lat' dir='ltr'>liber</span> <span class='ocrx_word' id='word_1_247' title='bbox 1811 3558 2016 3629; x_wconf 85' lang='lat' dir='ltr'>primus</span> <span class='ocrx_word' id='word_1_248' title='bbox 2053 3559 2271 3629; x_wconf 85' lang='lat' dir='ltr'>(Migne,</span> <span class='ocrx_word' id='word_1_249' title='bbox 2309 3562 2438 3613; x_wconf 89' lang='lat' dir='ltr'>tom.</span> <span class='ocrx_word' id='word_1_250' title='bbox 2463 3558 2543 3629; x_wconf 92' lang='lat' dir='ltr'>L).</span> 
     </span>
    </p>
   </div>
   <div class='ocr_carea' id='block_1_4' title="bbox 346 3680 1443 4070">
    <p class='ocr_par' dir='ltr' id='par_1_4' title="bbox 346 3680 1443 4070">
     <span class='ocr_line' id='line_1_30' title="bbox 438 3680 1439 3765; baseline -0.005 -19"><span class='ocrx_word' id='word_1_251' title='bbox 438 3682 545 3746; x_wconf 87' lang='lat' dir='ltr'>fol.</span> <span class='ocrx_word' id='word_1_252' title='bbox 570 3680 735 3745; x_wconf 74' lang='lat'>206⁸</span> <span class='ocrx_word' id='word_1_253' title='bbox 760 3680 985 3765; x_wconf 87' lang='lat' dir='ltr'>(rubr.)</span> <span class='ocrx_word' id='word_1_254' title='bbox 1010 3684 1122 3743; x_wconf 80' lang='grc' dir='ltr'>Τοῦ</span> <span class='ocrx_word' id='word_1_255' title='bbox 1152 3684 1297 3744; x_wconf 83' lang='grc' dir='ltr'>ὁσίου</span> <span class='ocrx_word' id='word_1_256' title='bbox 1327 3704 1439 3741; x_wconf 88' lang='grc' dir='ltr'>πα-</span> 
     </span>
     <span class='ocr_line' id='line_1_31' title="bbox 346 3786 1443 3869; baseline -0.001 -22"><span class='ocrx_word' id='word_1_257' title='bbox 346 3789 476 3869; x_wconf 67' lang='grc' dir='ltr'>τρός</span> <span class='ocrx_word' id='word_1_258' title='bbox 518 3789 675 3865; x_wconf 82' lang='grc' dir='ltr'><strong>ἡμῶν</strong></span> <span class='ocrx_word' id='word_1_259' title='bbox 722 3792 982 3849; x_wconf 79' lang='grc' dir='ltr'>κασιανοῦ</span> <span class='ocrx_word' id='word_1_260' title='bbox 1026 3792 1119 3849; x_wconf 80' lang='grc' dir='ltr'>τοῦ</span> <span class='ocrx_word' id='word_1_261' title='bbox 1166 3786 1443 3862; x_wconf 83' lang='grc' dir='ltr'>Ῥωμαίου</span> 
     </span>
     <span class='ocr_line' id='line_1_32' title="bbox 346 3890 1440 3975; baseline -0.004 -22"><span class='ocrx_word' id='word_1_262' title='bbox 346 3894 485 3971; x_wconf 72' lang='grc' dir='ltr'>πρὸς</span> <span class='ocrx_word' id='word_1_263' title='bbox 514 3893 773 3975; x_wconf 81' lang='grc' dir='ltr'>Κάστορα</span> <span class='ocrx_word' id='word_1_264' title='bbox 816 3893 1109 3955; x_wconf 80' lang='grc' dir='ltr'>ἐπίσκοπον</span> <span class='ocrx_word' id='word_1_265' title='bbox 1154 3890 1279 3973; x_wconf 81' lang='grc' dir='ltr'>περὶ</span> <span class='ocrx_word' id='word_1_266' title='bbox 1325 3892 1440 3951; x_wconf 83' lang='grc' dir='ltr'>δια-</span> 
     </span>
     <span class='ocr_line' id='line_1_33' title="bbox 348 3996 1443 4070; baseline -0.005 -13"><span class='ocrx_word' id='word_1_267' title='bbox 348 3999 643 4070; x_wconf 60' lang='lat' dir='ltr'>mecam</span> <span class='ocrx_word' id='word_1_268' title='bbox 696 3996 793 4059; x_wconf 75' lang='grc' dir='ltr'>καὶ</span> <span class='ocrx_word' id='word_1_269' title='bbox 842 3999 1087 4059; x_wconf 73' lang='grc' dir='ltr'>κανόνων</span> <span class='ocrx_word' id='word_1_270' title='bbox 1140 4002 1248 4057; x_wconf 84' lang='grc' dir='ltr'>τῶν</span> <span class='ocrx_word' id='word_1_271' title='bbox 1300 3996 1443 4056; x_wconf 79' lang='grc' dir='ltr'>κατὰ</span> 
     </span>
    </p>
   </div>
   <div class='ocr_carea' id='block_1_5' title="bbox 722 3792 914 3802">
    <p class='ocr_par' dir='ltr' id='par_1_5' title="bbox 722 3792 914 3802">
     <span class='ocr_line' id='line_1_34' title="bbox 722 3792 914 3802; baseline 0 0"><span class='ocrx_word' id='word_1_272' title='bbox 722 3792 914 3802; x_wconf 95' lang='lat' dir='ltr'> </span> 
     </span>
    </p>
   </div>
   <div class='ocr_carea' id='block_1_6' title="bbox 346 4100 2099 4478">
    <p class='ocr_par' dir='ltr' id='par_1_6' title="bbox 347 4100 1441 4284">
     <span class='ocr_line' id='line_1_35' title="bbox 347 4100 1441 4181; baseline -0.001 -19"><span class='ocrx_word' id='word_1_273' title='bbox 347 4102 448 4178; x_wconf 80' lang='grc' dir='ltr'>τὴν</span> <span class='ocrx_word' id='word_1_274' title='bbox 480 4100 755 4181; x_wconf 82' lang='grc' dir='ltr'>Αἴγυπτον</span> <span class='ocrx_word' id='word_1_275' title='bbox 794 4100 888 4163; x_wconf 73' lang='grc' dir='ltr'>καὶ</span> <span class='ocrx_word' id='word_1_276' title='bbox 934 4101 1209 4177; x_wconf 81' lang='grc' dir='ltr'><strong>ἀνατολὴν</strong></span> <span class='ocrx_word' id='word_1_277' title='bbox 1254 4120 1441 4161; x_wconf 79' lang='grc' dir='ltr'>κοινο-</span> 
     </span>
     <span class='ocr_line' id='line_1_36' title="bbox 349 4205 1440 4284; baseline 0.001 -19"><span class='ocrx_word' id='word_1_278' title='bbox 349 4206 485 4281; x_wconf 74' lang='grc' dir='ltr'>βίων</span> <span class='ocrx_word' id='word_1_279' title='bbox 544 4205 638 4266; x_wconf 78' lang='grc' dir='ltr'>καὶ</span> <span class='ocrx_word' id='word_1_280' title='bbox 704 4212 801 4284; x_wconf 85' lang='grc' dir='ltr'>τῆς</span> <span class='ocrx_word' id='word_1_281' title='bbox 866 4207 1066 4267; x_wconf 80' lang='grc' dir='ltr'>τούτων</span> <span class='ocrx_word' id='word_1_282' title='bbox 1137 4205 1440 4284; x_wconf 77' lang='grc' dir='ltr'><strong>διαγωγῆς.</strong></span> 
     </span>
    </p>

    <p class='ocr_par' dir='ltr' id='par_1_7' title="bbox 346 4304 2099 4478">
     <span class='ocr_line' id='line_1_37' title="bbox 439 4304 2099 4393; baseline -0.004 -20"><span class='ocrx_word' id='word_1_283' title='bbox 439 4310 721 4391; x_wconf 88' lang='lat' dir='ltr'>sequitur</span> <span class='ocrx_word' id='word_1_284' title='bbox 760 4310 826 4374; x_wconf 90' lang='lat' dir='ltr'>in</span> <span class='ocrx_word' id='word_1_285' title='bbox 868 4310 989 4374; x_wconf 90' lang='lat' dir='ltr'>hac</span> <span class='ocrx_word' id='word_1_286' title='bbox 1027 4308 1259 4393; x_wconf 88' lang='lat' dir='ltr'>pagina</span> <span class='ocrx_word' id='word_1_287' title='bbox 1302 4325 1444 4390; x_wconf 87' lang='lat' dir='ltr'>pro·</span> <span class='ocrx_word' id='word_1_288' title='bbox 1548 4306 1628 4371; x_wconf 89' lang='lat' dir='ltr'>cf.</span> <span class='ocrx_word' id='word_1_289' title='bbox 1660 4328 1720 4391; x_wconf 89' lang='lat' dir='ltr'>p.</span> <span class='ocrx_word' id='word_1_290' title='bbox 1756 4304 2099 4369; x_wconf 75' lang='lat'>867-868</span> 
     </span>
     <span class='ocr_line' id='line_1_38' title="bbox 346 4413 1120 4478; baseline -0.001 -1"><span class='ocrx_word' id='word_1_291' title='bbox 346 4414 629 4478; x_wconf 88' lang='lat' dir='ltr'>oemium</span> <span class='ocrx_word' id='word_1_292' title='bbox 672 4413 1120 4477; x_wconf 88' lang='lat' dir='ltr'>breuissimum</span> 
     </span>
    </p>
   </div>
  </div>
 </body>
</html>
