3167 4975
523 402 662 463 IIII

525 570 1063 637 coenobiorum
1093 573 1400 658 eoeperti
1439 570 1887 637 Orientalium
1914 572 2316 657 mamimequc
2346 569 2817 659 Acyyptiorum

525 677 835 740 instituta
865 675 1170 763 fundari
1217 679 1379 743 uelle
1423 680 1634 743 refert.
1704 679 1759 743 si
1801 678 1951 761 quid
1982 682 2305 761 praeterea
2334 679 2639 761 suspicari
2668 679 2817 742 licet

525 783 840 864 (conuinci
886 783 1056 848 enim
1100 784 1167 847 in
1211 783 1333 848 hac
1375 802 1442 847 re
1488 784 1649 848 nihil
1692 782 1951 867 potest),
2000 782 2340 848 Cassianus
2386 783 2453 847 in
2494 783 2818 865 prouincia

525 892 757 969 uetere,
813 906 974 971 quae
1029 888 1214 953 hodie
1267 889 1585 954 Provence
1644 888 2015 971 appellatur,
2071 891 2259 951 natus
2317 890 2467 951 erat.
2548 906 2695 951 nam
2752 892 2817 952 et

523 996 658 1078 ipse
713 998 858 1077 post
916 994 1191 1057 reditum
1244 1012 1317 1057 ex
1364 992 1619 1059 Oriente
1680 993 1852 1057 nullo
1908 992 2029 1056 alio
2076 993 2211 1057 loco
2256 1010 2448 1074 quam
2492 992 2815 1057 Massiliae

524 1097 812 1183 degebat,
854 1096 964 1163 ubi
996 1097 1117 1162 duo
1147 1098 1550 1178 monasteria,
1599 1116 1797 1161 unum
1830 1097 2129 1175 uirorum,
2177 1096 2446 1160 alterum
2479 1097 2815 1161 mulierum

524 1202 821 1285 condidit,
882 1222 1042 1285 quae
1097 1201 1409 1267 Gennadii
1469 1206 1674 1267 aetate
1736 1200 2055 1281 extabant,
2075 1199 2119 1283 ¹)
2184 1219 2385 1282 neque
2446 1202 2679 1265 amicos
2744 1220 2815 1265 ac

523 1308 868 1373 familiares
930 1308 1052 1372 nisi
1111 1307 1178 1371 in
1223 1306 1584 1391 regionibus
1631 1306 1919 1370 finitimis
1966 1304 2259 1369 habebat.
2335 1303 2600 1370 Castor
2645 1306 2815 1369 enim

524 1414 851 1497 episcopus
897 1412 1105 1496 Aptae
1159 1412 1300 1493 fuit,
1363 1411 1726 1476 Leontius
1782 1412 2110 1493 episcopus
2157 1408 2302 1473 Fori
2346 1409 2513 1489 Iulii,
2573 1410 2815 1474 Hono-

521 1521 734 1583 ratus
775 1518 1104 1601 episcopus
1137 1515 1493 1601 ArelatiS,²)
1526 1520 1715 1580 antea
1744 1516 1984 1598 primus
2018 1514 2214 1579 abbas
2246 1515 2613 1579 monasterii
2642 1514 2816 1578 Leri-

524 1624 758 1703 11011515,
813 1621 1228 1686 Eucherius
1286 1621 1612 1704 episcopus
1659 1620 1973 1704 Lugduni,
2019 1619 2494 1699 IouinianuS,
2540 1618 2816 1682 Miner-

523 1727 721 1807 111115,
793 1727 950 1792 alter
1017 1726 1274 1808 quidam
1333 1725 1726 1805 LeontiuS,
1796 1724 2229 1788 Theodorus
2297 1723 2363 1787 in
2430 1724 2811 1788 monasterio

523 1829 944 1896 Stoechadum
989 1831 1340 1895 insularum
1386 1828 1717 1914 degebant.
1797 1846 2020 1912 parum
2068 1829 2143 1892 de
2188 1828 2538 1892 Helladio
2592 1828 2813 1909 liquet,

523 1954 712 2017 quem
771 1936 836 1999 in
897 1936 1092 2019 praef.
1145 1935 1221 1998 ad
1269 1934 1442 2000 Gonl.
1493 1938 1653 2018 part.
1705 1934 1737 1997 I
1781 1932 2164 1997 monachum
2212 1951 2323 1996 5011
2368 1930 2685 2011 abbatem,
2749 1932 2813 1995 in

522 2041 715 2124 praef.
761 2041 839 2104 ad
886 2040 1060 2106 Gonl.
1094 2043 1253 2123 part.
1288 2040 1352 2103 II
1399 2040 1761 2123 episcopum
1823 2038 2019 2102 fuisse
2080 2036 2414 2121 significat.
2480 2036 2584 2100 ille
2646 2037 2813 2100 enim

521 2144 872 2226 HelladiuS,
919 2164 1108 2227 quem
1155 2144 1448 2209 nouimus
1496 2144 1661 2207 circa
1706 2160 1759 2207 a.
1804 2141 1928 2205 361
1981 2142 2345 2225 episcopum
2390 2139 2813 2204 Autissiodori

523 2252 957 2313 consecratum
1006 2254 1070 2313 et
1113 2253 1258 2333 post
1305 2267 1358 2312 a.
1394 2246 1524 2311 370
1569 2252 1891 2312 mortuum
1939 2265 2097 2326 esse,
2146 2248 2350 2309 aetate
2398 2245 2597 2309 multo
2643 2245 2811 2327 prior

523 2355 645 2418 fuit
690 2372 880 2436 quam
929 2357 999 2417 111
1045 2354 1208 2417 inter
1257 2352 1544 2418 Cassiani
1592 2353 1826 2416 amicos
1874 2370 2012 2415 esse
2055 2350 2348 2434 potuerit.

607 2458 954 2541 Postquam
986 2458 1559 2524 demonstrauimus
1592 2455 1967 2522 Cassianum
2012 2455 2266 2521 natione
2298 2452 2553 2520 Gallum
2594 2453 2813 2534 fuisse,

523 2565 823 2629 Romanis
869 2563 1238 2648 parentibus
1286 2582 1489 2645 neque
1534 2561 1883 2626 humilibus
1931 2580 2133 2643 neque
2166 2561 2380 2644 egenis
2411 2565 2641 2641 ortum,
2686 2561 2814 2622 dis-

523 2669 756 2752 ciplina
784 2669 1072 2733 Romana
1101 2668 1256 2733 satis
1289 2668 1644 2752 diligenter,
1678 2671 1749 2730 ut
1782 2670 1918 2730 tum
1950 2669 2130 2730 erant
2160 2669 2463 2749 tempora,
2496 2664 2812 2744 inbutum,

519 2776 720 2838 restat
780 2777 852 2837 ut
911 2773 1294 2857 explicemus
1357 2790 1635 2855 quanam
1699 2771 1941 2835 ratione
2001 2768 2136 2833 fieri
2195 2771 2487 2852 potuerit,
2552 2773 2623 2833 ut
2680 2769 2813 2832 siue

522 2876 886 2942 Gennadius
948 2878 1082 2960 ipse
1145 2877 1279 2940 siue
1341 2877 1448 2958 qui
1493 2875 1691 2940 uerba
1735 2875 1869 2938 eius
1916 2873 2324 2958 interpolauit
2370 2875 2448 2938 ad
2503 2873 2813 2937 insulsam

522 2982 696 3046 illam
759 2983 1116 3066 opinionem
1178 2982 1254 3045 de
1313 2979 1608 3064 Scythica
1669 2979 1955 3045 Cassiani
2026 2979 2264 3063 origine
2331 2978 2417 3043 sit
2485 2978 2809 3041 adductus

523 3087 700 3151 cuius
761 3088 851 3151 rei
913 3087 1105 3150 aliam
1163 3103 1420 3150 causam
1480 3103 1609 3149 non
1654 3083 1906 3149 inuenio
1953 3083 2077 3148 nisi
2133 3083 2297 3166 quod
2342 3083 2475 3166 ipse
2522 3082 2587 3146 in
2632 3080 2813 3145 libris

524 3191 654 3254 suis
686 3193 761 3254 de
785 3191 1105 3255 Institutis
1137 3189 1666 3255 monasteriorum
1697 3191 1760 3252 et
1790 3189 1855 3252 in
1881 3186 2356 3254 conlationibus
2388 3191 2641 3270 patrum
2673 3205 2813 3269 per-

523 3314 708 3378 saepe
739 3296 860 3360 loci
891 3295 1218 3359 cuiusdam
1241 3294 1614 3378 Aegyptiaci
1640 3293 2027 3357 mentionem
2050 3293 2222 3372 facit,
2256 3291 2362 3373 qui
2390 3309 2427 3355 a
2448 3291 2812 3354 Ptolemaeo

523 3399 743 3472 Σκιαθὶς
789 3400 890 3464 1101
935 3401 1200 3475 Σκιαθικὴ
1261 3397 1417 3482 (uar.
1453 3399 1597 3462 lect.
1630 3396 1923 3479 Σκιθιακὴ)
1982 3393 2163 3478 χώρα,
2222 3396 2285 3459 in
2330 3395 2509 3460 libris
2557 3398 2811 3478 patrum

524 3505 1091 3568 ecclesiasticorum
1137 3501 1518 3568 Graecorum
1564 3503 1766 3578 Σκῆτις
1810 3501 1909 3565 uel
1958 3503 2177 3578 Σκήτις,
2240 3500 2305 3564 111
2351 3500 2501 3564 111115
2555 3502 2807 3582 patrum

525 3605 814 3696 Scythia,
865 3605 1119 3692 Scythis
1153 3608 1316 3688 sim.,
1366 3625 1404 3670 a
1433 3606 1735 3671 Cassiano
1766 3606 1903 3688 ipso
1934 3601 2232 3680 Scitium,
2267 3604 2558 3666 heremus
2591 3599 2810 3679 scitii,

521 3713 814 3775 heremus
861 3711 1204 3776 Scitiotica
1249 3712 1619 3794 appellatur.
1698 3728 1844 3773 cum
1904 3714 2115 3774 autem
2175 3709 2385 3772 etiam·
2414 3709 2477 3772 in
2524 3706 2812 3772 Cassiani

523 3817 839 3882 codicibus
887 3821 950 3881 et
995 3817 1250 3899 quidem
1297 3815 1757 3898 antiquissimis
1812 3813 1981 3879 haud
2024 3831 2165 3878 raro
2210 3815 2415 3877 forma
2460 3809 2657 3896 Scyth
2691 3857 2706 3872 .
2744 3857 2757 3872 .
2794 3857 2809 3872 .

614 4096 652 4165 ¹)
687 4095 809 4150 1.1.:
847 4096 1000 4165 apud
1032 4096 1346 4150 Massiliam
1373 4095 1653 4166 presbyter
1690 4093 1937 4149 condidit
1973 4093 2081 4147 duo
2118 4093 2463 4158 ”master-ia,
2500 4090 2562 4144 id
2597 4095 2689 4160 est,
2724 4090 2811 4144 ui-

521 4201 708 4239 rorum
743 4201 810 4239 ac
845 4185 1146 4252 nautiorum,
1185 4200 1320 4252 quae
1353 4198 1521 4251 usque
1555 4183 1716 4236 hodie
1750 4187 1979 4236 exstant.

621 4272 663 4342 2)
701 4270 766 4324 cf.
791 4269 1031 4323 Hilarius
1067 4269 1404 4333 111-0101011515,
1443 4269 1570 4322 Uita
1606 4269 1656 4322 S.
1684 4267 1945 4321 Honorati
1982 4265 2211 4336 episcopi
2248 4265 2573 4320 Arelatensis
2611 4264 2813 4334 (Migne

522 4359 584 4429 L,
609 4375 658 4428 p.
689 4359 858 4428 1249).
