3167 4975
2382 458 2551 517 XLV

265 628 416 693 Inst.
452 627 536 709 ΙΙ,
562 626 624 707 9,
661 628 718 692 1.
755 628 904 707 IIII,
936 628 994 691 2.
1030 666 1115 674 -
1149 628 1356 707 VIHI,
1389 627 1450 709 5,
1483 627 1675 691 2-4.
1724 627 2063 692 Cassianus
2095 629 2245 692 dum
2280 628 2551 711 explicat

262 734 468 797 locum
529 733 844 817 euangelii
891 733 1039 797 Luc.
1083 732 1187 813 21,
1229 732 1314 796 34
1359 752 1546 815 quem
1604 752 1735 816 cap.
1767 731 1831 811 4,
1864 731 1905 794 2
1960 732 2270 797 laudauit:
2332 730 2551 795 uidete

261 858 340 899 ue
397 836 659 921 quando
705 846 1074 923 yrauentur
1120 836 1322 899 corda
1377 846 1605 899 uest-ra
1660 837 1735 899 in
1779 835 2067 922 crapula
2120 846 2181 899 et
2242 835 2551 901 ebrietate

263 950 321 1003 et
363 941 547 1003 euris
591 940 1076 1017 saecularibus,
1138 942 1358 1007 docere
1414 942 1639 1006 nititur
1686 961 1811 1007 non
1858 943 2061 1006 solum
2117 943 2440 1026 crapulam
2488 946 2551 1007 et

265 1046 632 1111 ebrietatem
679 1048 814 1111 uini
859 1066 1164 1129 curasque
1211 1066 1370 1129 quae
1419 1048 1607 1131 uulgo
1656 1047 2009 1111 saeculares
2038 1050 2343 1130 putantur
2387 1048 2551 1111 inter

265 1152 550 1217 homines
583 1152 866 1233 existere,
909 1154 1015 1216 sed
1049 1153 1238 1216 aliam
1270 1171 1516 1236 quoque
1547 1152 1889 1236 crapulam,
1938 1152 2128 1217 aliam
2160 1152 2548 1233 ebrietatem,

267 1257 418 1321 alias
458 1276 641 1321 curas
675 1258 1046 1337 saeculareS,
1097 1275 1218 1321 non
1252 1258 1533 1321 carnales
1567 1258 1807 1322 scilicet
1852 1258 1962 1321 sed
1992 1258 2328 1341 spiritales,
2381 1262 2550 1322 recte

269 1362 454 1445 igitur
485 1382 554 1425 se
585 1360 778 1427 habet
809 1363 972 1445 quod
1005 1362 1370 1445 scripsimus
1402 1364 1460 1441 ξ.
1494 1362 1538 1425 4
1567 1361 1727 1445 quia
1772 1360 2031 1424 omnino
2076 1366 2140 1427 et
2184 1362 2345 1427 bene
2390 1381 2550 1444 quae

269 1468 610 1548 sequuntur
641 1466 978 1531 cohaerent
1009 1485 1154 1530 cum
1197 1465 1715 1548 praecedentibus
1758 1486 1957 1549 neque
1990 1471 2211 1551 aptum
2257 1472 2355 1532 est
2384 1468 2551 1549 quod

269 1571 449 1636 editio
479 1570 768 1635 Romana
797 1570 1051 1635 exhibet
1081 1572 1142 1653 (e
1189 1572 1347 1635 coni.
1383 1574 1456 1635 ut
1500 1571 1775 1654 uidetur)
1812 1581 2094 1656 propter
2136 1595 2299 1658 quae
2332 1572 2551 1635 omnia

271 1694 376 1739 nec
435 1675 600 1757 quod
647 1676 970 1739 Hartelius
1031 1675 1355 1759 proposuit
1404 1696 1532 1759 per
1575 1696 1741 1758 quae
1786 1675 2028 1754 omnia,
2090 1696 2237 1742 cum
2274 1698 2403 1763 per
2448 1678 2549 1742 uel

261 1788 535 1863 propter
581 1798 782 1861 neque
830 1780 908 1844 ad
952 1782 1121 1845 locos
1164 1780 1508 1863 scripturae
1552 1782 1997 1864 praecedentes
2044 1801 2245 1865 neque
2294 1784 2369 1847 ad
2416 1801 2550 1848 cra-

269 1884 490 1967 pulam'
523 1889 588 1948 et
634 1884 1004 1949 ebrietatem
1051 1889 1111 1948 et
1159 1903 1338 1948 curas
1384 1885 1584 1968 possit
1628 1886 1865 1949 referri.
1914 1888 2263 1951 sententiae
2295 1888 2549 1953 omnino

273 1988 626 2053 sufficerent
671 2008 830 2071 quae
862 1988 926 2051 X
953 2009 1024 2053 ex
1069 1990 1552 2072 interpolatione
1583 1989 1836 2055 exhibet
1864 2011 2029 2074 quae
2075 1991 2295 2053 omnia
2326 1990 2551 2055 docent

271 2091 437 2173 quia.
485 2093 650 2174 quod
698 2097 912 2158 autem
957 2094 1256 2158 orationis
1303 2098 1482 2157 tenor
1528 2094 1933 2177 conpluribus
1980 2097 2311 2161 sententiis
2357 2097 2550 2161 inter-

272 2196 438 2261 iectis
503 2196 999 2281 interrumpitur,
1061 2198 1122 2262 id
1187 2218 1262 2262 ne
1319 2199 1584 2279 mireris,
1649 2200 1933 2263 conferas
1994 2201 2173 2281 XIII,
2206 2201 2266 2281 6,
2308 2200 2349 2265 5
2410 2200 2549 2285 (ubi

273 2302 578 2366 sententia
623 2302 951 2367 interiecta
997 2303 1286 2367 similiter
1333 2303 1580 2385 incipit:
1646 2302 1723 2366 de
1767 2301 2004 2387 quibus
2052 2314 2112 2367 et
2155 2304 2547 2390 apostolus),

273 2406 470 2486 XIIII,
510 2405 610 2488 17,
641 2404 684 2469 5
719 2404 827 2490 (de
872 2405 1108 2491 quibua
1143 2405 1448 2494 dicitur),
1495 2408 1635 2491 XX,
1669 2407 1729 2488 8,
1762 2408 1823 2490 6,
1871 2410 2042 2491 XXI,
2076 2408 2180 2491 36,
2214 2407 2274 2492 2,
2306 2412 2546 2494 XXIII,

273 2510 328 2590 3,
357 2511 417 2592 3,
449 2512 722 2592 XXIIII,
753 2512 852 2593 11,
885 2513 945 2576 3.
979 2511 1084 2592 20,
1117 2511 1178 2592 3,
1212 2514 1368 2577 Inst.
1401 2513 1486 2594 II,
1511 2512 1573 2594 5,
1613 2514 1669 2594 1,
1702 2515 1851 2596 ΙΠΙ,
1884 2514 1943 2578 2.
1978 2553 2063 2562 -
2095 2517 2304 2598 VIIII,
2335 2517 2413 2578 19
2438 2517 2543 2582 fin.

261 2611 572 2696 futuram
631 2615 790 2699 (scil.
851 2618 1146 2701 mentem)
1218 2615 1304 2680 W
1353 2622 1538 2682 recte.
1589 2619 1667 2682 cf.
1716 2619 1967 2684 initium
2030 2621 2253 2705 capitis
2308 2621 2547 2706 petitio

271 2719 487 2782 mentis
523 2718 936 2804 purissimae
979 2719 1304 2784 aduenire
1349 2721 1484 2784 iam
1538 2721 1793 2806 iamque
1840 2745 2108 2810 requam
2150 2725 2283 2788 sui
2322 2725 2544 2810 patris

275 2832 544 2907 exoptat.

1197 2977 1613 2986 ——-————

367 3186 926 3274 0AP.1111.1)E
990 3189 1484 3275 OODIGIBUS
1549 3191 2057 3276 SECUNDAE
2122 3194 2457 3280 PARTIS

1013 3328 1701 3414 OONLATIONUM.

362 3554 411 3621 1.
443 3557 933 3623 Sessorianus
967 3559 1074 3622 LV
1109 3577 1269 3624 saec.
1306 3559 1695 3641 VII—VIII,
1731 3561 1933 3625 forma
1962 3563 2221 3638 minore,
2255 3564 2547 3632 foliorum

280 3657 414 3742 200,
457 3663 620 3728 foliis
667 3661 1008 3725 89-129ιι
1054 3663 1338 3728 Cassiani
1386 3665 1788 3729 Conlationes
1836 3666 2198 3732 XI—XVII
2245 3672 2545 3738 continet.

280 3763 340 3828 in
365 3765 464 3830 fol.
499 3765 614 3830 89ιι
646 3767 1030 3850 praemissus
1065 3772 1162 3832 est
1195 3769 1540 3832 indiculus:
1592 3767 1771 3832 Haec
1812 3769 2039 3832 insu-ut
2079 3770 2150 3832 in
2191 3772 2304 3834 hoc
2334 3773 2546 3839 codice

280 3867 653 3934 conlationes
699 3879 936 3956 septem
967 3871 1042 3934 id
1086 3881 1194 3935 eet.
1239 3870 1497 3935 abbatis
1529 3873 1966 3937 chaeremonis
2000 3874 2074 3937 de
2110 3873 2117 3962 Ι
2145 3875 2545 3962 perfec-tione

280 3972 543 4038 eiusdem
577 3975 653 4038 de
686 3976 983 4039 castitate
1030 3976 1318 4040 eiusdem
1350 3977 1424 4039 de
1464 3978 1862 4062 *protectione
1911 3962 1993 4041 dv?
2023 3977 2032 4067 Ι
2072 3979 2329 4044 abbatis
2378 4013 2403 4040 t
2449 4013 2473 4041 *
2520 4013 2543 4041 ᾳ

281 4075 466 4157 (4-5
506 4082 754 4147 litterae
802 4083 1041 4164 erasae)
1085 4081 1418 4144 nestoritie
1468 4081 1545 4144 de
1590 4083 1899 4168 spiritali
1942 4085 2219 4146 scientia
2264 4085 2542 4150 eiusdem

283 4179 354 4242 de
409 4183 800 4247 carismatib’
849 4184 1106 4249 diuinis
1147 4185 1156 4272 Ι
1197 4186 1453 4250 abbatis
1501 4187 1721 4273 ioseph
1784 4187 1860 4250 de
1906 4188 2205 4252 amicitia
2264 4191 2547 4255 eiusdem

283 4283 356 4347 de
397 4285 768 4370 definiendo.
819 4292 896 4356 cf.
931 4291 1399 4373 Reifferscheid,
1431 4293 1628 4356 BPLI
1658 4295 1709 4374 I,
1742 4314 1801 4377 p.
1838 4293 1981 4358 116.
2032 4297 2220 4360 codex
2252 4298 2547 4362 emenda-

281 4390 506 4456 tissime
551 4395 822 4478 scriptus
869 4401 934 4460 et
965 4397 1181 4479 paucis
1230 4400 1478 4460 tantum
1527 4399 1680 4462 locis
1729 4404 1837 4464 aut
1884 4419 1921 4463 a
1964 4401 2167 4482 prima
2199 4419 2391 4465 manu
2438 4405 2549 4466 aut
