3167 4975
497 446 624 509 114
1311 443 1627 496 Iohannis
1674 441 1975 498 Cassiani

580 621 696 685 m.
747 620 1063 701 Quantum
1120 621 1199 685 ad
1259 620 1685 703 superandum
1749 618 2175 683 fornicationis
2242 618 2466 683 uitium
2528 618 2787 682 remedii

494 727 776 790 conferat
822 744 965 789 cum
1012 726 1400 790 continentia
1445 725 1731 788 solitudo.

579 830 727 894 ΠΗ.
779 828 941 910 Quid
985 830 1236 894 intersit
1279 831 1442 894 inter
1505 828 1955 894 continentiam
2018 832 2083 893 et
2142 829 2521 910 castitatem,
2584 832 2648 892 et
2708 847 2788 894 an

495 937 758 1016 utraque
805 935 994 998 simul
1042 954 1292 1018 semper
1337 934 1708 998 habeantur.

581 1040 655 1103 V.
705 1038 882 1120 Quod
938 1039 1310 1123 inpugnatio
1373 1039 1801 1104 fornicationis
1864 1039 1996 1104 solo
2053 1038 2329 1103 humano
2391 1038 2600 1103 studio
2662 1056 2786 1102 non

496 1145 698 1230 possit
744 1143 968 1208 euinci.

580 1248 689 1312 VI.
737 1249 834 1312 De
878 1249 1178 1332 peculiari
1222 1249 1426 1332 gratia
1471 1248 1568 1312 dei
1616 1248 1680 1312 in
1726 1267 1987 1314 munere
2032 1248 2361 1312 castitatis.

581 1346 722 1418 VH.
786 1353 1164 1436 Exemplum
1231 1354 1307 1418 de
1378 1372 1574 1437 agone
1644 1353 1952 1417 mundiali
2020 1353 2366 1416 secundum
2434 1370 2789 1417 sermonem

495 1458 778 1542 apostoli.

580 1562 754 1627 VIII.
803 1564 900 1627 De
946 1563 1389 1647 conparatione
1433 1561 1884 1646 purificationis
1949 1581 2184 1643 eorum,
2248 1562 2356 1645 qui
2417 1563 2481 1626 in
2542 1566 2789 1627 terreno

499 1685 698 1752 agone
745 1672 1061 1732 certamen
1107 1666 1384 1731 habituri
1430 1670 1598 1731 sunt.

580 1773 791 1837 VIIII.
843 1772 1158 1853 Quantam
1205 1791 1452 1856 semper
1499 1772 1701 1836 cordis
1750 1773 2092 1855 puritatem
2152 1790 2375 1854 parare
2434 1772 2533 1836 dei
2594 1771 2788 1835 oculis

497 1876 858 1942 debeamus,

582 1983 659 2046 X.
711 1981 888 2062 Quod
935 1981 1017 2045 sit
1062 1981 1358 2046 indicium
1405 1982 1724 2064 perfectae
1771 1984 1833 2045 et
1876 1980 2159 2065 integrae
2205 1982 2512 2064 puritatis,

581 2086 692 2150 XI.
745 2086 876 2167 Quo
923 2086 1076 2150 uitio
1123 2085 1352 2150 inlusio
1399 2089 1706 2150 nocturna
1750 2086 2060 2168 procedat.

583 2191 727 2255 XII.
757 2190 934 2271 Quod
959 2191 1161 2255 carnis
1188 2191 1426 2273 puritas
1459 2191 1597 2254 sine
1630 2191 1939 2255 munditia
1970 2190 2171 2255 cordis
2206 2194 2475 2271 nequeat
2506 2189 2787 2255 obtineri.

585 2295 763 2360 XIII.
813 2294 984 2375 Quae
1032 2294 1116 2360 sit
1159 2295 1551 2378 purgationis
1600 2295 1866 2359 carnalis
1914 2296 2117 2377 prima
2163 2295 2460 2358 custodia.

582 2400 792 2464 XIIII.
843 2398 1020 2481 Quod
1083 2417 1207 2463 non
1269 2399 1522 2464 laudem
1583 2401 1950 2464 studeamus
2018 2403 2222 2464 texere
2286 2399 2617 2480 castitatiS,
2683 2401 2790 2464 sed

501 2505 793 2570 effectum
840 2506 973 2569 eius
1023 2522 1346 2588 exponere.

584 2610 721 2675 XV.
780 2610 955 2691 Quod
1017 2611 1372 2694 specialiter
1432 2610 1743 2675 castitatis
1808 2611 2007 2675 uirtus
2076 2610 2154 2675 ab
2221 2612 2501 2694 apostolo
2562 2612 2793 2676 sancti-

499 2716 710 2779 monia
757 2718 1166 2798 nuncupetur.

584 2820 754 2885 XVI.
801 2820 898 2883 De
945 2820 1064 2885 alio
1111 2820 1374 2903 apostoli
1428 2820 1791 2884 testimonio
1853 2839 2040 2904 super
2103 2819 2322 2885 eadem
2382 2821 2795 2885 sanctimonia

498 2924 830 2989 castitatis,

584 3029 784 3094 XVII.
838 3028 1015 3110 Quod
1061 3048 1205 3112 spes
1254 3028 1640 3094 sublimioris
1687 3030 1952 3113 praemii
1999 3030 2227 3095 debeat
2280 3030 2629 3096 custodiam
2693 3050 2793 3095 ca—

498 3134 734 3198 stitatis
783 3152 1032 3218 augere.

582 3238 818 3303 XVIII.
871 3238 1068 3319 Quod,
1133 3239 1296 3303 sicut
1356 3239 1595 3321 absque
1642 3240 2003 3305 humilitate
2049 3241 2303 3305 castitas
2350 3240 2617 3305 obtineri
2669 3257 2789 3303 non

499 3346 728 3425 potest,
775 3345 863 3407 ita
907 3344 1042 3407 sine
1089 3344 1379 3407 castitate
1426 3345 1706 3408 scientia.

584 3447 854 3511 XVIIII.
916 3446 1243 3513 Sententia
1309 3450 1510 3513 sancti
1579 3450 1851 3532 episcopi
1910 3450 2103 3515 Basili
2165 3450 2241 3514 de
2304 3451 2606 3532 qualitate
2670 3451 2793 3514 uir-

499 3552 780 3635 ginitatis
829 3570 997 3616 suae.

592 3798 615 3849 1
659 3794 1037 3863 suspirandum
1072 3796 1125 3850 L
1233 3793 1475 3849 conferat
1511 3796 1733 3850 remedii
1759 3799 1813 3851 A
1921 3800 1953 3853 2
1992 3796 2224 3851 solitudo
2258 3816 2359 3853 om.
2396 3799 2465 3853 H
2562 3800 2596 3853 3
2628 3798 2793 3867 inter]

501 3882 556 3933 in
601 3882 647 3935 T
747 3884 801 3933 et
843 3888 970 3937 ante
1014 3896 1080 3934 an
1123 3899 1223 3936 om.
1261 3884 1317 3936 A
1426 3885 1457 3938 5
1495 3899 1603 3935 non
1646 3902 1747 3939 om.
1788 3886 1839 3939 T
1940 3888 1971 3939 7
2018 3884 2282 3953 peculiare
2324 3888 2372 3940 T
2476 3888 2535 3942 11
2588 3886 2697 3939 sint
2734 3888 2803 3941 Η

509 3971 568 4022 12
607 3970 807 4035 quanta
831 3968 884 4023 L
992 3982 1140 4035 spem
1179 3984 1272 4037 per
1295 3970 1422 4023 ΑΗ
1519 3970 1755 4037 puritate
1794 3970 1968 4024 cordis
2006 3988 2187 4039 parere
2218 3974 2270 4025 L
2368 3976 2433 4028 13
2471 3971 2723 4027 debemus
2752 3974 2801 4027 T

507 4058 570 4109 16
608 4053 744 4123 sine]
783 4070 836 4107 se
879 4056 928 4109 T
1062 4054 1300 4108 obteneri
1339 4057 1406 4110 H
1472 4056 1711 4110 obtinere
1748 4058 1822 4112 L¹
1966 4060 2029 4113 17
2067 4059 2315 4127 purgatio
2340 4061 2395 4113 A
2536 4060 2711 4113 carnis
2752 4060 2802 4115 T

507 4144 569 4197 18
614 4158 849 4194 exercere
889 4143 938 4195 I.
1046 4142 1282 4194 caritatis
1324 4144 1439 4197 HT
1541 4146 1606 4198 19
1651 4144 1901 4197 affectum
1937 4145 1990 4199 L
2097 4144 2387 4214 expendere
2424 4147 2476 4201 L
2582 4150 2650 4202 20
2686 4146 2793 4199 uir-

503 4227 637 4279 tutis
675 4229 748 4281 L¹
874 4232 936 4283 21
980 4230 1320 4295 nuncupa-tur
1355 4230 1471 4283 HT
1535 4228 1801 4298 iicupetur
1836 4249 1901 4285 ex
1936 4228 2201 4299 chpatur
2230 4233 2281 4285 L
2388 4235 2457 4287 24
2492 4233 2695 4301 praemi
2736 4234 2801 4287 H

504 4317 569 4368 25
608 4331 760 4382 agere
787 4316 902 4369 HT
1002 4318 1069 4369 26
1096 4315 1359 4369 castitatis
1387 4318 1437 4369 T
1537 4315 1779 4371 obteneri
1806 4318 1874 4371 H
1926 4317 2164 4371 obtinere
2190 4320 2299 4373 LT
2397 4322 2462 4373 27
2490 4319 2711 4373 caritate
2733 4321 2803 4374 H

503 4402 581 4455 ita
615 4400 919 4455 sinceritate
959 4404 1009 4457 T
1107 4402 1175 4457 28
1209 4400 1392 4455 basilii
1429 4404 1600 4459 HLT
1702 4404 1765 4457 de
1804 4422 1905 4460 om.
1934 4405 2049 4459 HT

2846 1585 2897 1622 1⁰

2850 2105 2898 2145 15

2846 2638 2899 2676 20

2848 3164 2899 3202 25
