3167 4975
517 441 557 504 8
1327 439 1646 494 Iohannis
1693 439 1992 495 Cassiani

606 617 655 680 Ι.
704 617 801 680 De
847 617 1155 681 institutis
1203 635 1276 682 ac
1320 617 1557 700 regulis
1605 616 2130 681 monasteriorum
2175 615 2404 680 dicturi
2448 615 2614 680 unde
2659 632 2808 680 con-

516 722 833 804 petentius
866 722 1138 786 donante
1169 722 1282 786 deo
1332 739 1521 804 quam
1568 739 1641 784 ex
1673 721 1809 804 ipso
1854 720 2078 785 habitu
2111 721 2564 785 monachorum
2598 739 2808 784 sumc-

518 846 659 891 mus
708 827 1069 891 exordium?
1130 844 1397 908 quorum
1441 826 1806 890 interiorem
1866 825 2108 889 cultum
2154 828 2610 907 consequenter
2655 826 2808 889 tunc

516 933 861 1014 poterimus
896 949 1219 1014 exponere,
1268 949 1415 994 cum
1444 931 1816 995 exteriorem
1847 934 2138 995 ornatum
2187 930 2302 994 sub
2347 930 2668 994 oculorum
2700 930 2808 993 de-

515 1037 901 1119 pinxerimus
948 1035 1293 1100 obtutibus.
1383 1037 1593 1117 itaque
1626 1035 2005 1099 monachum
2053 1038 2124 1098 ut
2170 1035 2440 1099 militem
2473 1033 2710 1099 Christi
2740 1035 2805 1098 in
2883 1051 2911 1091 ⁵

514 1142 839 1224 procinctu
886 1159 1134 1224 semper
1172 1140 1325 1204 belli
1368 1140 1649 1223 positum
1681 1141 1979 1204 accinctis
2021 1139 2257 1204 lumbis
2289 1140 2517 1224 iugiter
2563 1141 2808 1222 oportet

435 1251 469 1305 2
518 1246 821 1310 incedere.
869 1245 988 1309 hoc
1022 1246 1189 1308 enim
1237 1244 1461 1309 habitu
1508 1245 1701 1309 etiam
1749 1245 1888 1309 illos
1922 1244 2300 1326 ambulasse,
2348 1245 2456 1327 qui
2500 1245 2566 1308 in
2605 1245 2806 1308 ueteri

516 1353 896 1414 testamento
941 1349 1349 1433 professionis
1384 1349 1571 1412 huius
1618 1349 1962 1413 fundauere
1992 1350 2352 1432 primordia,
2399 1349 2652 1413 Heliam
2685 1348 2806 1413 soi-

511 1455 663 1518 licet
709 1457 771 1517 et
814 1453 1206 1534 Helisaeum,
1270 1455 1632 1517 diuinarum
1679 1454 2132 1536 scripturarum
2193 1454 2566 1517 auctoritate
2627 1471 2806 1518 mon-

518 1562 779 1622 stratur:
853 1577 925 1622 ac
985 1559 1278 1641 deinceps
1345 1559 1661 1642 principes
1731 1562 2138 1640 auctoresque
2207 1559 2576 1622 testamenti
2635 1559 2804 1638 noui,
2860 1574 2912 1613 ιο

515 1663 865 1728 Iohannem
932 1663 1246 1744 uidelicet,
1314 1663 1576 1726 Petrum
1637 1669 1702 1728 et
1762 1664 2032 1727 Paulum
2095 1667 2455 1745 ceterosque
2524 1663 2805 1727 eiusdem

516 1768 750 1832 ordinis
797 1767 966 1832 uiros
1015 1769 1226 1832 taliter
1271 1769 1604 1832 incessisse
1637 1769 2093 1852 cognoscimus
2153 1785 2416 1848 quorum
2461 1768 2649 1850 prior,
2695 1767 2806 1848 qui

516 1873 581 1937 in
626 1873 825 1937 ueteri
858 1875 1240 1937 testamento
1272 1872 1659 1955 uirginitatis
1706 1873 1834 1937 iam
1879 1871 2062 1937 flores
2109 1875 2171 1936 et
2203 1872 2612 1936 castimoniae
2658 1891 2806 1937 con-

516 1977 945 2059 tinentiaeque
1012 1975 1477 2060 praefigurabat
1554 1977 1865 2060 exempla,
1941 1995 2086 2040 cum
2153 1977 2380 2041 fuisset
2449 1995 2485 2040 a
2552 1977 2805 2042 domino

516 2083 747 2146 missus
796 2083 873 2146 ad
906 2081 1316 2163 increpandos
1363 2081 1619 2145 nuntios
1653 2080 1959 2146 Ochoziae
2007 2081 2296 2166 sacrilegi
2339 2081 2506 2165 regis
2537 2081 2803 2163 Israhel,
2860 2094 2911 2135 1⁵

517 2205 587 2250 00
620 2186 784 2268 quod
831 2186 1221 2270 aegritudine
1250 2187 1652 2268 praepeditus
1685 2205 1870 2269 super
1903 2189 2073 2250 statu
2107 2187 2330 2251 salutis
2373 2204 2522 2250 suae
2553 2186 2806 2249 Beelze-

514 2289 643 2354 bub
692 2291 879 2354 deum
918 2289 1203 2354 Accaron
1250 2291 1573 2354 consulere
1621 2291 2020 2371 destinasset,
2069 2294 2132 2355 ct
2177 2291 2405 2354 idcirco
2454 2292 2544 2354 eis
2591 2309 2806 2356 occur-

514 2413 659 2458 rens
706 2395 873 2458 idem
934 2394 1239 2478 propheta
1283 2395 1656 2458 descensum
1703 2395 1778 2458 de
1824 2395 1986 2460 lecto
2033 2396 2088 2458 ei
2151 2397 2218 2460 in
2263 2413 2385 2476 quo
2450 2395 2807 2460 conciderat

517 2500 907 2585 denegasset,
970 2500 1371 2565 decumbenti
1424 2502 1556 2585 regi
1621 2502 1902 2585 exposita
1960 2502 2231 2565 uestitus
2296 2502 2598 2584 qualitate
2659 2520 2805 2567 con-

434 2608 469 2661 3
517 2609 733 2689 pertus
796 2608 909 2668 est.
1004 2624 1285 2669 reuersos
1350 2605 1520 2669 enim
1581 2607 1659 2669 ad
1723 2625 1788 2669 se
1835 2606 2090 2670 nuntios
2153 2624 2224 2670 ac
2277 2606 2620 2670 referentes
2683 2606 2805 2671 sibi
2856 2620 2910 2659 2⁰

515 2710 855 2793 prophetae
902 2710 1280 2774 sententiam
1329 2711 1688 2775 sciscitatus
1722 2714 1837 2791 est,
1885 2712 2062 2773 cuius
2109 2714 2276 2775 esset
2311 2710 2549 2795 figurae
2595 2714 2659 2774 et
2690 2710 2804 2775 ha-

515 2814 687 2878 bitus
734 2814 849 2895 uir,
912 2815 1018 2896 qui
1073 2815 1444 2879 occurrisset
1500 2816 1590 2877 eis
1654 2818 1717 2879 et
1774 2816 2022 2879 locutus
2083 2815 2312 2879 fuisset
2370 2815 2804 2880 huiuscemodi

514 2918 735 2982 uerba:
798 2918 931 2999 uir,
995 2919 1306 3000 inquiunt,
1367 2920 1680 3003 pilosuS,
1739 2922 1810 2983 et
1855 2936 2037 2984 zona
2079 2920 2390 3003 pellicia
2434 2920 2803 2984 accinctis

512 3022 844 3087 renibus
896 3042 968 3087 ex
1016 3041 1135 3105 quo
1182 3022 1405 3087 habitu
1454 3024 1786 3088 confestim
1819 3042 1925 3087 rex
1972 3026 2436 3108 contemplatus
2481 3025 2802 3089 hominem

516 3128 617 3191 dei
678 3128 793 3191 ait:
855 3128 1117 3191 Helias
1181 3128 1584 3193 Thesbites
1650 3134 1784 3210 est,
1847 3148 2038 3193 zonae
2097 3130 2394 3195 uidelicet
2453 3129 2682 3194 indicio
2743 3133 2807 3193 et
2858 3141 2912 3183 2⁵

516 3232 744 3295 hirsuti
793 3232 1136 3313 incultique
1184 3234 1457 3315 corporis
1506 3234 1710 3316 specie
1757 3234 1964 3297 uirum
1999 3234 2098 3297 dei
2143 3234 2576 3299 indubitanter
2614 3252 2806 3318 agno-

516 3356 718 3417 300113,
761 3355 831 3401 eo
862 3337 1025 3417 quod
1058 3337 1228 3401 istud
1259 3338 1316 3401 01
1348 3338 1511 3402 111101·
1541 3340 1637 3401 101
1666 3337 2044 3402 Israhelitici
2075 3339 2292 3422 populi
2323 3339 2502 3403 milia
2529 3356 2807 3403 commo-

724 3474 815 3543 23]
854 3474 971 3527 1111
1008 3474 1136 3543 Reg.
1168 3478 1214 3539 1,
1240 3477 1287 3531 8.
1396 3474 1489 3544 25]
1525 3473 1560 3529 1.
1591 3492 1634 3528 c.

513 3615 707 3669 habitu
742 3611 1141 3669 monachorum‘
1178 3616 1341 3669 ctiam
1376 3631 1442 3669 ex
1477 3616 1677 3685 capitis
1704 3617 1881 3684 pri-mi
1914 3616 1969 3685 §-
1995 3621 2028 3669 1
2067 3617 2423 3686 consequitur.
2467 3622 2700 3671 ceterum
2734 3618 2803 3684 cf.

514 3701 821 3755 indiculum
866 3701 979 3756 cod.
1018 3702 1071 3755 L
1099 3703 1467 3771 praemissum
1501 3710 1551 3757 et
1593 3704 2043 3772 subscriptionem
2085 3704 2216 3757 libri
2245 3704 2421 3772 primi
2454 3704 2518 3757 in
2553 3702 2705 3758 codd.
2745 3704 2814 3758 H

517 3794 568 3842 et
604 3788 923 3843 Sessoriano
959 3788 1383 3857 (Reifferscheid,
1420 3790 1626 3843 BPLI
1655 3796 1778 3844 tom.
1819 3791 1867 3858 Ι,
1899 3807 1956 3858 p.
1995 3792 2121 3857 137)

606 3878 633 3930 1
674 3874 1043 3944 conpetentius
1079 3876 1132 3930 L
1262 3878 1295 3930 2
1333 3874 1441 3929 (1ῆο
1478 3877 1547 3931 H
1667 3876 1851 3930 habito
1888 3878 1974 3932 Η1
2102 3876 2486 3930 monachorum
2527 3874 2718 3929 habitu
2755 3878 2807 3931 L

515 3962 779 4015 sumimus
819 3961 895 4016 G²
998 3965 1031 4016 9
1068 3960 1328 4015 heliseum
1366 3964 1517 4018 codd.
1631 3966 1694 4019 12
1732 3963 2090 4018 intercessisse
2133 3965 2206 4019 G¹
2316 3966 2382 4019 14
2419 3961 2720 4031 exemplum
2746 3964 2813 4017 H

520 4052 583 4103 15
620 4048 829 4101 ochozie
859 4048 910 4103 G
980 4049 1220 4102 achoziae
1247 4051 1329 4104 Η1
1439 4048 1535 4103 lsrl'
1574 4050 1628 4104 G
1734 4053 1799 4106 16
1833 4049 2087 4104 belzebub
2125 4052 2194 4105 Η
2296 4053 2359 4105 17
2399 4049 2710 4103 distinasset
2745 4050 2816 4105 H

516 4135 565 4188 ei
589 4136 643 4189 L
751 4138 815 4190 18
848 4134 1060 4204 profeta
1088 4136 1139 4191 G
1246 4136 1545 4189 discensum
1572 4138 1655 4191 H¹
1762 4137 1808 4191 ei
1835 4139 1943 4191 11²:
1983 4136 2094 4189 01113
2123 4138 2294 4193 GH¹v
2329 4155 2431 4192 om.
2458 4138 2511 4191 L
2620 4138 2683 4192 19
2719 4153 2807 4190 ex-

516 4222 716 4291 possita
760 4223 921 4277 H¹L¹
1053 4226 1121 4279 20
1158 4239 1399 4277 reuersus
1437 4226 1513 4277 L¹
1646 4224 1947 4277 refferentes
1983 4225 2036 4278 L
2167 4227 2234 4279 22
2273 4225 2526 4293 cuiusque
2561 4222 2708 4277 modi
2745 4224 2816 4277 H

517 4313 585 4365 23
638 4308 895 4378 phylosus
940 4312 1015 4364 L¹
1157 4311 1409 4364 accinctis
1458 4312 1601 4365 GH.-
1655 4311 1874 4365 accintis
1919 4313 1972 4366 L
2080 4312 2348 4365 accinctus
2393 4330 2425 4367 v
2469 4318 2518 4366 et
2571 4311 2808 4381 Uulyata

520 4398 587 4451 25
624 4396 793 4468 helias
830 4399 883 4451 L
990 4396 1239 4451 thesbitis
1278 4400 1345 4452 H
1346 4401 1361 4434 ¹
1466 4401 1534 4453 27
1572 4402 1933 4452 commorante
1971 4400 2044 4453 L¹
