3167 4975
2300 453 2607 511 XLVIIII

311 619 550 683 teritus
575 630 635 684 et
659 618 1062 707 inexpiabile
1089 620 1332 685 crimen
1361 620 1562 683 corda
1596 619 1989 706 calefaciens
2016 622 2219 707 pigra
2250 622 2405 685 etin
2436 623 2606 685 cari-

315 734 446 788 tate
480 724 822 812 friyentia
868 728 1024 807 (fere
1071 726 1288 791 eadem
1335 728 1400 791 in
1449 724 1503 788 O
1531 727 1883 811 leguntur):
1933 728 2010 791 cf.
2047 729 2237 791 etiam
2270 747 2330 810 p.
2362 726 2511 807 468,
2544 727 2601 791 3.

309 828 460 911 496,
513 829 614 894 17.
677 831 948 895 maxime
1002 850 1149 896 uero
1204 832 1259 897 0
1305 835 1367 896 et
1413 832 1478 897 in
1524 832 1693 896 XVI.
1744 836 1807 895 et
1859 832 1923 896 in
1973 832 2173 895 XVII.
2238 830 2606 897 conlatione

314 935 736 1017 interpolatus
783 938 899 999 est.
976 954 1126 1000 nam
1173 936 1347 1000 Oonl.
1381 934 1586 1016 XVII,
1622 934 1682 1016 9,
1715 955 1775 1019 p.
1807 933 1957 1015 470,
1990 934 2075 998 23
2118 940 2263 1019 post
2308 934 2609 998 inmersit

313 1039 515 1103 inlata
560 1038 754 1103 habet
798 1060 910 1101 nec
940 1059 1068 1100 non
1101 1048 1160 1101 et
1191 1038 1393 1101 iudas
1432 1038 1885 1124 pertinaciam
1914 1038 2199 1103 retinens
2230 1060 2391 1101 suae
2420 1061 2606 1124 epon-

311 1142 522 1205 sionis
568 1152 900 1227 perpetua
943 1152 1144 1205 morte
1192 1142 1551 1205 damnatur
1598 1147 1660 1208 et
1704 1145 1813 1208 rel.
1863 1162 2023 1226 quae
2078 1144 2242 1226 apud
2289 1144 2605 1228 Mignium

311 1268 370 1331 p.
415 1246 584 1311 1054
626 1248 688 1312 A
733 1267 932 1331 usque
979 1249 1056 1312 ad
1102 1249 1297 1313 uerba
1345 1246 1783 1311 laudabiliter
1830 1246 2203 1311 emendauit
2238 1252 2605 1330 sequuntur,

313 1352 544 1434 quibus
599 1353 896 1417 adiuncta
950 1356 1098 1418 sunt
1152 1353 1346 1417 uerba
1389 1352 1687 1436 primum
1740 1352 1969 1415 etenim
2025 1371 2223 1434 usque
2280 1353 2359 1417 ad
2414 1352 2607 1417 finem

314 1457 540 1540 capitis
587 1457 830 1541 (Migne
876 1478 935 1541 p.
977 1456 1143 1521 1055
1165 1456 1415 1540 A—B).
1463 1475 1647 1541 porro
1694 1459 1757 1521 in
1804 1457 1927 1522 fine
1970 1457 2193 1541 capitis
2232 1457 2330 1537 14,
2363 1477 2423 1540 p.
2454 1456 2604 1537 474,

320 1561 399 1625 15
443 1566 590 1644 post
634 1560 972 1624 maturius
1017 1560 1430 1647 adquiratur
1477 1562 1761 1644 sequitur
1813 1562 2001 1647 longa
2046 1562 2156 1626 illa
2208 1562 2605 1645 interpolatio

315 1666 392 1729 ab
457 1666 801 1730 editoribus
857 1671 1112 1750 recepta
1167 1666 1410 1751 (Migne
1466 1687 1524 1750 p.
1578 1665 2063 1748 1060—1061):
2121 1666 2200 1730 cf.
2250 1666 2441 1729 etiam
2498 1665 2602 1729 fin.

315 1788 447 1853 cap.
483 1769 589 1851 30,
630 1791 689 1854 p.
723 1770 870 1850 500,
910 1772 963 1834 1.
999 1792 1061 1853 p.
1093 1770 1242 1851 406,
1277 1770 1377 1835 21.
1412 1769 1563 1851 474,
1596 1769 1697 1835 20.
1731 1768 1882 1850 484,
1916 1768 2017 1835 25.
2052 1768 2201 1850 495,
2234 1769 2336 1833 22.
2386 1788 2606 1833 uerum

315 1878 561 1957 praeter
601 1874 775 1955 haec,
817 1894 978 1958 quae
1019 1876 1212 1940 etiam
1241 1876 1306 1940 in
1341 1875 1721 1940 editionibus
1752 1875 2011 1958 paulurn
2043 1875 2357 1939 inmutata
2385 1874 2607 1958 legun-

317 1983 438 2058 tur,
486 1978 772 2044 Conlatio
803 1979 988 2043 XVII
1020 1981 1084 2045 in
1123 1980 1178 2045 0
1210 1980 1556 2045 innumeris
1588 1997 1787 2063 paene
1817 1980 1971 2045 locis
2004 1980 2371 2044 foedissima
2414 1978 2606 2043 inter-

315 2085 630 2167 polatione
663 2084 1004 2167 deprauata
1034 2089 1146 2149 est.
1197 2084 1350 2149 talia
1381 2088 1595 2149 autem
1628 2084 2059 2149 additamenta
2092 2084 2225 2147 siue
2258 2102 2296 2147 a
2332 2083 2605 2148 librariis

319 2188 450 2252 siue
513 2208 550 2253 a
611 2189 950 2253 lectoribus
1010 2189 1148 2253 ideo
1210 2190 1341 2253 fere
1403 2188 1617 2253 omnia
1676 2188 1921 2252 adiecta
1982 2207 2141 2267 esse,
2202 2191 2273 2252 ut
2320 2186 2607 2253 Cassiani

319 2292 602 2357 doctrina
655 2293 936 2377 dogmati
989 2293 1295 2357 catholico
1350 2312 1710 2377 repugnans
1765 2293 1831 2356 in
1887 2292 2113 2355 melius
2170 2290 2607 2356 emendaretur

321 2400 382 2461 et
441 2397 532 2461 ita
591 2397 917 2463 monachis
978 2397 1336 2482 legentibus
1398 2415 1554 2479 opus
1619 2398 1896 2480 alioquin
1958 2398 2113 2461 utile
2175 2396 2309 2460 sine
2370 2395 2610 2460 offensa

322 2505 504 2582 esset,
565 2521 712 2566 011111
764 2521 875 2585 per
935 2521 1002 2566 se
1062 2506 1298 2586 pateat,
1363 2506 1498 2567 tum
1545 2503 1612 2568 in
1658 2502 2097 2566 dissertatione
2160 2519 2353 2584 quam
2414 2519 2608 2584 supra

321 2607 806 2672 commemoraui
852 2607 1070 2672 multis
1117 2606 1508 2691 argumentis
1555 2607 2061 2672 demonstratum
2107 2610 2221 2670 est.

402 2711 618 2796 Longe
651 2711 831 2776 aliter
854 2730 928 2776 ac
952 2713 1026 2776 de
1051 2712 1574 2776 manifestissima
1604 2711 2301 2795 interpolatione,·quae
2325 2711 2393 2774 in
2418 2710 2609 2775 HYO

321 2822 606 2900 grassata
663 2821 779 2896 est,
827 2816 902 2881 de
965 2817 1412 2882 additamentis
1476 2817 1857 2898 quibusdam
1916 2815 1983 2880 in
2028 2818 2085 2878 Σ
2136 2814 2607 2880 occurrentibus

323 2922 721 2986 iudicandum
777 2921 911 2985 erit.
991 2921 1082 2984 sic
1136 2941 1192 3004 p.
1235 2919 1386 3001 466,
1431 2920 1510 2982 18
1575 2918 1801 2982 reditu
1847 2917 2237 3004 repromisso
2288 2916 2491 3003 [huc]
2544 2919 2609 2982 id

324 3027 480 3107 quod
527 3026 812 3089 additum
859 3029 956 3090 est
1009 3025 1134 3087 huc
1187 3025 1430 3090 insulsa
1482 3024 1917 3108 interpretatio
1966 3024 2099 3088 01115
2146 3043 2284 3087 esse
2338 3023 2606 3103 uidetur,

324 3131 426 3210 qui
485 3139 610 3194 no'n
671 3129 982 3194 intellexit
1027 3129 1400 3194 Cassianum
1465 3130 1540 3192 de
1602 3130 1807 3193 reditu
1860 3130 1927 3192 in
1973 3128 2420 3207 Palaestinam,
2482 3146 2609 3192 non

325 3233 394 3296 de
451 3235 658 3299 reditu
705 3235 769 3298 in
813 3232 1176 3318 Aegyptum
1223 3235 1412 3316 loqui.
1485 3255 1543 3316 p.
1588 3231 1737 3312 484,
1784 3231 1864 3296 15
1911 3232 2055 3317 quis
2100 3230 2346 3316 [enim]
2390 3230 2606 3315 inquit

327 3338 582 3404 fortasse
627 3343 796 3402 recte
844 3357 910 3414 se
955 3337 1148 3402 habet
1193 3337 1379 3415 enim,
1436 3356 1821 3420 quamquam
1876 3337 2061 3400 hodie
2106 3337 2171 3400 iu
2225 3337 2360 3400 1000
2414 3337 2608 3419 scrip-

325 3445 492 3507 turae
550 3461 764 3508 sacrae
819 3443 896 3515 τίς
950 3444 1166 3502 ἀσθενεῖ
1207 3443 1456 3525 legitur.
1531 3443 1791 3523 reliquis
1836 3441 1990 3505 locis
2038 3441 2330 3504 omnibus
2376 3457 2606 3522 prauae

327 3546 646 3612 cniusdam
689 3546 1150 3630 dittographiae
1195 3565 1396 3630 genus
1437 3547 1621 3611 facile
1653 3545 2048 3629 perspicitur,
2096 3563 2218 3627 quo
2252 3545 2385 3608 siue
2416 3545 2607 3607 libra-

323 3651 445 3714 rius
491 3651 722 3716 codicis
767 3653 824 3714 Σ
867 3651 1000 3714 51110
1047 3650 1369 3733 archetypi
1416 3651 1548 3714 eius
1598 3651 1861 3732 scriptor
1906 3649 2208 3732 peccauit.
2258 3666 2409 3711 nam
2454 3651 2527 3712 ut
2572 3667 2608 3712 a

329 3755 762 3820 munitissimis
788 3755 1184 3838 incipiamuS,
1219 3755 1526 3837 quomodo
1555 3755 1736 3818 aliter
1760 3753 2053 3838 explicari
2081 3756 2348 3836 possunt
2380 3752 2607 3817 menda

329 3860 526 3941 qualia
557 3864 708 3924 Sunt
737 3880 796 3943 p.
826 3857 972 3939 336,
999 3857 1084 3922 20
1115 3867 1437 3943 corrupta
1467 3856 1601 3943 e[t]
1632 3855 2068 3920 tantummodo
2100 3875 2211 3940 pro
2256 3863 2605 3939 corruptae

330 3963 776 4040 tantummode,
837 3963 985 4044 345,
1033 3963 1116 4026 26
1177 3985 1320 4026 cum
1379 3985 1442 4024 m
1501 3961 1895 4038 memoriam,
1958 3960 2105 4041 365,
2159 3959 2235 4023 17
2296 3981 2605 4022 summam

328 4064 516 4154 [eas]
584 4067 1046 4145 castimoniae,
1115 4067 1266 4147 377,
1316 4067 1356 4132 6
1420 4065 1791 4152 fratribus
1866 4063 2057 4149 [utss
2131 4069 2201 4128 ut
2276 4065 2377 4128 his
2450 4065 2604 4128 locis

330 4173 600 4256 singulae
645 4172 894 4237 litterae
939 4173 1042 4237 1101
1098 4173 1395 4256 syllabae,
1451 4173 1542 4236 ita
1588 4173 1727 4236 aliis
1774 4189 1973 4235 unum
2022 4190 2128 4234 seu
2186 4170 2367 4252 plura
2411 4170 2605 4233 uerba

330 4278 480 4341 male
537 4281 929 4360 repetuntur,
990 4278 1258 4360 repetita
1318 4294 1793 4358 nonnumquam
1856 4279 2199 4339 mutantur.
2263 4294 2323 4357 p.
2371 4271 2521 4352 349,
2563 4271 2603 4335 9

329 4379 534 4462 qualis
575 4379 648 4442 in
695 4377 802 4443 die
845 4379 1044 4466 [talis
1089 4380 1162 4442 in
1211 4380 1354 4466 die]
1399 4379 1558 4442 talia
1605 4379 1677 4442 in
1726 4377 1900 4441 lecto,
1962 4378 2113 4460 416,
2149 4377 2230 4441 15
2262 4375 2478 4461 faciet
2520 4375 2605 4462 [a

423 4499 546 4542 xvn.
576 4501 694 4543 cns.
717 4503 754 4541 ι.
2257 4485 2289 4532 4
