3167 4975
542 418 779 475 LXXX

541 587 712 652 nullo
781 591 1063 672 tempore
1131 590 1197 651 et
1265 588 1332 651 in
1395 588 1644 652 nullum
1710 587 2027 671 exemplar
2085 587 2421 653 lectionem
2480 587 2833 653 uariantem

541 688 1142 777 κατα<τα>ραχθήσεται
1191 720 1264 748 =
1315 688 1820 755 conturbabitur
1864 693 2147 777 inrepere
2186 693 2511 777 potuisse?
2569 692 2691 757 hae
2736 711 2835 757 ar-

541 795 1016 880 gumentatione
1061 796 1288 861 ductus
1333 814 1480 861 cum
1511 794 1700 860 ΒΕΘ
1730 815 1935 862 errare
1982 797 2179 861 malui
2225 815 2415 880 quam
2464 816 2608 861 cum
2638 798 2833 862 inter-

541 900 771 983 polatis
833 904 1077 965 textum
1137 901 1470 987 uulgatum
1533 902 1730 985 sequi.
1808 902 2000 967 simili
2046 902 2289 969 ratione
2336 903 2529 967 etiam
2573 902 2833 984 reliquis

541 1004 696 1069 locis
729 1004 1044 1086 omnibuS,
1089 1004 1200 1069 ubi
1245 1005 1580 1071 diuersitas
1626 1006 1915 1072 lectionis
1962 1007 2029 1072 in
2075 1006 2402 1090 scripturis
2444 1006 2639 1072 sacris
2684 1024 2833 1071 con-

543 1110 825 1195 spicitur,
882 1111 1048 1175 solos
1095 1111 1342 1176 codices
1388 1112 1659 1196 optimos
1704 1111 1966 1195 respexi,
2023 1112 2429 1177 temerarium
2474 1130 2613 1177 esse
2656 1114 2832 1176 ratus

539 1232 674 1279 rem
705 1214 796 1278 ita
823 1214 1172 1297 instituere,
1219 1218 1292 1279 ut
1321 1214 1444 1281 loci
1475 1216 1821 1299 scripturae
1854 1214 1977 1280 sibi
2016 1216 2413 1297 concordent,
2458 1217 2831 1300 praesertim

542 1336 688 1383 cum
733 1321 798 1383 et
842 1318 1261 1404 discrepantia
1303 1318 1609 1385 librorum
1656 1324 1789 1385 tam
1833 1321 1961 1385 late
2000 1323 2234 1403 pateat,
2281 1324 2353 1385 ut
2382 1320 2538 1385 illud
2569 1320 2693 1384 nisi
2722 1339 2833 1403 per

541 1423 676 1487 uim
723 1426 788 1487 et
831 1422 1160 1489 arbitrium
1207 1422 1372 1488 effici
1418 1442 1542 1489 non
1588 1424 1808 1508 possit,
1865 1428 1928 1488 et
1974 1422 2345 1489 Cassianum
2391 1424 2602 1508 ipsum
2648 1425 2832 1489 modo

541 1526 707 1592 hanc
747 1528 930 1593 modo
961 1528 1138 1593 illam
1170 1529 1524 1594 uersionem
1555 1528 1753 1611 sequi,
1801 1528 1985 1595 modo
2016 1528 2212 1593 uerba
2242 1528 2587 1612 scripturae
2621 1546 2832 1593 sacrae

543 1632 622 1696 ad
669 1650 785 1697 sua
827 1633 1218 1698 conformare
1264 1635 1329 1698 et
1367 1633 1863 1715 adcommodare,
1910 1633 2230 1698 interdum
2260 1634 2453 1698 etiam
2483 1652 2681 1697 unum
2721 1652 2832 1699 seu

543 1736 864 1820 conpluria
909 1737 1104 1802 uerba
1133 1755 1294 1820 quae
1327 1738 1406 1802 ad
1435 1756 1572 1802 rem
1602 1754 1727 1803 non
1768 1739 2089 1821 pertinent
2132 1738 2444 1820 omittere,
2492 1738 2648 1803 alias
2694 1738 2829 1803 siue

542 1841 888 1923 explicandi
920 1858 1110 1906 causa
1141 1842 1274 1906 siue
1305 1846 1378 1907 ut
1421 1842 1620 1908 uerba
1662 1844 2007 1926 scripturae
2052 1842 2443 1908 commodius
2474 1843 2833 1909 inserantur

541 1946 853 2027 quaedam
911 1946 1134 2011 addere
1195 1946 1444 2012 indiciis
1503 1946 1875 2013 certissimis
1922 1947 2356 2032 conprobetur.
2434 1966 2639 2031 neque
2682 1966 2831 2013 uero

541 2050 866 2115 manifesti
925 2052 1148 2116 erroris
1209 2050 1494 2135 exempla
1551 2052 1800 2134 desunt,
1861 2052 2091 2135 quibus
2152 2072 2297 2117 eum
2358 2070 2831 2136 nonnumquam

543 2155 660 2219 soli
691 2155 1032 2219 memoriae
1063 2154 1372 2221 confisum
1402 2156 1663 2239 eiusque
1694 2156 2061 2223 infirmitate
2106 2156 2439 2240 deceptum
2486 2157 2831 2241 scripturae

539 2260 709 2323 locos
757 2259 1060 2325 adtulisse
1115 2261 1527 2326 conuincitur.
1575 2260 1741 2326 male
1782 2265 1997 2327 autem
2026 2261 2128 2325 uel
2158 2260 2399 2327 librarii
2430 2262 2531 2325 uel
2564 2262 2829 2327 editores

543 2363 696 2427 talia
739 2363 1046 2447 corrigere
1091 2368 1591 2449 temptauerunt:
1640 2367 1719 2431 cf.
1769 2365 1943 2431 Oonl.
1987 2365 2038 2447 Ι,
2077 2364 2176 2447 19,
2209 2363 2269 2431 3.
2302 2366 2413 2447 VI,
2451 2364 2550 2447 11,
2580 2364 2640 2430 3.
2687 2366 2830 2442 VH,

548 2466 648 2550 13,
680 2465 742 2532 3.
776 2465 880 2550 32,
913 2467 972 2534 3.
1013 2468 1152 2551 XV,
1189 2467 1246 2551 1,
1277 2467 1338 2534 4.
1371 2469 1578 2552 XVII,
1611 2468 1716 2552 25,
1753 2468 1851 2536 13.
1886 2469 2161 2553 XXHII,
2194 2468 2299 2552 24,
2335 2468 2392 2535 7.
2428 2468 2533 2552 25,
2566 2468 2626 2535 6.
2656 2470 2717 2537 N
2745 2469 2832 2552 Π,

543 2571 606 2654 5,
643 2571 701 2638 1.
758 2576 830 2638 ut
875 2577 1090 2638 autem
1138 2574 1492 2640 euidentius
1538 2579 1841 2659 appareat
1885 2594 2045 2658 quae
2092 2576 2389 2659 qualesue
2434 2575 2832 2640 diuersitates

545 2678 622 2743 iis
664 2677 818 2742 locis
859 2679 934 2742 de
980 2678 1209 2761 quibus
1255 2679 1570 2762 loquimur
1616 2680 1995 2746 intercidant
2040 2699 2275 2763 quosue
2320 2681 2543 2746 iisdem
2588 2698 2835 2765 semper

543 2779 754 2846 uerbis
795 2787 1244 2848 commemoret
1275 2782 1634 2867 CassianuS,
1682 2785 1851 2849 infra
1895 2803 2109 2850 eorum
2154 2788 2559 2869 conspectum
2600 2784 2829 2850 addidi.

917 2993 1054 3054 Loci
1098 2995 1344 3054 diuersis
1391 2995 1583 3055 uerbis
1628 2996 1825 3056 adlati.
2130 2977 2139 2984 ’
2260 2995 2395 3055 Loci
2410 2995 2614 3056 iisdem
2636 2995 2831 3056 uerbis

1207 3181 1253 3236 Ε
2448 3100 2643 3160 adlati.

750 3267 793 3324 c
829 3269 974 3334 xxr,
1002 3272 1050 3324 7.
1074 3271 1156 3326 25.
1263 3198 1310 3236 x.
1335 3184 1419 3247 22⁹
1444 3184 1530 3239 29⁶
1627 3269 1669 3325 c
1704 3269 1850 3335 m,
1877 3271 1960 3326 32.

543 3374 770 3463 offeres
877 3425 1329 3440 .....
1417 3397 1548 3438 non
1608 3373 1911 3438 tardabis
1972 3373 2205 3462 offerre
2260 3375 2415 3442 Gen.
2496 3376 2555 3458 1,
2586 3375 2671 3440 26

545 3478 802 3543 domino
849 3477 963 3543 deo
1010 3488 1122 3542 tuo
1203 3530 1218 3544 .
1311 3531 1326 3544 .
1418 3498 1540 3544 om.
2287 3517 2374 3528 —-
2464 3517 2545 3528 --
2600 3479 2680 3544 31

1129 3617 1314 3672 Dent.
1357 3620 1617 3683 13,1-3.
2286 3623 2375 3632 -
2488 3584 2551 3666 3,
2582 3582 2624 3649 5

729 3721 772 3778 c
806 3721 960 3786 xm,
989 3723 1071 3787 14,
1097 3725 1146 3777 5.
1449 3720 1492 3777 c
1527 3722 1641 3787 xv,
1671 3724 1716 3787 1,
1744 3723 1777 3778 6
1812 3722 1861 3792 (ο
1896 3721 2170 3792 vulgata).
2288 3727 2375 3737 —
2488 3689 2548 3771 6,
2581 3687 2621 3752 3

544 3827 718 3890 inter
762 3848 880 3891 uos
917 3827 1245 3912 propheta
1313 3878 1328 3892 .
1420 3827 1492 3890 in
1515 3827 1725 3891 medio
1745 3827 1849 3891 tui
1855 3798 2204 3912 prophetes
2286 3831 2373 3840 “““
2451 3791 2552 3874 Ῑ2’
2587 3791 2620 3855 1

542 3929 912 3995 scruiwmus
931 3931 1064 3994 diis
1090 3929 1330 3995 alienis
1415 3952 1764 4017 sequamur
1782 3929 1928 3995 deos
1954 3929 2203 3995 alienos
2286 3935 2373 3944 ““““
2446 3896 2552 3979 37²
2583 3897 2626 3961 4

542 4035 866 4124 iqnoratis
985 4086 1000 4100 .
1093 4083 1110 4100 .
1201 4085 1218 4100 .
1311 4084 1326 4100 .
1416 4035 1684 4122 ignoras
1730 4045 1791 4100 ct
1833 4035 2205 4100 semiamus
2259 4003 2408 4067 Len·
2480 4002 2540 4084 7²
2576 4000 2832 4066 19—20

1518 4141 1611 4204 353
2262 4107 2448 4172 Deut.
2482 4105 2545 4188 6,
2574 4105 2620 4170 4

539 4265 620 4308 ne
663 4243 908 4309 audias
984 4295 999 4309 .
1093 4295 1108 4310 .
1201 4295 1218 4310 .
1311 4293 1326 4309 .
1416 4265 1546 4308 non
1590 4242 1826 4308 audies
2315 4249 2402 4258 “““
2484 4207 2547 4294 9,
2576 4210 2751 4275 4-5

541 4357 860 4435 temptam
907 4358 1172 4435 temptat
1217 4358 1276 4412 te
1309 4399 1324 4414 .
1415 4359 1683 4436 temptat
1726 4369 1845 4413 uos
