3167 4975
279 2529 331 2567 10

277 3053 332 3093 15

1239 1153 1490 1237 PRAE
1511 1152 1687 1236 FAT
1704 1153 1735 1235 I
1752 1155 1823 1236 Ο.

1372 1369 1491 1376 ..ῳ--ῌ
1530 1370 1614 1375 —
1635 1369 1684 1374 --

468 1530 810 1621 Absolutis
858 1553 1094 1617 dudum
1135 1552 1538 1617 collationum
1573 1551 1949 1634 spiritalium
1988 1551 2217 1616 libellis
2252 1571 2439 1616 sensu
2474 1553 2675 1636 magis

382 1679 572 1743 quam
617 1677 904 1723 sermone
950 1657 1326 1740 insignibus,
1374 1655 1521 1738 quia
1565 1657 1693 1721 alto
1736 1659 2095 1720 sanctorum
2140 1657 2421 1721 uirorum
2468 1656 2679 1722 sensui

383 1783 589 1829 sermo
619 1767 870 1829 nostrae
917 1762 1248 1845 inperitiae
1295 1761 1498 1844 impar
1543 1761 1686 1840 fuit,
1733 1761 2076 1844 cogitaram
2120 1766 2183 1825 et
2225 1763 2679 1846 propemodum

384 1869 834 1934 constitueram
893 1870 1037 1950 post
1095 1867 1278 1930 illum
1322 1866 1607 1949 proditae
1666 1865 2035 1930 inscientiae
2079 1867 2383 1950 pudorem
2428 1867 2519 1931 ita
2578 1885 2678 1929 me

383 1976 448 2038 in
494 1977 678 2059 portu
723 1973 958 2037 silentii
1003 1972 1324 2051 collocare,
1370 1974 1443 2034 ut
1482 1989 1863 2050 excusarem,
1910 1975 2217 2052 quantum
2264 1971 2331 2034 in
2362 1991 2462 2034 me
2495 1975 2677 2052 esset,

383 2099 495 2162 per
539 2077 986 2142 taciturnitatis
1045 2075 1492 2140 uerecundiam
1543 2074 1945 2157 loquacitatis
2006 2074 2352 2140 audaciam.
2430 2076 2540 2140 sed
2585 2076 2679 2139 ui-

385 2182 528 2248 cisti
569 2182 962 2266 propositum
1013 2199 1084 2245 ac
1131 2181 1512 2244 sententiam
1568 2197 1777 2243 meam
1822 2178 2121 2244 laudabili
2186 2180 2391 2243 studio
2454 2183 2517 2244 et
2564 2181 2681 2244 im-

385 2287 807 2372 periosissimo
869 2287 1098 2350 affectu
1161 2289 1298 2366 tuo,
1360 2284 1450 2348 mi
1509 2283 1665 2364 Leo,
1735 2285 2093 2348 ueneranda
2152 2303 2223 2348 ac
2288 2285 2683 2368 suspicienda

387 2393 612 2456 caritas
659 2410 820 2472 mea,
867 2391 1188 2455 Romanae
1231 2389 1528 2453 ecclesiae
1563 2407 1635 2452 ac
1681 2388 1875 2452 diuini
1908 2387 2239 2453 ministerii
2286 2389 2494 2470 decus,
2541 2408 2682 2472 pro-

389 2500 618 2562 ducens
681 2516 782 2561 me
846 2514 918 2560 ex
976 2496 1085 2560 illo
1139 2494 1579 2577 praemeditati
1642 2494 1875 2559 silentii
1936 2512 2187 2557 recessu
2247 2494 2312 2557 in
2357 2492 2679 2577 publicum

391 2602 978 2683 formidandumque
1015 2600 1334 2679 iudicium,
1382 2603 1445 2664 et
1484 2616 1649 2664 noua
1681 2598 1890 2662 subire
1923 2598 2092 2681 cogis
2132 2598 2337 2662 adhuc
2382 2600 2456 2663 de
2502 2617 2680 2682 prae-

389 2708 590 2771 teritis
654 2704 1148 2785 erubescentem,
1218 2722 1486 2785 cumque
1548 2703 1740 2767 etiam
1801 2702 2147 2767 minoribus
2216 2703 2419 2786 impar
2484 2704 2679 2785 fuero,

388 2830 500 2895 par
547 2810 889 2875 maioribus
937 2828 974 2873 a
1019 2814 1080 2874 te
1131 2828 1268 2871 esse
1304 2808 1638 2891 conpellor.
1712 2826 1825 2891 ego
1858 2808 2025 2871 enim
2058 2827 2136 2871 ne
2169 2807 2233 2871 in
2266 2808 2388 2872 illis
2434 2809 2685 2889 quidem
2736 2820 2771 2871 2

391 2916 726 2999 opusculiS,
773 2914 1000 2997 quibus
1046 2933 1156 2998 per
1203 2913 1502 2997 ingenioli
1548 2912 1745 2978 nostri
1791 2911 2286 2977 oblatiunculam
2334 2914 2445 2977 deo
2493 2914 2682 2977 sacri-

389 3024 746 3104 ficauimus‚
809 3022 1016 3086 moliri
1077 3021 1312 3104 aliquid
1373 3023 1484 3084 aut
1545 3038 1847 3103 usurpare
1901 3022 2315 3101 temptassem
2370 3018 2491 3083 nisi
2552 3020 2682 3101 epi-

389 3130 624 3213 scopali
685 3131 926 3192 tractus
987 3126 1266 3209 imperio.
1352 3125 1549 3188 creuit
1608 3125 1819 3207 itaque
1879 3143 1989 3207 per
2049 3127 2110 3187 te
2172 3124 2293 3187 oris
2354 3123 2549 3187 nostri
2611 3141 2683 3187 ac

390 3235 518 3297 stili
563 3233 858 3315 dignitas,
937 3250 1084 3293 nam
1131 3230 1234 3311 qui
1280 3230 1436 3293 iussi
1483 3232 1669 3293 antea
1714 3230 1789 3292 de
1836 3227 2165 3292 dominicis
2226 3228 2447 3292 studiis
2490 3228 2683 3291 locuti

390 3356 628 3417 sumus,
677 3355 844 3400 nunc
889 3336 952 3399 id
985 3335 1180 3417 exigis
1211 3338 1284 3399 ut
1329 3334 1404 3397 de
1447 3334 1580 3416 ipsa
1620 3334 2048 3397 incarnatione
2095 3332 2331 3397 domini
2372 3350 2443 3396 ac
2490 3332 2685 3395 maie-

477 3528 676 3597 Incipit
723 3526 982 3597 praefatio
1027 3523 1280 3594 (prefacio
1309 3526 1375 3595 p)
1413 3524 1639 3579 cassiani
1676 3504 1799 3593 prb]
1837 3523 2137 3593 (presbiteri
2167 3524 2233 3594 p)
2279 3527 2465 3577 contra
2510 3526 2685 3577 nesto-

392 3616 532 3669 rium
569 3616 695 3685 Np:
733 3615 797 3669 de
823 3616 898 3669 M
926 3616 996 3683 cf.
1024 3614 1420 3683 Proleyomena

482 3706 508 3758 1
549 3701 866 3756 iamdudum
898 3718 942 3770 p
1049 3702 1082 3755 2
1117 3699 1422 3767 insignibus
1458 3718 1558 3755 om.
1600 3700 1675 3754 M
1772 3698 1883 3753 alta
1908 3702 1975 3769 12¹
2083 3700 2117 3754 3
2153 3702 2333 3753 noster
2369 3700 2445 3754 M
2542 3699 2685 3767 cogi-

391 3794 631 3845 taueram
671 3808 718 3859 p
851 3790 886 3843 4
928 3788 1180 3841 scientiae
1225 3789 1300 3842 M
1363 3787 1605 3841 inscitiae
1648 3805 1718 3841 av
1832 3787 1941 3855 me]
1990 3788 2050 3840 ut
2086 3787 2161 3841 M
2284 3790 2315 3841 5
2358 3786 2564 3841 silencii
2602 3802 2685 3839 me

392 3877 706 3931 collocarem
743 3878 818 3931 M
935 3890 1266 3929 excussarem
1304 3876 1370 3929 N
1489 3877 1521 3929 6
1558 3874 1778 3927 audatia
1813 3875 1888 3929 M
2003 3874 2137 3927 uicit
2164 3892 2209 3943 p
2328 3878 2361 3931 8
2398 3874 2513 3943 tuo]
2553 3889 2584 3925 o
2620 3875 2695 3928 M

392 3963 732 4033 suspicienda
775 3981 870 4017 av.-
915 3960 1254 4030 suscipienda
1298 3962 1436 4015 NM
1507 3961 1797 4030 suspienda
1832 3980 1876 4031 p
2020 3964 2053 4015 9
2096 3962 2238 4030 mea]
2284 3962 2379 4014 tua
2415 3978 2459 4030 p
2600 3960 2683 4028 ac]

393 4068 540 4104 meae
586 4052 650 4105 N
659 4072 676 4104 .-
721 4068 822 4105 om.
855 4067 900 4119 p
1041 4049 1316 4117 diuinique
1353 4066 1398 4118 p
1557 4053 1623 4104 12
1668 4049 1723 4102 in
1771 4047 2067 4101 minoribus
2114 4050 2189 4103 M
2332 4048 2483 4101 fuero
2530 4050 2689 4117 va:

393 4138 590 4191 fuerim
613 4140 689 4193 M
716 4141 785 4208 cf.
813 4140 1040 4193 Paulin.
1069 4138 1202 4191 Pell.
1233 4138 1547 4191 Eucharist.
1573 4155 1629 4190 u.
1656 4141 1775 4205 150,
1810 4138 1907 4189 ubi
1944 4152 2158 4189 euasero
2192 4136 2337 4191 idem
2371 4138 2519 4190 ualet
2544 4136 2689 4206 quod

393 4226 652 4279 euaserim
781 4228 847 4281 13
883 4242 980 4294 par
1015 4242 1116 4279 om.
1149 4242 1193 4293 p
1317 4242 1350 4277 a
1385 4227 1437 4277 te
1475 4224 1613 4292 esse]
1651 4240 1861 4294 preesse
1897 4225 1997 4293 ΝΡ
2122 4240 2217 4277 nec
2252 4224 2327 4277 M
2445 4226 2507 4277 15
2546 4222 2687 4275 mili-

395 4312 498 4365 tari
533 4314 602 4368 N
668 4312 899 4366 militare
937 4314 1032 4365 aut
1067 4310 1270 4378 aliquid
1299 4330 1344 4381 p
1456 4315 1519 4366 16
1556 4314 1734 4364 tactus
1772 4310 2067 4378 imperitiae
2105 4312 2171 4365 N
2276 4312 2339 4365 17
2377 4310 2583 4378 loquuti
2626 4311 2697 4365 M

399 4403 462 4455 18
499 4399 664 4467 exigit
701 4402 764 4453 N
832 4399 1095 4467 exigimur
1125 4418 1168 4467 p
1277 4402 1567 4465 magestate
1606 4401 1681 4453 M
