<?xml version="1.0" encoding="UTF-8"?>
<!DOCTYPE html PUBLIC "-//W3C//DTD XHTML 1.0 Transitional//EN"
    "http://www.w3.org/TR/xhtml1/DTD/xhtml1-transitional.dtd">
<html xmlns="http://www.w3.org/1999/xhtml" xml:lang="en" lang="en">
 <head>
  <title>
</title>
<meta http-equiv="Content-Type" content="text/html;charset=utf-8" />
  <meta name='ocr-system' content='tesseract 3.04.00' />
  <meta name='ocr-capabilities' content='ocr_page ocr_carea ocr_par ocr_line ocrx_word'/>
</head>
<body>
  <div class='ocr_page' id='page_1' title='image "./corpusscriptoru28wissgoog_0375.png"; bbox 0 0 3167 4975; ppageno 0'>
   <div class='ocr_carea' id='block_1_1' title="bbox 1073 439 2704 508">
    <p class='ocr_par' dir='ltr' id='par_1_1' title="bbox 1073 439 2704 508">
     <span class='ocr_line' id='line_1_1' title="bbox 1073 439 2704 508; baseline 0.005 -14"><span class='ocrx_word' id='word_1_1' title='bbox 1073 443 1304 494; x_wconf 84' lang='lat' dir='ltr'>contra</span> <span class='ocrx_word' id='word_1_2' title='bbox 1337 441 1719 496; x_wconf 81' lang='lat' dir='ltr'><strong>Nestorium</strong></span> <span class='ocrx_word' id='word_1_3' title='bbox 1755 439 1865 496; x_wconf 91' lang='lat' dir='ltr'>lib.</span> <span class='ocrx_word' id='word_1_4' title='bbox 1903 441 1947 506; x_wconf 88' lang='lat'>1,</span> <span class='ocrx_word' id='word_1_5' title='bbox 1985 446 2032 496; x_wconf 89' lang='lat'>5.</span> <span class='ocrx_word' id='word_1_6' title='bbox 2578 443 2704 508; x_wconf 78' lang='lat'>243</span> 
     </span>
    </p>
   </div>
   <div class='ocr_carea' id='block_1_2' title="bbox 288 617 2790 3635">
    <p class='ocr_par' dir='ltr' id='par_1_2' title="bbox 288 617 2790 3635">
     <span class='ocr_line' id='line_1_2' title="bbox 407 617 2790 702; baseline 0.001 -19"><span class='ocrx_word' id='word_1_7' title='bbox 407 619 728 684; x_wconf 90' lang='lat' dir='ltr'>hominis</span> <span class='ocrx_word' id='word_1_8' title='bbox 775 619 848 682; x_wconf 93' lang='lat' dir='ltr'>in</span> <span class='ocrx_word' id='word_1_9' title='bbox 903 618 1116 682; x_wconf 88' lang='lat' dir='ltr'>deum</span> <span class='ocrx_word' id='word_1_10' title='bbox 1179 617 1559 699; x_wconf 88' lang='lat' dir='ltr'>uenirent,</span> <span class='ocrx_word' id='word_1_11' title='bbox 1622 622 1697 683; x_wconf 91' lang='lat' dir='ltr'>et</span> <span class='ocrx_word' id='word_1_12' title='bbox 1757 618 1894 682; x_wconf 88' lang='lat' dir='ltr'>hac</span> <span class='ocrx_word' id='word_1_13' title='bbox 1951 619 2487 702; x_wconf 78' lang='lat' dir='ltr'>intellegentia</span> <span class='ocrx_word' id='word_1_14' title='bbox 2544 639 2703 684; x_wconf 89' lang='lat' dir='ltr'>uer·</span> <span class='ocrx_word' id='word_1_15' title='bbox 2750 629 2790 685; x_wconf 75' lang='lat'>4</span> 
     </span>
     <span class='ocr_line' id='line_1_3' title="bbox 407 722 2707 802; baseline 0 -14"><span class='ocrx_word' id='word_1_16' title='bbox 407 723 578 788; x_wconf 91' lang='lat' dir='ltr'>bum</span> <span class='ocrx_word' id='word_1_17' title='bbox 639 740 810 788; x_wconf 89' lang='lat' dir='ltr'>caro</span> <span class='ocrx_word' id='word_1_18' title='bbox 856 723 1136 787; x_wconf 88' lang='lat' dir='ltr'>factum</span> <span class='ocrx_word' id='word_1_19' title='bbox 1199 722 1328 802; x_wconf 90' lang='lat' dir='ltr'>sit,</span> <span class='ocrx_word' id='word_1_20' title='bbox 1388 741 1530 788; x_wconf 90' lang='lat' dir='ltr'>non</span> <span class='ocrx_word' id='word_1_21' title='bbox 1592 727 1671 788; x_wconf 89' lang='lat' dir='ltr'>ut</span> <span class='ocrx_word' id='word_1_22' title='bbox 1735 723 2227 788; x_wconf 89' lang='lat' dir='ltr'>conuersione</span> <span class='ocrx_word' id='word_1_23' title='bbox 2288 727 2416 788; x_wconf 89' lang='lat' dir='ltr'>aut</span> <span class='ocrx_word' id='word_1_24' title='bbox 2474 727 2707 790; x_wconf 91' lang='lat' dir='ltr'>muta-</span> 
     </span>
     <span class='ocr_line' id='line_1_4' title="bbox 405 827 2705 911; baseline 0 -18"><span class='ocrx_word' id='word_1_25' title='bbox 405 829 715 894; x_wconf 90' lang='lat' dir='ltr'>bilitate</span> <span class='ocrx_word' id='word_1_26' title='bbox 775 828 1034 909; x_wconf 89' lang='lat' dir='ltr'>aliqua</span> <span class='ocrx_word' id='word_1_27' title='bbox 1092 827 1426 911; x_wconf 88' lang='lat' dir='ltr'>coeperit</span> <span class='ocrx_word' id='word_1_28' title='bbox 1485 847 1651 891; x_wconf 90' lang='lat' dir='ltr'>esse</span> <span class='ocrx_word' id='word_1_29' title='bbox 1710 828 1902 910; x_wconf 87' lang='lat' dir='ltr'>quod</span> <span class='ocrx_word' id='word_1_30' title='bbox 1962 846 2104 892; x_wconf 90' lang='lat' dir='ltr'>non</span> <span class='ocrx_word' id='word_1_31' title='bbox 2166 832 2357 909; x_wconf 88' lang='lat' dir='ltr'>erat,</span> <span class='ocrx_word' id='word_1_32' title='bbox 2428 829 2556 893; x_wconf 87' lang='lat' dir='ltr'>sed</span> <span class='ocrx_word' id='word_1_33' title='bbox 2625 834 2705 894; x_wconf 93' lang='lat' dir='ltr'>ut</span> 
     </span>
     <span class='ocr_line' id='line_1_5' title="bbox 405 931 2703 1018; baseline 0 -21"><span class='ocrx_word' id='word_1_34' title='bbox 405 932 752 1018; x_wconf 89' lang='lat' dir='ltr'>potentia</span> <span class='ocrx_word' id='word_1_35' title='bbox 811 931 1112 996; x_wconf 88' lang='lat' dir='ltr'>diuinae</span> <span class='ocrx_word' id='word_1_36' title='bbox 1160 931 1763 1015; x_wconf 76' lang='lat' dir='ltr'>dispensationis</span> <span class='ocrx_word' id='word_1_37' title='bbox 1828 931 2140 996; x_wconf 91' lang='lat' dir='ltr'>uerbum</span> <span class='ocrx_word' id='word_1_38' title='bbox 2199 933 2439 1016; x_wconf 86' lang='lat' dir='ltr'>patris</span> <span class='ocrx_word' id='word_1_39' title='bbox 2501 952 2703 998; x_wconf 90' lang='lat' dir='ltr'>num-</span> 
     </span>
     <span class='ocr_line' id='line_1_6' title="bbox 321 1036 2702 1121; baseline -0.001 -15"><span class='ocrx_word' id='word_1_40' title='bbox 321 1067 351 1106; x_wconf 81' lang='lat'>5</span> <span class='ocrx_word' id='word_1_41' title='bbox 405 1057 622 1120; x_wconf 90' lang='lat' dir='ltr'>quam</span> <span class='ocrx_word' id='word_1_42' title='bbox 667 1057 706 1101; x_wconf 87' lang='lat' dir='ltr'>a</span> <span class='ocrx_word' id='word_1_43' title='bbox 743 1039 956 1119; x_wconf 88' lang='lat' dir='ltr'>patre</span> <span class='ocrx_word' id='word_1_44' title='bbox 1002 1036 1398 1101; x_wconf 76' lang='lat' dir='ltr'>discedens</span> <span class='ocrx_word' id='word_1_45' title='bbox 1445 1037 1661 1102; x_wconf 87' lang='lat' dir='ltr'>homo</span> <span class='ocrx_word' id='word_1_46' title='bbox 1708 1039 2005 1121; x_wconf 85' lang='lat' dir='ltr'>proprie</span> <span class='ocrx_word' id='word_1_47' title='bbox 2039 1037 2213 1102; x_wconf 88' lang='lat' dir='ltr'>fieri</span> <span class='ocrx_word' id='word_1_48' title='bbox 2242 1037 2702 1121; x_wconf 88' lang='lat' dir='ltr'>dignaretur,</span> 
     </span>
     <span class='ocr_line' id='line_1_7' title="bbox 405 1141 2702 1229; baseline 0 -22"><span class='ocrx_word' id='word_1_49' title='bbox 405 1143 992 1225; x_wconf 75' lang='lat' dir='ltr'>incarnatusque</span> <span class='ocrx_word' id='word_1_50' title='bbox 1069 1142 1169 1206; x_wconf 92' lang='lat' dir='ltr'>sit</span> <span class='ocrx_word' id='word_1_51' title='bbox 1243 1141 1687 1229; x_wconf 88' lang='lat' dir='ltr'>unigenitus</span> <span class='ocrx_word' id='word_1_52' title='bbox 1764 1145 2055 1207; x_wconf 90' lang='lat' dir='ltr'>secreto</span> <span class='ocrx_word' id='word_1_53' title='bbox 2128 1143 2261 1206; x_wconf 92' lang='lat' dir='ltr'>illo</span> <span class='ocrx_word' id='word_1_54' title='bbox 2338 1143 2702 1225; x_wconf 79' lang='lat' dir='ltr'>mysterio</span> 
     </span>
     <span class='ocr_line' id='line_1_8' title="bbox 405 1244 2701 1330; baseline 0 -19"><span class='ocrx_word' id='word_1_55' title='bbox 405 1265 544 1330; x_wconf 89' lang='lat' dir='ltr'>quo</span> <span class='ocrx_word' id='word_1_56' title='bbox 603 1248 763 1330; x_wconf 90' lang='lat' dir='ltr'>ipse</span> <span class='ocrx_word' id='word_1_57' title='bbox 823 1246 1035 1310; x_wconf 90' lang='lat' dir='ltr'>nouit</span> <span class='ocrx_word' id='word_1_58' title='bbox 1095 1244 1464 1328; x_wconf 88' lang='lat' dir='ltr'>(nostrum</span> <span class='ocrx_word' id='word_1_59' title='bbox 1526 1265 1847 1330; x_wconf 92' lang='lat' dir='ltr'>namque</span> <span class='ocrx_word' id='word_1_60' title='bbox 1909 1250 2025 1312; x_wconf 93' lang='lat' dir='ltr'>est</span> <span class='ocrx_word' id='word_1_61' title='bbox 2090 1247 2425 1328; x_wconf 82' lang='lat' dir='ltr'>credere,</span> <span class='ocrx_word' id='word_1_62' title='bbox 2490 1247 2701 1312; x_wconf 89' lang='lat' dir='ltr'>illius</span> 
     </span>
     <span class='ocr_line' id='line_1_9' title="bbox 404 1350 2700 1435; baseline 0 -19"><span class='ocrx_word' id='word_1_63' title='bbox 404 1350 679 1434; x_wconf 86' lang='lat' dir='ltr'>nosse):</span> <span class='ocrx_word' id='word_1_64' title='bbox 727 1369 809 1416; x_wconf 91' lang='lat' dir='ltr'>ac</span> <span class='ocrx_word' id='word_1_65' title='bbox 839 1352 946 1416; x_wconf 91' lang='lat' dir='ltr'>sic</span> <span class='ocrx_word' id='word_1_66' title='bbox 976 1351 1136 1434; x_wconf 87' lang='lat' dir='ltr'>ipse</span> <span class='ocrx_word' id='word_1_67' title='bbox 1167 1351 1346 1416; x_wconf 92' lang='lat' dir='ltr'>deus</span> <span class='ocrx_word' id='word_1_68' title='bbox 1393 1351 1709 1416; x_wconf 89' lang='lat' dir='ltr'>uerbum</span> <span class='ocrx_word' id='word_1_69' title='bbox 1754 1354 1993 1416; x_wconf 90' lang='lat' dir='ltr'>totum</span> <span class='ocrx_word' id='word_1_70' title='bbox 2038 1352 2462 1435; x_wconf 89' lang='lat' dir='ltr'>suscipiens</span> <span class='ocrx_word' id='word_1_71' title='bbox 2508 1353 2700 1434; x_wconf 92' lang='lat' dir='ltr'>quod</span> 
     </span>
     <span class='ocr_line' id='line_1_10' title="bbox 403 1456 2700 1540; baseline 0 -19"><span class='ocrx_word' id='word_1_72' title='bbox 403 1460 520 1522; x_wconf 90' lang='lat' dir='ltr'>est</span> <span class='ocrx_word' id='word_1_73' title='bbox 560 1456 884 1521; x_wconf 89' lang='lat' dir='ltr'>hominis</span> <span class='ocrx_word' id='word_1_74' title='bbox 929 1457 1144 1521; x_wconf 90' lang='lat' dir='ltr'>homo</span> <span class='ocrx_word' id='word_1_75' title='bbox 1203 1457 1333 1536; x_wconf 88' lang='lat' dir='ltr'>sit,</span> <span class='ocrx_word' id='word_1_76' title='bbox 1395 1459 1466 1520; x_wconf 91' lang='lat' dir='ltr'>et</span> <span class='ocrx_word' id='word_1_77' title='bbox 1526 1457 1970 1540; x_wconf 78' lang='lat' dir='ltr'>adsumptus</span> <span class='ocrx_word' id='word_1_78' title='bbox 2014 1456 2229 1522; x_wconf 89' lang='lat' dir='ltr'>homo</span> <span class='ocrx_word' id='word_1_79' title='bbox 2290 1460 2529 1522; x_wconf 88' lang='lat' dir='ltr'>totum</span> <span class='ocrx_word' id='word_1_80' title='bbox 2589 1476 2700 1523; x_wconf 89' lang='lat' dir='ltr'>ac-</span> 
     </span>
     <span class='ocr_line' id='line_1_11' title="bbox 299 1560 2700 1644; baseline -0 -16"><span class='ocrx_word' id='word_1_81' title='bbox 299 1589 352 1628; x_wconf 80' lang='lat'>10</span> <span class='ocrx_word' id='word_1_82' title='bbox 403 1561 746 1644; x_wconf 87' lang='lat' dir='ltr'>cipiendo</span> <span class='ocrx_word' id='word_1_83' title='bbox 824 1560 1016 1643; x_wconf 89' lang='lat' dir='ltr'>quod</span> <span class='ocrx_word' id='word_1_84' title='bbox 1089 1560 1206 1625; x_wconf 87' lang='lat' dir='ltr'>dei</span> <span class='ocrx_word' id='word_1_85' title='bbox 1281 1564 1397 1625; x_wconf 89' lang='lat' dir='ltr'>est</span> <span class='ocrx_word' id='word_1_86' title='bbox 1470 1561 1677 1626; x_wconf 86' lang='lat' dir='ltr'>aliud</span> <span class='ocrx_word' id='word_1_87' title='bbox 1752 1579 1971 1644; x_wconf 88' lang='lat' dir='ltr'>quam</span> <span class='ocrx_word' id='word_1_88' title='bbox 2048 1561 2229 1626; x_wconf 89' lang='lat' dir='ltr'>deus</span> <span class='ocrx_word' id='word_1_89' title='bbox 2312 1581 2475 1626; x_wconf 91' lang='lat' dir='ltr'>esse</span> <span class='ocrx_word' id='word_1_90' title='bbox 2559 1580 2700 1627; x_wconf 91' lang='lat' dir='ltr'>non</span> 
     </span>
     <span class='ocr_line' id='line_1_12' title="bbox 400 1665 2703 1750; baseline 0 -20"><span class='ocrx_word' id='word_1_91' title='bbox 400 1667 671 1750; x_wconf 87' lang='lat' dir='ltr'>possit,</span> <span class='ocrx_word' id='word_1_92' title='bbox 756 1683 901 1730; x_wconf 91' lang='lat' dir='ltr'>non</span> <span class='ocrx_word' id='word_1_93' title='bbox 975 1668 1253 1746; x_wconf 89' lang='lat' dir='ltr'>tamen,</span> <span class='ocrx_word' id='word_1_94' title='bbox 1338 1665 1512 1748; x_wconf 90' lang='lat' dir='ltr'>quia</span> <span class='ocrx_word' id='word_1_95' title='bbox 1583 1666 2027 1731; x_wconf 85' lang='lat' dir='ltr'>incarnatus</span> <span class='ocrx_word' id='word_1_96' title='bbox 2104 1667 2379 1732; x_wconf 87' lang='lat' dir='ltr'>dicitur</span> <span class='ocrx_word' id='word_1_97' title='bbox 2454 1669 2526 1730; x_wconf 91' lang='lat' dir='ltr'>et</span> <span class='ocrx_word' id='word_1_98' title='bbox 2598 1667 2703 1731; x_wconf 90' lang='lat' dir='ltr'>in-</span> 
     </span>
     <span class='ocr_line' id='line_1_13' title="bbox 401 1769 2697 1854; baseline 0 -19"><span class='ocrx_word' id='word_1_99' title='bbox 401 1771 713 1852; x_wconf 87' lang='lat' dir='ltr'>mixtus,</span> <span class='ocrx_word' id='word_1_100' title='bbox 799 1769 1195 1834; x_wconf 89' lang='lat' dir='ltr'>diminutio</span> <span class='ocrx_word' id='word_1_101' title='bbox 1273 1770 1432 1834; x_wconf 89' lang='lat' dir='ltr'>eius</span> <span class='ocrx_word' id='word_1_102' title='bbox 1509 1772 1609 1836; x_wconf 91' lang='lat' dir='ltr'>sit</span> <span class='ocrx_word' id='word_1_103' title='bbox 1684 1771 2123 1854; x_wconf 89' lang='lat' dir='ltr'>accipienda</span> <span class='ocrx_word' id='word_1_104' title='bbox 2199 1770 2697 1836; x_wconf 87' lang='lat' dir='ltr'>substantiae.</span> 
     </span>
     <span class='ocr_line' id='line_1_14' title="bbox 401 1875 2781 1958; baseline -0 -19"><span class='ocrx_word' id='word_1_105' title='bbox 401 1875 613 1940; x_wconf 90' lang='lat' dir='ltr'>nouit</span> <span class='ocrx_word' id='word_1_106' title='bbox 657 1876 834 1939; x_wconf 90' lang='lat' dir='ltr'>deus</span> <span class='ocrx_word' id='word_1_107' title='bbox 891 1876 1050 1940; x_wconf 88' lang='lat' dir='ltr'>sine</span> <span class='ocrx_word' id='word_1_108' title='bbox 1113 1875 1226 1938; x_wconf 89' lang='lat' dir='ltr'>sui</span> <span class='ocrx_word' id='word_1_109' title='bbox 1285 1875 1763 1958; x_wconf 83' lang='lat' dir='ltr'>corruptione</span> <span class='ocrx_word' id='word_1_110' title='bbox 1823 1875 2121 1940; x_wconf 89' lang='lat' dir='ltr'>misceri</span> <span class='ocrx_word' id='word_1_111' title='bbox 2184 1879 2257 1940; x_wconf 92' lang='lat' dir='ltr'>et</span> <span class='ocrx_word' id='word_1_112' title='bbox 2314 1880 2562 1941; x_wconf 90' lang='lat' dir='ltr'>tamen</span> <span class='ocrx_word' id='word_1_113' title='bbox 2622 1877 2695 1940; x_wconf 92' lang='lat' dir='ltr'>in</span> <span class='ocrx_word' id='word_1_114' title='bbox 2745 1883 2781 1938; x_wconf 89' lang='lat'>5</span> 
     </span>
     <span class='ocr_line' id='line_1_15' title="bbox 402 1979 2702 2064; baseline 0 -20"><span class='ocrx_word' id='word_1_115' title='bbox 402 1981 726 2044; x_wconf 90' lang='lat' dir='ltr'>ueritate</span> <span class='ocrx_word' id='word_1_116' title='bbox 773 1979 1104 2061; x_wconf 87' lang='lat' dir='ltr'>misceri,</span> <span class='ocrx_word' id='word_1_117' title='bbox 1165 1983 1236 2044; x_wconf 92' lang='lat' dir='ltr'>et</span> <span class='ocrx_word' id='word_1_118' title='bbox 1278 1981 1386 2045; x_wconf 90' lang='lat' dir='ltr'>ita</span> <span class='ocrx_word' id='word_1_119' title='bbox 1431 1980 1848 2064; x_wconf 88' lang='lat' dir='ltr'>suscipere,</span> <span class='ocrx_word' id='word_1_120' title='bbox 1908 1982 1991 2044; x_wconf 92' lang='lat' dir='ltr'>ut</span> <span class='ocrx_word' id='word_1_121' title='bbox 2049 1980 2238 2044; x_wconf 90' lang='lat' dir='ltr'>nihil</span> <span class='ocrx_word' id='word_1_122' title='bbox 2294 1981 2360 2045; x_wconf 91' lang='lat' dir='ltr'>ei</span> <span class='ocrx_word' id='word_1_123' title='bbox 2406 1983 2702 2045; x_wconf 88' lang='lat' dir='ltr'>crescat</span> 
     </span>
     <span class='ocr_line' id='line_1_16' title="bbox 297 2084 2703 2168; baseline -0.001 -16"><span class='ocrx_word' id='word_1_124' title='bbox 297 2111 350 2152; x_wconf 79' lang='lat'>1⁵</span> <span class='ocrx_word' id='word_1_125' title='bbox 404 2085 817 2168; x_wconf 78' lang='lat' dir='ltr'>augmenti,</span> <span class='ocrx_word' id='word_1_126' title='bbox 880 2085 1079 2149; x_wconf 88' lang='lat' dir='ltr'>sicut</span> <span class='ocrx_word' id='word_1_127' title='bbox 1139 2105 1214 2148; x_wconf 89' lang='lat' dir='ltr'>se</span> <span class='ocrx_word' id='word_1_128' title='bbox 1273 2084 1522 2168; x_wconf 91' lang='lat' dir='ltr'>ipsum</span> <span class='ocrx_word' id='word_1_129' title='bbox 1565 2088 1808 2149; x_wconf 89' lang='lat' dir='ltr'>totum</span> <span class='ocrx_word' id='word_1_130' title='bbox 1867 2085 2084 2149; x_wconf 89' lang='lat' dir='ltr'>nouit</span> <span class='ocrx_word' id='word_1_131' title='bbox 2126 2085 2557 2166; x_wconf 86' lang='lat' dir='ltr'>infundere,</span> <span class='ocrx_word' id='word_1_132' title='bbox 2622 2089 2703 2150; x_wconf 90' lang='lat' dir='ltr'>ut</span> 
     </span>
     <span class='ocr_line' id='line_1_17' title="bbox 403 2189 2701 2274; baseline 0.001 -21"><span class='ocrx_word' id='word_1_133' title='bbox 403 2189 591 2254; x_wconf 90' lang='lat' dir='ltr'>nihil</span> <span class='ocrx_word' id='word_1_134' title='bbox 653 2190 718 2254; x_wconf 91' lang='lat' dir='ltr'>ei</span> <span class='ocrx_word' id='word_1_135' title='bbox 778 2189 1072 2254; x_wconf 86' lang='lat' dir='ltr'>accidat</span> <span class='ocrx_word' id='word_1_136' title='bbox 1129 2189 1588 2254; x_wconf 87' lang='lat' dir='ltr'>detrimenti.</span> <span class='ocrx_word' id='word_1_137' title='bbox 1667 2207 1810 2253; x_wconf 88' lang='lat' dir='ltr'>non</span> <span class='ocrx_word' id='word_1_138' title='bbox 1872 2208 2047 2273; x_wconf 90' lang='lat' dir='ltr'>ergo</span> <span class='ocrx_word' id='word_1_139' title='bbox 2108 2189 2197 2254; x_wconf 87' lang='lat' dir='ltr'>ad</span> <span class='ocrx_word' id='word_1_140' title='bbox 2250 2190 2701 2274; x_wconf 88' lang='lat' dir='ltr'>intellegen-</span> 
     </span>
     <span class='ocr_line' id='line_1_18' title="bbox 403 2293 2700 2376; baseline 0 -18"><span class='ocrx_word' id='word_1_141' title='bbox 403 2293 584 2358; x_wconf 84' lang='lat' dir='ltr'>tiam</span> <span class='ocrx_word' id='word_1_142' title='bbox 629 2293 1166 2358; x_wconf 88' lang='lat' dir='ltr'>inbecillitatis</span> <span class='ocrx_word' id='word_1_143' title='bbox 1213 2297 1516 2359; x_wconf 89' lang='lat' dir='ltr'>nostrae</span> <span class='ocrx_word' id='word_1_144' title='bbox 1563 2293 1971 2358; x_wconf 89' lang='lat' dir='ltr'>secundum</span> <span class='ocrx_word' id='word_1_145' title='bbox 2019 2294 2700 2376; x_wconf 81' lang='lat' dir='ltr'>experimentorum</span> 
     </span>
     <span class='ocr_line' id='line_1_19' title="bbox 401 2397 2698 2482; baseline 0.001 -20"><span class='ocrx_word' id='word_1_146' title='bbox 401 2398 744 2463; x_wconf 89' lang='lat' dir='ltr'>uisibilia</span> <span class='ocrx_word' id='word_1_147' title='bbox 787 2398 1236 2464; x_wconf 86' lang='lat' dir='ltr'>documenta</span> <span class='ocrx_word' id='word_1_148' title='bbox 1293 2397 1670 2463; x_wconf 82' lang='lat' dir='ltr'>facientes</span> <span class='ocrx_word' id='word_1_149' title='bbox 1731 2399 2241 2464; x_wconf 89' lang='lat' dir='ltr'>coniecturam</span> <span class='ocrx_word' id='word_1_150' title='bbox 2288 2399 2373 2464; x_wconf 91' lang='lat' dir='ltr'>de</span> <span class='ocrx_word' id='word_1_151' title='bbox 2434 2417 2698 2482; x_wconf 87' lang='lat' dir='ltr'>aequa-</span> 
     </span>
     <span class='ocr_line' id='line_1_20' title="bbox 397 2503 2697 2589; baseline 0.001 -21"><span class='ocrx_word' id='word_1_152' title='bbox 397 2504 596 2569; x_wconf 91' lang='lat' dir='ltr'>libus</span> <span class='ocrx_word' id='word_1_153' title='bbox 674 2524 750 2569; x_wconf 91' lang='lat' dir='ltr'>se</span> <span class='ocrx_word' id='word_1_154' title='bbox 823 2504 1148 2569; x_wconf 90' lang='lat' dir='ltr'>inuicem</span> <span class='ocrx_word' id='word_1_155' title='bbox 1222 2503 1836 2587; x_wconf 87' lang='lat' dir='ltr'>ingredientibus</span> <span class='ocrx_word' id='word_1_156' title='bbox 1912 2504 2280 2569; x_wconf 88' lang='lat' dir='ltr'>creaturis</span> <span class='ocrx_word' id='word_1_157' title='bbox 2348 2508 2697 2589; x_wconf 91' lang='lat' dir='ltr'>putemus</span> 
     </span>
     <span class='ocr_line' id='line_1_21' title="bbox 293 2609 2697 2691; baseline 0.001 -18"><span class='ocrx_word' id='word_1_158' title='bbox 293 2634 348 2673; x_wconf 81' lang='lat'>20</span> <span class='ocrx_word' id='word_1_159' title='bbox 401 2610 614 2673; x_wconf 90' lang='lat' dir='ltr'>deum</span> <span class='ocrx_word' id='word_1_160' title='bbox 698 2609 1222 2691; x_wconf 89' lang='lat' dir='ltr'>hominemque</span> <span class='ocrx_word' id='word_1_161' title='bbox 1312 2609 1795 2673; x_wconf 87' lang='lat' dir='ltr'>commixtum</span> <span class='ocrx_word' id='word_1_162' title='bbox 1882 2612 1954 2673; x_wconf 91' lang='lat' dir='ltr'>et</span> <span class='ocrx_word' id='word_1_163' title='bbox 2040 2610 2183 2674; x_wconf 90' lang='lat' dir='ltr'>tali</span> <span class='ocrx_word' id='word_1_164' title='bbox 2264 2609 2697 2675; x_wconf 88' lang='lat' dir='ltr'>confusione</span> 
     </span>
     <span class='ocr_line' id='line_1_22' title="bbox 400 2713 2785 2797; baseline 0.001 -20"><span class='ocrx_word' id='word_1_165' title='bbox 400 2714 650 2779; x_wconf 89' lang='lat' dir='ltr'>carnis</span> <span class='ocrx_word' id='word_1_166' title='bbox 713 2717 786 2779; x_wconf 89' lang='lat' dir='ltr'>et</span> <span class='ocrx_word' id='word_1_167' title='bbox 844 2714 1056 2778; x_wconf 89' lang='lat' dir='ltr'>uerbi</span> <span class='ocrx_word' id='word_1_168' title='bbox 1103 2713 1319 2795; x_wconf 87' lang='lat' dir='ltr'>quasi</span> <span class='ocrx_word' id='word_1_169' title='bbox 1375 2713 1678 2795; x_wconf 87' lang='lat' dir='ltr'>aliquod</span> <span class='ocrx_word' id='word_1_170' title='bbox 1721 2730 1991 2797; x_wconf 89' lang='lat' dir='ltr'>corpus</span> <span class='ocrx_word' id='word_1_171' title='bbox 2038 2714 2418 2778; x_wconf 89' lang='lat' dir='ltr'>effectum.</span> <span class='ocrx_word' id='word_1_172' title='bbox 2499 2714 2703 2779; x_wconf 91' lang='lat' dir='ltr'>absit</span> <span class='ocrx_word' id='word_1_173' title='bbox 2751 2726 2785 2779; x_wconf 85' lang='grc'>6</span> 
     </span>
     <span class='ocr_line' id='line_1_23' title="bbox 396 2817 2697 2903; baseline 0.001 -22"><span class='ocrx_word' id='word_1_174' title='bbox 396 2817 506 2883; x_wconf 92' lang='lat' dir='ltr'>ita</span> <span class='ocrx_word' id='word_1_175' title='bbox 563 2818 896 2900; x_wconf 87' lang='lat' dir='ltr'>credere,</span> <span class='ocrx_word' id='word_1_176' title='bbox 965 2820 1046 2883; x_wconf 88' lang='lat' dir='ltr'>ut</span> <span class='ocrx_word' id='word_1_177' title='bbox 1110 2817 1494 2882; x_wconf 88' lang='lat' dir='ltr'>conflatili</span> <span class='ocrx_word' id='word_1_178' title='bbox 1563 2818 2109 2899; x_wconf 89' lang='lat' dir='ltr'>quodammodo</span> <span class='ocrx_word' id='word_1_179' title='bbox 2177 2837 2449 2903; x_wconf 88' lang='lat' dir='ltr'>genere</span> <span class='ocrx_word' id='word_1_180' title='bbox 2516 2819 2697 2884; x_wconf 89' lang='lat' dir='ltr'>duas</span> 
     </span>
     <span class='ocr_line' id='line_1_24' title="bbox 397 2921 2697 2989; baseline 0.001 -3"><span class='ocrx_word' id='word_1_181' title='bbox 397 2925 712 2988; x_wconf 87' lang='lat' dir='ltr'>naturas</span> <span class='ocrx_word' id='word_1_182' title='bbox 771 2922 846 2987; x_wconf 93' lang='lat' dir='ltr'>in</span> <span class='ocrx_word' id='word_1_183' title='bbox 905 2940 1125 2987; x_wconf 89' lang='lat' dir='ltr'>unam</span> <span class='ocrx_word' id='word_1_184' title='bbox 1190 2923 1536 2987; x_wconf 87' lang='lat' dir='ltr'>redactas</span> <span class='ocrx_word' id='word_1_185' title='bbox 1600 2921 2057 2987; x_wconf 87' lang='lat' dir='ltr'>arbitremur</span> <span class='ocrx_word' id='word_1_186' title='bbox 2117 2941 2283 2987; x_wconf 88' lang='lat' dir='ltr'>esse</span> <span class='ocrx_word' id='word_1_187' title='bbox 2352 2923 2697 2989; x_wconf 87' lang='lat' dir='ltr'>substan-</span> 
     </span>
     <span class='ocr_line' id='line_1_25' title="bbox 399 3026 2697 3111; baseline 0 -20"><span class='ocrx_word' id='word_1_188' title='bbox 399 3027 608 3092; x_wconf 86' lang='lat' dir='ltr'>tiam:</span> <span class='ocrx_word' id='word_1_189' title='bbox 693 3028 1124 3093; x_wconf 88' lang='lat' dir='ltr'>huiusmodi</span> <span class='ocrx_word' id='word_1_190' title='bbox 1199 3026 1398 3091; x_wconf 91' lang='lat' dir='ltr'>enim</span> <span class='ocrx_word' id='word_1_191' title='bbox 1482 3026 1908 3091; x_wconf 82' lang='lat' dir='ltr'>commixtio</span> <span class='ocrx_word' id='word_1_192' title='bbox 1984 3026 2225 3111; x_wconf 90' lang='lat' dir='ltr'>partis</span> <span class='ocrx_word' id='word_1_193' title='bbox 2302 3028 2697 3111; x_wconf 90' lang='lat' dir='ltr'>utriusque</span> 
     </span>
     <span class='ocr_line' id='line_1_26' title="bbox 288 3130 2697 3217; baseline 0 -20"><span class='ocrx_word' id='word_1_194' title='bbox 288 3158 344 3199; x_wconf 79' lang='lat'>25</span> <span class='ocrx_word' id='word_1_195' title='bbox 398 3132 782 3216; x_wconf 88' lang='lat' dir='ltr'>corruptio</span> <span class='ocrx_word' id='word_1_196' title='bbox 843 3135 975 3197; x_wconf 90' lang='lat' dir='ltr'>est.</span> <span class='ocrx_word' id='word_1_197' title='bbox 1077 3132 1256 3196; x_wconf 87' lang='lat' dir='ltr'>deus</span> <span class='ocrx_word' id='word_1_198' title='bbox 1320 3132 1547 3213; x_wconf 88' lang='lat' dir='ltr'>enim,</span> <span class='ocrx_word' id='word_1_199' title='bbox 1609 3132 1737 3213; x_wconf 89' lang='lat' dir='ltr'>qui</span> <span class='ocrx_word' id='word_1_200' title='bbox 1797 3130 2200 3215; x_wconf 89' lang='lat' dir='ltr'>capabilis,</span> <span class='ocrx_word' id='word_1_201' title='bbox 2261 3151 2406 3197; x_wconf 91' lang='lat' dir='ltr'>non</span> <span class='ocrx_word' id='word_1_202' title='bbox 2467 3151 2697 3217; x_wconf 83' lang='lat' dir='ltr'>capax</span> 
     </span>
     <span class='ocr_line' id='line_1_27' title="bbox 397 3236 2696 3321; baseline 0 -20"><span class='ocrx_word' id='word_1_203' title='bbox 397 3240 538 3318; x_wconf 89' lang='lat' dir='ltr'>est,</span> <span class='ocrx_word' id='word_1_204' title='bbox 606 3240 1046 3321; x_wconf 78' lang='lat' dir='ltr'>penetranS,</span> <span class='ocrx_word' id='word_1_205' title='bbox 1117 3254 1258 3301; x_wconf 91' lang='lat' dir='ltr'>non</span> <span class='ocrx_word' id='word_1_206' title='bbox 1325 3236 1862 3320; x_wconf 80' lang='lat' dir='ltr'>penetrabiliS,</span> <span class='ocrx_word' id='word_1_207' title='bbox 1930 3237 2285 3320; x_wconf 79' lang='lat' dir='ltr'>implenS,</span> <span class='ocrx_word' id='word_1_208' title='bbox 2358 3256 2500 3303; x_wconf 89' lang='lat' dir='ltr'>non</span> <span class='ocrx_word' id='word_1_209' title='bbox 2567 3238 2696 3302; x_wconf 92' lang='lat' dir='ltr'>im-</span> 
     </span>
     <span class='ocr_line' id='line_1_28' title="bbox 394 3340 2694 3426; baseline 0 -19"><span class='ocrx_word' id='word_1_210' title='bbox 394 3341 730 3426; x_wconf 83' lang='lat' dir='ltr'>plebilis,</span> <span class='ocrx_word' id='word_1_211' title='bbox 777 3342 903 3423; x_wconf 91' lang='lat' dir='ltr'>qui</span> <span class='ocrx_word' id='word_1_212' title='bbox 949 3340 1223 3424; x_wconf 89' lang='lat' dir='ltr'>ubique</span> <span class='ocrx_word' id='word_1_213' title='bbox 1271 3342 1496 3405; x_wconf 91' lang='lat' dir='ltr'>simul</span> <span class='ocrx_word' id='word_1_214' title='bbox 1541 3344 1745 3405; x_wconf 89' lang='lat' dir='ltr'>totus</span> <span class='ocrx_word' id='word_1_215' title='bbox 1794 3344 1909 3407; x_wconf 88' lang='lat' dir='ltr'>est</span> <span class='ocrx_word' id='word_1_216' title='bbox 1940 3344 2012 3405; x_wconf 89' lang='lat' dir='ltr'>et</span> <span class='ocrx_word' id='word_1_217' title='bbox 2041 3342 2319 3425; x_wconf 90' lang='lat' dir='ltr'>ubique</span> <span class='ocrx_word' id='word_1_218' title='bbox 2365 3342 2694 3407; x_wconf 83' lang='lat' dir='ltr'>diffusus</span> 
     </span>
     <span class='ocr_line' id='line_1_29' title="bbox 396 3446 2694 3531; baseline 0 -20"><span class='ocrx_word' id='word_1_219' title='bbox 396 3450 540 3527; x_wconf 89' lang='lat' dir='ltr'>est,</span> <span class='ocrx_word' id='word_1_220' title='bbox 592 3465 720 3531; x_wconf 91' lang='lat' dir='ltr'>per</span> <span class='ocrx_word' id='word_1_221' title='bbox 765 3447 1222 3511; x_wconf 90' lang='lat' dir='ltr'>infusionem</span> <span class='ocrx_word' id='word_1_222' title='bbox 1268 3446 1663 3529; x_wconf 88' lang='lat' dir='ltr'>potentiae</span> <span class='ocrx_word' id='word_1_223' title='bbox 1710 3464 1885 3511; x_wconf 90' lang='lat' dir='ltr'>suae</span> <span class='ocrx_word' id='word_1_224' title='bbox 1932 3446 2526 3511; x_wconf 89' lang='lat' dir='ltr'>misericorditer</span> <span class='ocrx_word' id='word_1_225' title='bbox 2572 3466 2694 3512; x_wconf 91' lang='lat' dir='ltr'>na-</span> 
     </span>
     <span class='ocr_line' id='line_1_30' title="bbox 395 3550 2773 3635; baseline 0 -20"><span class='ocrx_word' id='word_1_226' title='bbox 395 3554 606 3615; x_wconf 88' lang='lat' dir='ltr'>turae</span> <span class='ocrx_word' id='word_1_227' title='bbox 654 3554 768 3616; x_wconf 89' lang='lat' dir='ltr'>est</span> <span class='ocrx_word' id='word_1_228' title='bbox 813 3550 1086 3616; x_wconf 91' lang='lat' dir='ltr'>mixtus</span> <span class='ocrx_word' id='word_1_229' title='bbox 1131 3551 1520 3615; x_wconf 89' lang='lat' dir='ltr'>humanae.</span> <span class='ocrx_word' id='word_1_230' title='bbox 1592 3554 1655 3615; x_wconf 92' lang='lat' dir='ltr'>et</span> <span class='ocrx_word' id='word_1_231' title='bbox 1683 3555 2083 3635; x_wconf 88' lang='lat' dir='ltr'>postpauca:</span> <span class='ocrx_word' id='word_1_232' title='bbox 2132 3551 2469 3617; x_wconf 88' lang='lat' dir='ltr'>nascitur</span> <span class='ocrx_word' id='word_1_233' title='bbox 2516 3571 2690 3635; x_wconf 90' lang='lat' dir='ltr'>ergo</span> <span class='ocrx_word' id='word_1_234' title='bbox 2742 3562 2773 3615; x_wconf 85' lang='grc'><strong>7</strong></span> 
     </span>
    </p>
   </div>
   <div class='ocr_carea' id='block_1_3' title="bbox 387 3791 2702 4474">
    <p class='ocr_par' dir='ltr' id='par_1_3' title="bbox 387 3791 2702 4474">
     <span class='ocr_line' id='line_1_31' title="bbox 481 3791 2693 3866; baseline 0 -16"><span class='ocrx_word' id='word_1_235' title='bbox 481 3797 508 3850; x_wconf 98' lang='grc'>1</span> <span class='ocrx_word' id='word_1_236' title='bbox 553 3796 608 3849; x_wconf 90' lang='lat' dir='ltr'>et</span> <span class='ocrx_word' id='word_1_237' title='bbox 651 3793 754 3848; x_wconf 85' lang='lat' dir='ltr'>hac</span> <span class='ocrx_word' id='word_1_238' title='bbox 795 3791 1188 3863; x_wconf 76' lang='lat' dir='ltr'>intellegentia]</span> <span class='ocrx_word' id='word_1_239' title='bbox 1235 3792 1424 3847; x_wconf 58' lang='lat' dir='ltr'>incant</span> <span class='ocrx_word' id='word_1_240' title='bbox 1467 3792 1701 3861; x_wconf 90' lang='lat' dir='ltr'>loqueris</span> <span class='ocrx_word' id='word_1_241' title='bbox 1746 3810 1938 3864; x_wconf 67' lang='lat' dir='ltr'>margo</span> <span class='ocrx_word' id='word_1_242' title='bbox 1984 3794 2050 3849; x_wconf 93' lang='lat' dir='ltr'><strong><em>N</em></strong></span> <span class='ocrx_word' id='word_1_243' title='bbox 2186 3793 2545 3863; x_wconf 82' lang='lat' dir='ltr'>intelligentia</span> <span class='ocrx_word' id='word_1_244' title='bbox 2587 3797 2693 3866; x_wconf 69' lang='grc' dir='ltr'>ΜΡ</span> 
     </span>
     <span class='ocr_line' id='line_1_32' title="bbox 390 3879 2692 3953; baseline -0.001 -16"><span class='ocrx_word' id='word_1_245' title='bbox 390 3884 425 3937; x_wconf 84' lang='grc'>2</span> <span class='ocrx_word' id='word_1_246' title='bbox 449 3880 656 3935; x_wconf 85' lang='lat' dir='ltr'>factum</span> <span class='ocrx_word' id='word_1_247' title='bbox 689 3879 762 3936; x_wconf 86' lang='lat' dir='ltr'>sit</span> <span class='ocrx_word' id='word_1_248' title='bbox 794 3896 915 3934; x_wconf 88' lang='lat' dir='ltr'>caro</span> <span class='ocrx_word' id='word_1_249' title='bbox 941 3882 1083 3951; x_wconf 77' lang='lat' dir='ltr'>Mpv</span> <span class='ocrx_word' id='word_1_250' title='bbox 1186 3884 1220 3935; x_wconf 85' lang='lat'>4</span> <span class='ocrx_word' id='word_1_251' title='bbox 1255 3896 1531 3949; x_wconf 87' lang='lat' dir='ltr'>nunquam</span> <span class='ocrx_word' id='word_1_252' title='bbox 1555 3882 1632 3935; x_wconf 91' lang='lat' dir='ltr'><strong><em>M</em></strong></span> <span class='ocrx_word' id='word_1_253' title='bbox 1728 3884 1760 3937; x_wconf 89' lang='grc'><strong>5</strong></span> <span class='ocrx_word' id='word_1_254' title='bbox 1793 3880 2040 3950; x_wconf 87' lang='lat' dir='ltr'>propriae</span> <span class='ocrx_word' id='word_1_255' title='bbox 2068 3882 2135 3936; x_wconf 91' lang='lat' dir='ltr'><strong><em>N</em></strong></span> <span class='ocrx_word' id='word_1_256' title='bbox 2238 3880 2608 3950; x_wconf 87' lang='lat' dir='ltr'>designaretur</span> <span class='ocrx_word' id='word_1_257' title='bbox 2624 3886 2692 3953; x_wconf 69' lang='lat' dir='ltr'>pl</span> 
     </span>
     <span class='ocr_line' id='line_1_33' title="bbox 389 3966 2691 4039; baseline -0.001 -14"><span class='ocrx_word' id='word_1_258' title='bbox 389 3972 424 4025; x_wconf 88' lang='lat'><strong>6</strong></span> <span class='ocrx_word' id='word_1_259' title='bbox 467 3968 707 4022; x_wconf 86' lang='lat' dir='ltr'>misterio</span> <span class='ocrx_word' id='word_1_260' title='bbox 753 3967 896 4037; x_wconf 90' lang='lat' dir='ltr'>quod</span> <span class='ocrx_word' id='word_1_261' title='bbox 933 3968 1008 4023; x_wconf 87' lang='lat' dir='ltr'><strong><em>M</em></strong></span> <span class='ocrx_word' id='word_1_262' title='bbox 1130 3970 1196 4023; x_wconf 91' lang='grc'>10</span> <span class='ocrx_word' id='word_1_263' title='bbox 1241 3966 1344 4037; x_wconf 86' lang='lat' dir='ltr'>dei]</span> <span class='ocrx_word' id='word_1_264' title='bbox 1393 3967 1522 4022; x_wconf 86' lang='lat' dir='ltr'>deus</span> <span class='ocrx_word' id='word_1_265' title='bbox 1559 3970 1636 4023; x_wconf 88' lang='lat' dir='ltr'><strong><em>M</em></strong></span> <span class='ocrx_word' id='word_1_266' title='bbox 1747 3974 1877 4038; x_wconf 75' lang='lat' dir='ltr'>post</span> <span class='ocrx_word' id='word_1_267' title='bbox 1925 3967 2053 4021; x_wconf 87' lang='lat' dir='ltr'>deus</span> <span class='ocrx_word' id='word_1_268' title='bbox 2100 3968 2261 4023; x_wconf 70' lang='lat' dir='ltr'>addit</span> <span class='ocrx_word' id='word_1_269' title='bbox 2287 3987 2361 4039; x_wconf 79' lang='lat' dir='ltr'>p.-</span> <span class='ocrx_word' id='word_1_270' title='bbox 2405 3969 2495 4037; x_wconf 90' lang='lat' dir='ltr'>qui</span> <span class='ocrx_word' id='word_1_271' title='bbox 2533 3972 2691 4023; x_wconf 84' lang='lat' dir='ltr'>natus</span> 
     </span>
     <span class='ocr_line' id='line_1_34' title="bbox 389 4054 2691 4124; baseline 0 -14"><span class='ocrx_word' id='word_1_272' title='bbox 389 4058 472 4110; x_wconf 87' lang='lat' dir='ltr'>est</span> <span class='ocrx_word' id='word_1_273' title='bbox 508 4072 568 4109; x_wconf 91' lang='lat' dir='ltr'>ex</span> <span class='ocrx_word' id='word_1_274' title='bbox 605 4055 778 4109; x_wconf 86' lang='lat' dir='ltr'>maria</span> <span class='ocrx_word' id='word_1_275' title='bbox 884 4058 945 4111; x_wconf 91' lang='lat'>11</span> <span class='ocrx_word' id='word_1_276' title='bbox 985 4054 1186 4109; x_wconf 88' lang='lat' dir='ltr'>mixtus</span> <span class='ocrx_word' id='word_1_277' title='bbox 1222 4057 1298 4111; x_wconf 87' lang='lat' dir='ltr'><strong><em>M</em></strong></span> <span class='ocrx_word' id='word_1_278' title='bbox 1407 4058 1471 4112; x_wconf 83' lang='lat'>12</span> <span class='ocrx_word' id='word_1_279' title='bbox 1507 4056 1605 4124; x_wconf 89' lang='lat' dir='ltr'>sit]</span> <span class='ocrx_word' id='word_1_280' title='bbox 1642 4058 1726 4109; x_wconf 86' lang='lat' dir='ltr'>est</span> <span class='ocrx_word' id='word_1_281' title='bbox 1759 4056 1859 4111; x_wconf 89' lang='lat' dir='ltr'>Mv</span> <span class='ocrx_word' id='word_1_282' title='bbox 1967 4058 2033 4111; x_wconf 84' lang='lat'>13</span> <span class='ocrx_word' id='word_1_283' title='bbox 2068 4056 2222 4109; x_wconf 90' lang='lat' dir='ltr'>nouit</span> <span class='ocrx_word' id='word_1_284' title='bbox 2259 4055 2402 4109; x_wconf 86' lang='lat' dir='ltr'>enim</span> <span class='ocrx_word' id='word_1_285' title='bbox 2438 4075 2472 4111; x_wconf 88' lang='lat' dir='ltr'><strong><em>v</em></strong></span> <span class='ocrx_word' id='word_1_286' title='bbox 2577 4073 2691 4110; x_wconf 88' lang='lat' dir='ltr'>cor-</span> 
     </span>
     <span class='ocr_line' id='line_1_35' title="bbox 387 4142 2702 4212; baseline 0.001 -15"><span class='ocrx_word' id='word_1_287' title='bbox 387 4143 694 4211; x_wconf 87' lang='lat' dir='ltr'>rumptione</span> <span class='ocrx_word' id='word_1_288' title='bbox 739 4160 786 4212; x_wconf 78' lang='lat' dir='ltr'>p</span> <span class='ocrx_word' id='word_1_289' title='bbox 931 4145 996 4197; x_wconf 85' lang='lat'>14</span> <span class='ocrx_word' id='word_1_290' title='bbox 1050 4145 1104 4195; x_wconf 88' lang='lat' dir='ltr'>et</span> <span class='ocrx_word' id='word_1_291' title='bbox 1153 4142 1234 4195; x_wconf 83' lang='lat' dir='ltr'>ita</span> <span class='ocrx_word' id='word_1_292' title='bbox 1284 4143 1412 4212; x_wconf 79' lang='lat' dir='ltr'>Np:</span> <span class='ocrx_word' id='word_1_293' title='bbox 1465 4142 1619 4197; x_wconf 88' lang='lat' dir='ltr'>nouit</span> <span class='ocrx_word' id='word_1_294' title='bbox 1670 4142 1729 4195; x_wconf 91' lang='lat' dir='ltr'>in</span> <span class='ocrx_word' id='word_1_295' title='bbox 1776 4158 1831 4195; x_wconf 88' lang='lat' dir='ltr'>se</span> <span class='ocrx_word' id='word_1_296' title='bbox 1879 4142 1957 4196; x_wconf 84' lang='lat' dir='ltr'>ita</span> <span class='ocrx_word' id='word_1_297' title='bbox 1999 4143 2100 4197; x_wconf 85' lang='lat' dir='ltr'>Mv</span> <span class='ocrx_word' id='word_1_298' title='bbox 2244 4146 2309 4197; x_wconf 90' lang='grc'>16</span> <span class='ocrx_word' id='word_1_299' title='bbox 2364 4142 2583 4197; x_wconf 85' lang='lat' dir='ltr'>accedat</span> <span class='ocrx_word' id='word_1_300' title='bbox 2622 4146 2702 4199; x_wconf 91' lang='lat' dir='ltr'><strong><em>M</em></strong></span> 
     </span>
     <span class='ocr_line' id='line_1_36' title="bbox 388 4228 2692 4299; baseline 0 -15"><span class='ocrx_word' id='word_1_301' title='bbox 388 4228 808 4299; x_wconf 85' lang='lat' dir='ltr'>intelligentiam</span> <span class='ocrx_word' id='word_1_302' title='bbox 852 4247 899 4299; x_wconf 78' lang='lat' dir='ltr'>p</span> <span class='ocrx_word' id='word_1_303' title='bbox 1041 4230 1108 4284; x_wconf 89' lang='lat'>20</span> <span class='ocrx_word' id='word_1_304' title='bbox 1164 4228 1455 4283; x_wconf 85' lang='lat' dir='ltr'>comixtnm</span> <span class='ocrx_word' id='word_1_305' title='bbox 1502 4247 1548 4299; x_wconf 79' lang='lat' dir='ltr'>p</span> <span class='ocrx_word' id='word_1_306' title='bbox 1688 4232 1757 4285; x_wconf 89' lang='grc'>22</span> <span class='ocrx_word' id='word_1_307' title='bbox 1811 4228 2103 4283; x_wconf 84' lang='lat' dir='ltr'>conflatilia</span> <span class='ocrx_word' id='word_1_308' title='bbox 2158 4228 2337 4298; x_wconf 90' lang='lat' dir='ltr'>aliquo</span> <span class='ocrx_word' id='word_1_309' title='bbox 2391 4229 2551 4284; x_wconf 90' lang='lat' dir='ltr'>modo</span> <span class='ocrx_word' id='word_1_310' title='bbox 2604 4230 2692 4285; x_wconf 89' lang='lat' dir='ltr'>uel</span> 
     </span>
     <span class='ocr_line' id='line_1_37' title="bbox 387 4313 2692 4386; baseline 0.002 -17"><span class='ocrx_word' id='word_1_311' title='bbox 387 4333 580 4386; x_wconf 84' lang='lat' dir='ltr'>genere</span> <span class='ocrx_word' id='word_1_312' title='bbox 614 4317 689 4372; x_wconf 90' lang='lat' dir='ltr'><strong><em>M</em></strong></span> <span class='ocrx_word' id='word_1_313' title='bbox 783 4319 852 4372; x_wconf 86' lang='lat'>25</span> <span class='ocrx_word' id='word_1_314' title='bbox 891 4313 1148 4385; x_wconf 89' lang='lat' dir='ltr'>capabilis</span> <span class='ocrx_word' id='word_1_315' title='bbox 1184 4332 1294 4371; x_wconf 92' lang='lat' dir='ltr'>non</span> <span class='ocrx_word' id='word_1_316' title='bbox 1331 4333 1494 4386; x_wconf 82' lang='lat' dir='ltr'>capax</span> <span class='ocrx_word' id='word_1_317' title='bbox 1531 4320 1615 4371; x_wconf 89' lang='lat' dir='ltr'>est</span> <span class='ocrx_word' id='word_1_318' title='bbox 1648 4318 1770 4373; x_wconf 88' lang='lat' dir='ltr'>Nv:</span> <span class='ocrx_word' id='word_1_319' title='bbox 1816 4332 1979 4386; x_wconf 85' lang='lat' dir='ltr'>capax</span> <span class='ocrx_word' id='word_1_320' title='bbox 2026 4332 2133 4370; x_wconf 89' lang='lat' dir='ltr'>non</span> <span class='ocrx_word' id='word_1_321' title='bbox 2178 4315 2433 4385; x_wconf 86' lang='lat' dir='ltr'>capabilis</span> <span class='ocrx_word' id='word_1_322' title='bbox 2470 4320 2553 4371; x_wconf 89' lang='lat' dir='ltr'>est</span> <span class='ocrx_word' id='word_1_323' title='bbox 2586 4320 2692 4373; x_wconf 87' lang='lat' dir='ltr'>Ma</span> 
     </span>
     <span class='ocr_line' id='line_1_38' title="bbox 389 4400 1706 4474; baseline 0.001 -15"><span class='ocrx_word' id='word_1_324' title='bbox 389 4420 552 4473; x_wconf 84' lang='lat' dir='ltr'>capax</span> <span class='ocrx_word' id='word_1_325' title='bbox 589 4408 670 4459; x_wconf 86' lang='lat' dir='ltr'>est</span> <span class='ocrx_word' id='word_1_326' title='bbox 704 4420 813 4459; x_wconf 86' lang='lat' dir='ltr'>non</span> <span class='ocrx_word' id='word_1_327' title='bbox 849 4400 1104 4473; x_wconf 86' lang='lat' dir='ltr'>capabilis</span> <span class='ocrx_word' id='word_1_328' title='bbox 1131 4422 1177 4474; x_wconf 75' lang='lat' dir='ltr'>p</span> <span class='ocrx_word' id='word_1_329' title='bbox 1285 4406 1351 4460; x_wconf 89' lang='lat'>27</span> <span class='ocrx_word' id='word_1_330' title='bbox 1391 4403 1602 4459; x_wconf 87' lang='lat' dir='ltr'>difusus</span> <span class='ocrx_word' id='word_1_331' title='bbox 1639 4406 1706 4460; x_wconf 90' lang='lat' dir='ltr'><strong><em>N</em></strong></span> 
     </span>
    </p>
   </div>
  </div>
 </body>
</html>
