3167 4975
313 1588 366 1627 10

317 2111 368 2150 15

310 2637 370 2675 20

307 3168 370 3207 25

1205 444 1368 498 Inst.
1407 444 1514 500 lib.
1554 445 1649 510 VI,
1690 449 1909 501 12—15.
2580 445 2704 510 123

411 613 656 696 paruuli
713 621 862 681 sunt
923 618 1256 683 adlidere
1317 621 1528 685 filios
1590 621 2003 705 Babylonis
2064 622 2152 685 ad
2212 625 2533 705 petram,
2594 623 2703 704 qui

413 717 532 782 nisi
578 719 730 784 dum
775 724 1096 787 tenerrimi
1145 729 1294 789 sunt
1323 725 1560 790 fuerint
1594 728 1854 808 enecati,
1902 727 2099 791 adulti
2138 746 2247 809 per
2280 727 2703 791 coniuentiam

412 821 476 886 in
522 826 864 904 perniciem
913 833 1193 893 nostram
1240 831 1574 895 ualidiores
1622 832 1953 916 insurgent
1998 835 2107 896 aut
2152 836 2320 895 certe
2384 850 2507 895 non
2570 831 2705 895 sine

415 945 642 1010 magno
673 933 916 1013 gemitu
959 951 1028 996 ac
1066 934 1278 998 labore
1318 937 1669 1000 uincentur.
1740 938 1891 1001 dum
1932 937 2101 1000 enim
2146 937 2398 1018 fortiS,
2448 935 2705 1018 spiritus

415 1033 653 1099 scilicet
698 1039 932 1117 noster,
995 1039 1286 1103 domum
1335 1059 1540 1106 suam
1596 1041 1936 1105 custodit
1998 1045 2359 1121 armatuS,
2420 1058 2705 1104 recessus

416 1141 616 1204 cordis
686 1142 784 1205 sui
853 1143 951 1206 dei
1021 1144 1243 1209 timore
1312 1147 1777 1226 communiens,
1849 1145 1921 1210 in
1997 1164 2175 1229 pace
2252 1146 2397 1210 erit
2464 1145 2704 1208 omnis

417 1244 849 1311 substantia
917 1249 1104 1330 eiuS,
1177 1250 1236 1313 id
1305 1253 1402 1314 est
1469 1251 1897 1315 emolumenta
1954 1249 2239 1314 laborum
2304 1269 2375 1313 ac
2436 1250 2705 1313 uirtutes

415 1348 602 1434 longo
633 1355 911 1436 tempore
943 1355 1353 1436 conquisitae.
1431 1356 1494 1420 si
1541 1361 1791 1421 aut-em
1840 1357 2110 1421 fortior
2158 1355 2705 1441 superueniens

417 1456 690 1520 uicerit
751 1476 939 1539 eum,
1001 1459 1064 1522 id
1113 1462 1210 1523 est
1255 1460 1540 1525 diabolus
1604 1461 2051 1544 cogitationum
2114 1479 2442 1540 consensu,
2508 1477 2708 1523 arma

419 1561 576 1625 eius
637 1562 974 1647 diripiet,
1043 1565 1116 1628 in
1186 1565 1459 1647 quibus
1527 1565 1994 1646 confidebat,
2054 1566 2117 1629 id
2180 1569 2276 1628 est
2336 1563 2707 1628 memoriam

419 1669 864 1750 scripturarum
914 1670 1012 1733 uel
1061 1670 1352 1734 timorem
1400 1670 1518 1752 dei,
1568 1675 1639 1734 et
1686 1670 1933 1754 spolia
1984 1671 2144 1734 eius
2201 1669 2519 1750 diuidet,
2580 1669 2708 1732 uir-

419 1777 626 1836 tutum
687 1775 923 1839 scilicet
981 1775 1208 1839 merita
1265 1795 1376 1859 per
1423 1776 1736 1840 contraria
1788 1775 1947 1839 uitia
1990 1793 2273 1857 quaeque
2319 1774 2703 1857 dispergens,

505 1878 712 1942 XIIII.
763 1879 844 1944 Et
888 1883 958 1944 ut
1005 1884 1232 1944 cuncta
1275 1883 1687 1964 praeteream,
1748 1898 1909 1962 quae
1972 1880 2035 1943 in
2098 1879 2335 1942 sanctis
2382 1879 2708 1961 scripturis

421 1981 498 2047 ob
545 1983 792 2046 laudem
841 1985 1092 2070 uirtutis
1149 1984 1337 2048 huius
1399 1985 1637 2050 inserta
1698 1989 1847 2049 sunt
1906 1985 2057 2068 (non
2122 1984 2292 2047 enim
2352 1982 2509 2046 mihi
2568 2001 2711 2066 pro-

420 2088 692 2169 positum
741 2093 837 2153 est
879 2089 1134 2153 laudem
1179 2093 1383 2154 texere
1431 2090 1763 2170 castitatis,
1826 2089 1936 2153 sed
1996 2089 2071 2152 de
2135 2089 2433 2170 qualitate
2491 2089 2710 2171 ipsiuS,

421 2192 520 2255 uel
568 2195 1096 2274 quemadmodum
1141 2195 1384 2277 adquiri
1430 2199 1494 2259 et
1539 2195 1839 2260 custodiri
1900 2193 2127 2258 debeat
2186 2194 2373 2274 quiue
2430 2193 2513 2256 sit
2565 2191 2707 2255 finis

422 2297 574 2378 eiuS‚
620 2300 872 2381 patrum
905 2299 1349 2364 traditionibus
1383 2300 1741 2383 explicare),
1786 2318 1977 2362 unam
2009 2297 2445 2362 tantummodo
2476 2314 2709 2394 ponam

423 2403 687 2485 apostoli
731 2402 900 2468 beati
947 2405 1345 2486 sententiam,
1408 2422 1533 2488 qua
1585 2408 1798 2489 pateat
1843 2405 2108 2485 qualiter
2155 2403 2329 2466 illam
2376 2401 2710 2466 Thessalo·
2802 2431 2807 2439 ·

422 2509 781 2573 nicensibus
829 2510 1108 2573 scribens
1164 2510 1506 2575 uirtutibus
1569 2510 1941 2593 praetulerit
2000 2509 2333 2588 uniuersiS,
2394 2508 2509 2571 tali
2570 2526 2709 2571 eam

421 2613 597 2677 uerbi
644 2614 972 2679 nobilitate
1018 2616 1486 2679 commendans,

506 2720 642 2783 XV.
706 2719 907 2784 Haec
969 2724 1108 2801 est,
1171 2721 1484 2802 inquienS,
1547 2720 1905 2784 uoluntas
1966 2720 2112 2799 dei,
2184 2716 2709 2783 sanctificatio

421 2829 692 2889 uestra.
778 2828 840 2889 et
885 2845 964 2890 ne
1024 2825 1184 2890 forte
1232 2826 1492 2890 dubium
1548 2824 1731 2889 nobis
1776 2825 2157 2907 relinqueret
2202 2824 2303 2887 uel
2350 2821 2709 2901 obscurum,

423 2931 720 3011 quidnam
776 2930 1338 2995 sanctificationem
1399 2930 1672 2993 uoluerit
1732 2929 2065 3013 appellare,
2128 2930 2341 2991 utrum
2402 2927 2711 2991 iustitiam

425 3053 504 3099 an
549 3034 873 3098 caritatem
922 3054 1001 3099 an
1048 3034 1476 3099 humilitatem
1523 3052 1605 3098 an
1650 3034 2024 3117 patientiam
2072 3032 2163 3116 (in
2210 3030 2501 3095 omnibus
2542 3031 2711 3093 enim

423 3139 562 3203 istis
609 3139 949 3204 uirtutibus
995 3140 1266 3203 creditur
1323 3140 1566 3222 adquiri
1621 3138 2080 3221 sanctificatio),
2142 3137 2330 3201 infert
2390 3138 2451 3199 et
2513 3136 2711 3199 mani—

425 3244 584 3308 feste
616 3244 923 3329 designat,
971 3245 1121 3327 quid
1167 3244 1412 3328 proprie
1461 3243 2019 3307 sanctificationem
2066 3242 2336 3305 uoluerit
2368 3241 2709 3324 appellare:

423 3348 608 3413 haec
670 3353 782 3414 est
842 3350 1191 3414 uoluntas
1255 3349 1405 3430 dei,
1477 3348 1993 3413 sanctificatio
2055 3349 2347 3426 uestra,
2410 3349 2489 3409 ut
2550 3343 2711 3407 abs-

634 3539 688 3608 1]
727 3540 814 3593 Ps.
845 3542 959 3604 136,
986 3544 1034 3595 9.
1161 3540 1217 3609 4]
1258 3539 1383 3593 Luc.
1415 3542 1496 3601 11,
1524 3542 1609 3594 21.
1733 3537 1790 3605 8]
1827 3535 1863 3591 1.
1892 3554 1934 3591 c.
1962 3540 2043 3592 22.
2180 3536 2270 3605 21]
2308 3536 2337 3589 1
2374 3534 2556 3588 These.
2582 3536 2630 3597 4,
2661 3537 2710 3589 3.

423 3627 514 3696 27]
552 3625 588 3681 1.
615 3644 660 3680 c.
685 3630 838 3683 3—5.

513 3806 536 3859 1
576 3801 880 3872 babyllonis
917 3805 971 3857 A
1041 3801 1306 3857 babilonis
1344 3803 1412 3857 H
1509 3806 1542 3857 2
1579 3800 1749 3856 teneri
1787 3802 1856 3855 H
1954 3798 2127 3853 enecti
2164 3798 2245 3855 Η1
2354 3797 2711 3851 conibentiam

427 3890 532 3946 GL
638 3894 672 3947 3
706 3892 898 3960 pernit.
930 3891 1058 3946 6¹12
1163 3889 1452 3958 insurgunt
1476 3890 1590 3944 HL
1698 3892 1731 3942 4
1778 3888 2071 3941 uincuntur
2094 3888 2149 3940 L
2254 3890 2287 3939 5
2312 3884 2517 3939 scilicet
2558 3884 2713 3953 spiri-

422 3982 510 4033 tus
536 3980 630 4034 Hv
732 3980 764 4033 6
801 3979 884 4031 sui
921 3978 1095 4032 cordis
1120 3978 1173 4032 L
1279 3992 1623 4030 commonens
1648 3978 1730 4031 H¹
1838 3979 1872 4032 8
1896 3974 2081 4044 longo]
2108 3973 2279 4027 multo
2305 3974 2358 4027 A
2454 3986 2713 4039 conquae-

423 4066 554 4119 sitae
580 4068 645 4121 H
648 4070 662 4101 ¹
770 4068 804 4121 9
837 4065 1068 4119 uincerit
1095 4064 1255 4120 G¹H¹
1364 4062 1611 4117 diabulus
1639 4064 1707 4117 H
1806 4078 2122 4116 consensum
2148 4062 2224 4115 L¹
2335 4062 2393 4115 ll
2426 4057 2713 4112 scribtura-

425 4170 544 4206 rum
571 4154 696 4208 ΑΗ
797 4156 862 4209 13
889 4153 1026 4206 XIII
1050 4153 1118 4207 H
1217 4150 1496 4205 scribturis
1522 4153 1577 4204 A
1688 4153 1752 4206 14
1788 4149 1945 4203 laude
1969 4152 2023 4204 A
2132 4146 2467 4216 propositum
2495 4145 2625 4199 mihi
2654 4146 2721 4199 H

431 4244 492 4296 15
521 4241 584 4295 de
610 4241 892 4311 qualitate]
924 4241 1238 4309 qualitatem
1262 4241 1349 4295 Ar
1454 4242 1519 4294 16
1544 4236 2015 4307 quemammodum
2041 4238 2095 4291 L
2190 4234 2263 4304 et]
2290 4234 2374 4287 uel
2400 4235 2551 4288 AHv
2622 4234 2713 4301 qui

427 4329 511 4383 uel
541 4330 591 4383 G
664 4332 729 4386 18
753 4328 895 4383 beati
922 4328 1147 4397 apostoli
1168 4329 1261 4383 Hv
1330 4326 1639 4381 thesalonic.
1662 4326 1729 4381 H
1798 4328 1861 4381 19
1879 4323 2207 4393 praetulerat
2225 4324 2293 4377 H
2294 4325 2307 4357 ¹
2378 4324 2442 4376 21
2466 4320 2631 4374 XIIII
2653 4322 2721 4375 H

425 4420 493 4473 22
543 4417 694 4471 uobis
744 4416 1022 4484 reliquerit
1064 4416 1140 4471 12¹
1281 4418 1349 4471 24
1395 4432 1462 4469 an
1499 4423 1629 4485 post
1676 4414 1951 4469 caritatem
1998 4430 2099 4468 om.
2136 4414 2189 4466 L
2337 4413 2405 4465 26
2451 4408 2591 4477 quod
2638 4410 2713 4462 L¹
