3167 4975
535 424 584 479 L

537 591 632 677 16]
679 590 979 654 dominus
1025 590 1304 655 auolare
1349 614 1392 655 a
1438 601 1512 655 te.
1545 591 1696 672 423,
1729 591 1768 653 9
1814 592 2167 677 pecuniam
2214 614 2385 679 erqo
2438 614 2632 655 suam
2670 597 2826 655 'ero-

535 706 665 783 9at,
713 698 822 761 ubi
866 697 1156 761 librarius
1203 698 1448 762 litteras
1496 718 1645 783 croy
1690 698 1887 761 oculis
1938 698 2328 781 praecipiens
2374 718 2521 783 erqo
2578 716 2828 763 somno-

536 802 748 865 lentus
780 802 1042 866 induxit.
1089 801 1238 883 423,
1277 802 1350 863 11
1388 801 1554 863 enim
1584 801 1743 888 [in]
1766 802 2135 886 pecuniam..
2182 801 2331 883 473,
2371 802 2449 864 13
2480 800 2589 864 uel
2621 823 2827 865 remu-

533 915 816 969 neratur
871 905 1184 968 hominem
1242 904 1386 987 [uel
1433 906 1924 991 condem-nator]
1985 904 2093 969 ud
2148 905 2543 969 condemnat.
2602 906 2753 987 497,
2788 907 2828 969 6

534 1010 816 1073 mollitos
865 1021 923 1074 et
967 1009 1118 1096 [ut]
1163 1009 1609 1073 intercedente.
1656 1010 1805 1091 498,
1841 1010 1923 1073 23
1970 1032 2099 1073 esse
2145 1014 2309 1092 [non
2340 1010 2654 1097 ambisse]
2696 1032 2829 1073 non

536 1113 845 1201 ambiqas,
893 1115 1004 1179 ubi
1051 1117 1372 1181 somnians
1419 1117 1497 1179 ad
1545 1116 2026 1179 similitudinem
2065 1116 2526 1181 terminationis
2558 1136 2687 1179 6336
2716 1136 2829 1199 pro

535 1241 662 1281 non
695 1218 982 1305 amb-iyas
1013 1221 1288 1303 primum
1323 1221 1537 1285 intulit
1577 1241 1706 1281 uon
1752 1218 2025 1283 ambisse
2072 1225 2136 1285 et
2180 1220 2403 1284 deinde
2452 1240 2654 1285 errore
2702 1240 2829 1285 non

537 1325 996 1405 animaduers0,
1043 1325 1227 1407 quasi
1271 1326 1476 1389 solum
1517 1346 1647 1387 6336
1678 1325 2053 1407 scripsisset,
2103 1325 2425 1408 archetypi
2455 1326 2651 1389 uerba
2680 1344 2829 1390 con-

535 1430 826 1493 tinuauit..
908 1434 1126 1493 contra
1169 1449 1226 1512 p.
1263 1427 1411 1509 352,
1439 1427 1522 1490 22
1571 1448 1608 1492 a
1653 1427 1979 1491 castitatis
2038 1429 2117 1492 ad
2152 1450 2320 1514 pace
2365 1430 2656 1494 uocabuli
2702 1434 2829 1495 ter-

535 1533 946 1597 minationem
995 1534 1290 1597 aberrans
1336 1532 1634 1595 castitate
1682 1533 1941 1616 (omisso
1978 1533 2172 1618 pace)
2222 1534 2495 1618 scripsit.

621 1638 763 1703 Non
825 1638 1080 1702 maioris
1143 1638 1448 1702 momenti
1509 1642 1717 1701 cetera
1778 1638 1936 1702 uitia
1980 1642 2131 1703 sunt
2176 1658 2337 1720 quae
2380 1640 2446 1703 in
2492 1642 2549 1703 Σ
2590 1643 2823 1703 extant.

535 1746 1006 1807 commutantur
1036 1743 1200 1806 inter
1233 1762 1300 1807 se
1333 1742 1617 1826 singulae
1647 1743 1897 1806 litterae
1936 1744 2037 1807 uel
2086 1744 2581 1823 terminationes,
2629 1745 2830 1807 ueluti

537 1868 572 1908 o
597 1884 677 1892 -
705 1868 765 1921 a,
827 1868 874 1909 u
898 1885 984 1892 —
1007 1869 1069 1923 a,
1131 1846 1264 1907 i—
1291 1868 1340 1922 e,
1403 1867 1452 1907 u
1473 1884 1556 1915 ε-
1585 1868 1641 1922 o,
1702 1867 1814 1907 um
1848 1884 1917 1892 —
1946 1868 2001 1923 0,
2058 1868 2211 1908 mter
2240 1885 2313 1895 --
2342 1856 2457 1909 tur
2510 1846 2686 1931 (339,
2740 1848 2827 1929 1),

539 1949 573 2013 b
617 1990 668 1997 —-
710 1973 778 2034 u,
829 1952 1104 2034 syllabae
1138 1956 1200 2017 et
1231 1952 1538 2015 uocabula
1568 1956 1639 2014 ut
1686 1972 1808 2035 quo
1837 1989 1911 1997 —
1940 1950 2130 2035 quod,
2181 1950 2297 2014 dne
2325 1989 2396 1999 —-
2432 1950 2515 2014 d?
2556 1951 2731 2034 (334,
2767 1952 2826 2015 2.

537 2054 687 2136 373,
735 2055 837 2120 23.
897 2054 1046 2137 402,
1098 2056 1196 2119 11.
1253 2054 1404 2135 483,
1453 2054 1582 2138 15),
1629 2077 1801 2140 prae
1828 2078 2057 2141 —pro
2114 2055 2288 2140 (345,
2336 2056 2438 2121 20.
2496 2056 2645 2137 381,
2697 2055 2827 2139 17),

526 2181 949 2245 per—prae
996 2158 1170 2243 (390,
1211 2160 1272 2224 3.
1312 2160 1462 2240 473,
1502 2159 1594 2244 3),
1634 2181 1760 2245 per
1783 2182 2015 2245 —pro
2070 2160 2247 2244 (446,
2290 2160 2379 2245 9),
2436 2182 2542 2246 eqo
2566 2198 2652 2206 -—-
2678 2182 2825 2245 erqo

537 2264 714 2349 (348,
753 2264 881 2349 19),
914 2286 1217 2349 quare—
1239 2285 1402 2349 quae
1437 2264 1612 2349 (313,
1644 2264 1741 2328 16.
1768 2264 1917 2345 361,
1947 2263 2033 2348 7),
2068 2286 2213 2327 eum
2234 2302 2311 2310 —-
2333 2264 2502 2327 enim
2535 2263 2710 2348 (385,
2736 2265 2827 2349 9),

539 2370 692 2432 haec
721 2406 796 2415 —
825 2390 904 2431 ex
930 2406 1006 2415 —
1034 2379 1093 2431 et
1139 2368 1314 2451 (376,
1347 2368 1405 2432 2.
1441 2369 1591 2449 431,
1629 2368 1757 2453 19),
1798 2368 2048 2431 caritas
2072 2406 2158 2415 —-
2181 2369 2450 2431 castitas
2486 2369 2661 2453 (397,
2701 2368 2827 2450 12),

533 2472 889 2536 aemulatio
915 2513 996 2520 —
1023 2472 1394 2537 contundatio
1429 2472 1603 2558 (389,
1637 2473 1741 2538 23.
1772 2471 1922 2554 405,
1956 2470 2045 2557 8),
2088 2472 2217 2536 ieri
2246 2513 2315 2520 -
2350 2472 2521 2537 hrlm
2556 2473 2730 2559 (371,
2764 2472 2823 2538 8.

533 2579 683 2660 426,
716 2577 848 2663 28),
893 2579 1188 2642 inuitata
1212 2578 1653 2641 ——inmutata
1696 2578 1872 2661 (340,
1906 2577 2038 2662 21),
2063 2579 2446 2662 peruenisse
2474 2588 2719 2642 etatum
2740 2617 2829 2624 ——

526 2683 921 2769 pei-ueniens
966 2693 1208 2746 statum
1249 2681 1424 2767 (349,
1458 2682 1546 2766 8),
1588 2680 2007 2745 oblectatione
2034 2721 2115 2729 -
2141 2681 2478 2746 oblectatio
2518 2683 2694 2768 (359,
2738 2683 2826 2768 8),

537 2797 996 2850 tam—tamen
1029 2787 1219 2870 (1611713
1250 2787 1397 2867 367,
1423 2787 1512 2870 9),
1548 2795 1739 2850 testat
1764 2824 1846 2834 —
1873 2796 2143 2850 testante
2175 2787 2350 2871 (370,
2370 2786 2460 2871 9),
2494 2787 2825 2852 documen—

537 2891 1124 2955 tum—docentum
1155 2883 1332 2974 (407,
1349 2891 1482 2975 23),
1513 2890 2333 2978 sinyularis--salutaris
2366 2893 2541 2976 (422,
2558 2893 2693 2979 24),
2729 2892 2827 2957 de·

535 2996 744 3081 ceptio
761 3033 846 3044 —-
867 2995 1150 3081 depectio
1175 2995 1350 3080 (439,
1376 2995 1508 3080 20).
1557 2998 1797 3061 accedit
1820 2998 1984 3079 quod
2015 2998 2307 3062 librarius
2340 3000 2716 3082 aliquotiens
2750 3001 2827 3064 ad

537 3102 1046 3166 terminationem
1077 3102 1340 3185 proximi
1372 3101 1662 3166 uocabuli
1696 3103 2029 3167 aberrauit.
2078 3103 2155 3167 cf.
2190 3123 2250 3186 p.
2276 3103 2425 3185 337,
2450 3103 2490 3166 9
2512 3125 2828 3190 possesso-

535 3226 707 3268 rum
738 3227 1069 3291 amorum,
1103 3205 1250 3288 339,
1283 3205 1368 3270 20
1415 3204 1601 3292 lonqi
1632 3204 1901 3282 obsceni,
1948 3205 2096 3287 345,
2129 3207 2209 3270 21
2252 3207 2607 3270 maturitas
2638 3209 2827 3271 casti-

537 3318 685 3387 tas,
717 3308 866 3390 368,
897 3309 978 3372 12
1013 3309 1185 3372 locis
1217 3309 1326 3373 uel
1359 3310 1687 3394 temporie,
1720 3310 1867 3390 374,
1898 3310 1977 3373 12
2002 3311 2229 3374 omnia
2260 3312 2578 3388 custodia,
2608 3311 2759 3393 420,
2784 3312 2829 3375 4

537 3434 646 3476 ore
677 3414 847 3476 enim
869 3423 1252 3499 peccatore,
1298 3413 1448 3496 425,
1481 3413 1520 3477 8
1561 3435 1725 3499 quos
1758 3414 1925 3499 quie,
1971 3415 2121 3496 436,
2158 3414 2237 3476 19
2269 3414 2583 3478 altissime
2605 3425 2827 3500 poten-

538 3518 698 3582 tiae.
729 3557 802 3565 —-
833 3520 998 3601 quod
1024 3520 1102 3583 ad
1125 3518 1460 3584 uerborum
1486 3520 1958 3584 collocationem
1984 3521 2246 3600 adtinet,
2270 3520 2424 3584 haec
2451 3521 2514 3584 in
2532 3523 2587 3584 Σ
2600 3521 2829 3584 uitiosa

535 3625 961 3707 reperiuntur:
979 3645 1038 3708 p.
1061 3623 1206 3705 358,
1221 3623 1260 3686 8
1278 3623 1419 3685 siue
1436 3623 1661 3700 trium,
1678 3622 1826 3705 381,
1845 3622 1886 3685 3
1906 3645 2151 3709 semper
2174 3621 2453 3688 liberum
2470 3623 2831 3686 arbitrium

541 3726 854 3814 (liberum
883 3749 1132 3812 semper
1177 3726 1540 3790 arbitrium
1583 3732 1752 3794 recte
1798 3731 1869 3792 ut
1922 3726 2070 3809 385,
2104 3727 2146 3791 2
2188 3729 2330 3790 suis
2376 3733 2615 3792 'mecum
2658 3729 2829 3792 uiri-

541 3830 691 3896 bus.-
720 3833 1059 3898 Cassianus
1085 3834 1254 3897 enim
1280 3833 1755 3897 substantiuum
1789 3836 1851 3896 et
1884 3833 2261 3897 attributum
2286 3852 2574 3916 separare
2608 3835 2829 3918 amat),

538 3936 686 4018 382,
717 3936 798 4001 12
827 3947 904 3999 ut
935 3946 992 3999 et
1024 3937 1270 4021 (contra
1289 3937 1438 4018 433,
1472 3936 1552 3998 19
1577 3946 1637 3999 et
1659 3937 1781 4020 ut),
1815 3935 1962 4018 384,
1995 3937 2069 3998 11
2106 3958 2211 4022 690
2236 3946 2452 4000 atatem
2474 3938 2611 4022 (ubi
2638 3939 2831 4004 libra-

537 4042 668 4106 rius
700 4043 1006 4107 uersionis
1039 4043 1334 4126 uulgatae
1363 4059 1607 4106 memor
1639 4043 1897 4107 errauit:
1944 4042 2232 4107 similiter
2262 4041 2410 4123 406,
2443 4042 2532 4126 2),
2562 4042 2712 4125 423,
2745 4042 2831 4108 26

537 4144 762 4208 saluos
793 4144 948 4208 uult
980 4146 1086 4229 (cf.
1118 4146 1291 4211 Conl.
1321 4146 1528 4227 VIIII,
1557 4144 1661 4227 20,
1688 4145 1776 4230 2),
1802 4145 1951 4228 425,
1978 4146 2015 4208 8
2044 4147 2151 4230 (1)),
2175 4145 2325 4226 432,
2352 4145 2412 4227 8,
2436 4147 2585 4228 440,
2610 4147 2697 4210 24
2719 4148 2829 4233 (ἓ),

538 4249 688 4330 444,
733 4251 816 4314 22
841 4251 950 4335 (22),
993 4250 1143 4333 472,
1182 4251 1227 4314 4
1283 4251 1341 4313 ei
1395 4261 1539 4314 erat
1597 4252 1702 4335 (cf.
1750 4253 1923 4316 Conl.
1958 4253 2068 4333 VI,
2102 4251 2163 4332 3,
2193 4252 2283 4335 4).
2347 4256 2627 4336 poteram
2673 4254 2830 4319 locis

538 4356 766 4438 quibus
823 4357 1330 4440 interrogationis
1378 4359 1633 4441 signum
1680 4358 1876 4421 adieci
1922 4358 2113 4422 etiam
2160 4359 2444 4422 ordinem
2490 4358 2555 4422 in
2602 4362 2658 4422 Σ
2700 4363 2830 4424 tra-
