3167 4975
329 1560 379 1600 1⁰

321 2090 371 2130 15

1241 405 1400 460 Inst.
1437 404 1546 458 lib.
1583 405 1649 466 V,
1687 407 1909 460 20—21.
2640 404 2723 467 99

432 585 608 649 letali
653 601 871 666 sapore
917 585 1337 666 prosternens,
1417 581 1659 645 inuidia
1703 581 1881 645 cibus
1928 585 2025 644 est
2070 581 2324 660 mentiS‚
2386 581 2718 646 uirulentis

434 707 570 753 eam
618 689 785 752 sucis
831 706 1236 770 corrumpens
1283 689 1347 750 et
1391 686 1803 770 prosperitate
1851 686 2039 750 alieni
2100 705 2429 749 successus
2493 686 2720 770 iugiter

431 794 730 858 miseram
799 793 1150 856 excruciare
1219 809 1342 856 non
1413 791 1728 855 desinens,
1830 790 2199 870 cenodoxia,
2268 791 2331 853 id
2399 793 2495 854 est
2564 809 2728 856 uana
2775 801 2809 852 3

429 898 647 981 gloria,
709 898 886 962 cibus
949 900 1045 961 est
1101 897 1254 978 eiuS‚
1316 896 1426 978 qui
1471 895 1827 960 delectabili
1874 914 2013 960 eam
2062 913 2207 959 esca
2248 895 2598 978 permulcet
2644 897 2722 960 ad

432 1005 702 1085 tempuS,
761 1007 904 1086 post
964 1021 1113 1067 uero
1177 1019 1443 1066 uacuam
1504 1001 1801 1082 omnique
1846 1001 2081 1064 uirtute
2138 1000 2473 1084 spoliatam
2514 1000 2723 1064 reddit

434 1127 506 1172 ac
537 1108 790 1189 nudam,
823 1108 1066 1172 cunctis
1099 1126 1238 1170 eam
1273 1105 1663 1190 spiritalibus
1696 1104 2007 1170 fructibus
2040 1105 2317 1170 sterilem
2342 1106 2721 1188 inanemque

431 1212 775 1292 dimittenS‚
839 1213 928 1277 ita
981 1216 1054 1278 ut
1099 1231 1225 1277 non
1273 1213 1476 1277 solum
1523 1211 1877 1276 inmanium
1922 1211 2210 1276 laborum
2256 1210 2449 1274 faciat
2496 1211 2721 1274 merita

431 1317 729 1399 deperire,
777 1336 1000 1382 uerum
1047 1317 1239 1382 etiam
1289 1316 1597 1400 supplicia
1642 1317 1880 1380 maiora
1926 1316 2267 1397 conquirat.
2339 1316 2543 1380 omnis
2574 1333 2720 1380 con-

429 1422 816 1504 cupiscentia
861 1425 924 1486 et
968 1422 1333 1507 peruagatio
1382 1421 1583 1486 cordis
1646 1420 1964 1485 instabilis
2023 1423 2245 1504 pastus
2307 1420 2563 1502 quidam
2624 1423 2723 1484 est

431 1526 707 1607 animae,
767 1528 968 1592 noxiis
1033 1527 1192 1591 escis
1255 1544 1396 1589 eam
1458 1525 1775 1606 nutrienS‚
1838 1529 2156 1608 expertem
2218 1543 2367 1589 uero
2430 1525 2719 1589 caelestis

428 1633 608 1714 panis
658 1650 729 1696 ac
775 1631 958 1696 solidi
1003 1630 1126 1695 cibi
1173 1631 1238 1694 in
1284 1634 1609 1713 posterum
1656 1630 2113 1712 derelinquens.
2193 1629 2270 1693 ab
2334 1629 2433 1692 his
2470 1611 2722 1711 itaque,

429 1741 665 1818 quanta
709 1735 892 1801 nobis
939 1740 1037 1799 est
1069 1735 1292 1815 uirtUS,
1341 1735 1767 1799 sacratissimo
1808 1734 2038 1798 ieiunio
2072 1734 2465 1798 continentes
2497 1734 2719 1797 utilem

427 1841 802 1905 habebimus
834 1840 1353 1922 commodamque
1386 1840 1858 1904 obseruantiam
1888 1839 2105 1903 ieiunii
2138 1838 2493 1922 corporalis
2542 1839 2719 1903 labor

429 1945 595 2011 enim
643 1946 910 2010 carnalis
958 1945 1216 2028 spiritus
1264 1944 1623 2008 contritioni
1658 1944 2029 2008 coniunctus
2061 1945 2571 2028 acceptissimum
2604 1944 2718 2009 deo

429 2051 801 2114 sacrificium
849 2051 1232 2134 dignumque
1277 2050 1635 2112 sanctitatis
1668 2048 2101 2113 habitaculum
2132 2049 2306 2132 puris
2340 2049 2717 2130 mundisque

421 2155 772 2219 recessibus
820 2153 1152 2218 exhibebit.
1233 2159 1512 2218 ceterum
1561 2155 1614 2217 si
1662 2153 2064 2237 corporaliter
2111 2153 2462 2217 ieiunantes
2510 2153 2719 2236 perni-

422 2260 782 2324 ciosissimis
809 2260 1055 2323 animae
1081 2260 1256 2323 uitiis
1291 2259 1685 2341 inplicemur,
1734 2258 1893 2322 nihil
1926 2257 2109 2322 nobis
2140 2259 2417 2342 proderit
2447 2259 2717 2321 carnalis

422 2363 691 2429 adflictio
737 2364 1100 2447 pretiosiore
1147 2367 1322 2447 parte
1368 2364 1648 2447 pollutiS,
1696 2384 1805 2446 per
1847 2382 1987 2427 eam
2021 2363 2261 2426 scilicet
2293 2362 2716 2426 substantiam

422 2469 934 2551 delinquent-ibus
982 2468 1184 2549 nohis,
1233 2488 1358 2552 qua
1396 2469 1706 2533 efficimur
1736 2467 2169 2533 habitaculum
2204 2469 2460 2553 spiritus
2492 2469 2713 2533 sancti.

421 2592 544 2639 non
593 2575 760 2639 enim
811 2578 940 2638 tam
989 2574 1414 2657 corruptibilis
1482 2592 1625 2638 caro
1688 2592 1880 2655 quam
1941 2593 2045 2637 cor
2106 2574 2411 2638 mundum
2473 2573 2721 2637 habita·
2772 2582 2806 2634 5

422 2680 636 2743 culum
682 2681 794 2743 deo
842 2680 1275 2763 templumque
1323 2679 1581 2762 spiritus
1631 2679 1835 2743 sancti
1880 2678 2218 2763 perficitur.
2292 2682 2539 2762 oportet
2570 2697 2716 2763 ergo

423 2785 722 2849 exteriore
783 2784 1036 2848 homine
1100 2784 1416 2848 ieiunante
1479 2783 1843 2848 interiorem
1905 2802 2151 2866 quoque
2214 2783 2505 2847 similit-er
2561 2783 2716 2847 cibis

423 2890 620 2953 noxiis
667 2892 1039 2973 temperare,
1103 2907 1290 2971 quem
1351 2889 1685 2972 praecipue
1743 2886 2020 2952 exhiberi
2078 2888 2385 2951 mundum
2448 2889 2583 2969 deo,
2645 2890 2717 2951 ut

422 2993 734 3076 hospitem
780 2994 845 3058 in
894 3014 960 3056 se
1007 2993 1328 3058 Christum
1376 2993 1651 3076 recipere
1708 2996 2043 3072 mereatur,
2104 2992 2329 3056 beatus
2394 2993 2713 3075 apostolus

423 3102 636 3162 monet
674 3098 774 3162 his
804 3097 1046 3162 uerbis:
1096 3098 1167 3161 in
1215 3097 1685 3177 interiorem,
1730 3097 2043 3179 inquienS,
2088 3097 2463 3161 hominem
2507 3094 2715 3161 habi-

425 3206 580 3267 tare
629 3201 1016 3267 Christum
1059 3221 1187 3285 per
1234 3201 1464 3266 fidem
1510 3202 1584 3265 in
1634 3202 1986 3266 cordibus
2034 3202 2333 3265 uestris,

629 3357 720 3426 25]
760 3356 894 3426 Eph.
921 3361 970 3422 3,
1000 3359 1220 3413 16—17.

510 3501 533 3553 1
573 3496 750 3551 letalis
794 3513 949 3565 opere
987 3498 1054 3552 H
1154 3500 1186 3552 3
1225 3496 1423 3550 desinit
1459 3498 1527 3551 H
1640 3496 1854 3551 coenod.
1894 3498 1945 3551 G
2050 3500 2084 3552 4
2120 3496 2275 3550 tabili
2320 3512 2436 3549 eam
2474 3512 2669 3551 esca..
2702 3539 2711 3551 .

413 3602 542 3654 pay.
571 3588 692 3653 100,
729 3590 795 3638 11
833 3584 1022 3637 beatus
1059 3582 1158 3637 Iob
1195 3591 1382 3639 extant
1417 3586 1480 3638 in
1520 3584 1566 3639 G
1672 3588 1703 3639 5
1743 3583 2061 3652 expoliatam
2086 3584 2140 3639 L
2247 3586 2279 3639 6
2317 3584 2626 3652 cunctisque
2652 3586 2719 3639 H

423 3674 452 3725 7
493 3670 778 3725 demittens
817 3671 863 3727 Ο
966 3672 1209 3725 inanium
1242 3672 1288 3727 G
1387 3672 1548 3724 faciet
1583 3672 1669 3727 Η1
1774 3675 1805 3726 9
1844 3671 2061 3740 quidem
2085 3672 2138 3726 L
2248 3675 2311 3728 10
2349 3688 2465 3725 eam
2502 3672 2633 3725 escis
2658 3674 2713 3727 A

425 3762 482 3815 11
511 3759 664 3829 panis
689 3777 791 3814 om.
816 3761 872 3813 A
971 3761 1035 3814 14
1061 3758 1262 3812 contri*
1274 3759 1438 3811 *tioni
1465 3759 1528 3826 (ti
1554 3760 1713 3828 cra-3.)
1732 3762 1785 3813 A
1885 3762 1949 3815 16
1978 3758 2267 3812 secessibus
2300 3760 2377 3816 L?
2473 3763 2538 3815 18
2562 3774 2713 3828 prae-

421 3847 626 3900 tiosiori
661 3849 730 3901 H
828 3846 1066 3915 pollutus
1105 3847 1266 3901 (ΡΗ1
1338 3846 1545 3914 polluta
1577 3848 1695 3901 H'2r
1804 3849 1867 3901 19
1905 3862 2039 3914 quae
2083 3846 2315 3899 efficitur
2342 3848 2392 3900 A
2500 3850 2567 3901 20
2605 3862 2713 3899 non

422 3934 562 3987 enim
591 3977 601 3987 .
631 3977 642 3988 .
671 3977 682 3988 .
709 3936 772 3989 21
803 3934 1024 4003 spiritus
1049 3934 1219 3987 sancti
1247 3952 1346 3989 om.
1379 3933 1425 3989 Ο
1518 3932 1902 4002 corruptibilis]
1940 3933 2227 4002 corporalis
2251 3934 2307 3988 A
2401 3936 2463 3989 21
2503 3934 2711 4002 perfici-

422 4024 511 4073 tur
545 4022 590 4087 (t
624 4022 685 4075 in
718 4039 827 4077 ras.
863 4040 930 4076 m.
964 4022 1021 4091 2)
1056 4022 1108 4075 L
1181 4020 1414 4074 efficitur
1450 4022 1538 4075 Av
1644 4023 1711 4075 22
1748 4020 2058 4073 exteriorem
2102 4020 2317 4074 homine
2355 4022 2627 4073 ieiunanti?
2656 4022 2712 4075 L

420 4108 716 4162 ieiunantes
744 4108 792 4163 Ο
877 4107 1127 4161 interiore
1161 4107 1258 4161 CA
1350 4106 1481 4161 cibis
1514 4110 1595 4162 L:
1631 4106 1781 4161 cibiis
1814 4110 1902 4163 uel
1939 4105 2087 4161 cibus
2120 4106 2167 4162 G
2233 4124 2264 4159 a
2300 4107 2431 4160 cibis
2457 4108 2713 4163 AGHTv

421 4197 490 4264 cf.
524 4213 642 4265 cap.
677 4201 714 4250 8
749 4202 798 4251 et
831 4200 904 4251 22
1008 4198 1076 4251 23
1123 4192 1366 4247 exhibere
1404 4196 1474 4249 H
1572 4198 1639 4249 25
1685 4194 1743 4247 in
1788 4213 1888 4250 om.
1919 4196 2039 4251 STc
2144 4193 2319 4247 uerbis
2364 4194 2608 4261 inquiens
2655 4193 2711 4248 in

421 4281 660 4337 interiori
703 4282 920 4337 homine
955 4284 1010 4337 A
1047 4282 1376 4350 (Cassianus
1411 4284 1499 4337 uel
1534 4299 1599 4337 ea
1636 4284 1923 4338 translatio
1960 4300 2123 4351 quam
2162 4284 2406 4351 sequitur
2440 4284 2607 4337 uerba
2644 4280 2708 4343 εἰς

421 4364 501 4421 τὸν
549 4366 648 4421 ἔσω
694 4366 946 4439 ἄνθρωπον
983 4371 1167 4427 iunxit
1204 4387 1326 4427 cum
1361 4370 1723 4441 sequentibus)
1830 4371 1896 4427 26
1934 4370 2131 4423 nostris
2166 4370 2347 4427 AS²T
