3167 4975
2352 462 2567 521 XLIII

283 642 510 723 quippe
559 640 670 722 qui
718 658 862 702 cum
909 638 1274 702 melioribus
1322 637 1570 720 saepius
1618 636 1933 700 consentit
1979 654 2093 698 nee
2139 636 2319 698 tanta
2376 633 2570 697 inter-

283 745 675 829 polationum
709 744 1018 827 farragine
1061 744 1340 826 repletus
1373 746 1488 805 est.
1539 742 1751 822 itaque
1786 760 1857 803 ex
1890 758 1961 803 eo
2004 738 2159 803 haee
2188 738 2567 821 recepimus:

283 850 364 929 II,
401 848 504 929 10,
536 848 577 911 3
633 844 1120 923 iuuenioribus,
1182 847 1282 927 13,
1329 845 1409 909 10
1453 844 1730 921 uirtute,
1786 844 1903 923 III,
1935 842 1997 923 2,
2041 843 2071 904 1
2124 851 2305 904 tanto
2360 862 2569 926 opere,

283 954 356 1033 V,
393 952 494 1034 12,
529 953 569 1017 3
599 952 956 1029 macarius,
1002 952 1144 1031 VH,
1179 950 1258 1013 27
1295 950 1661 1013 macarium
1692 954 1756 1013 et
1786 947 2099 1024 macari0‚
2147 947 2322 1027 VIII,
2360 946 2439 1009 19
2474 948 2567 1011 tit.

285 1056 668 1133 obsederint,
701 1057 878 1137 VIII,
910 1056 950 1119 6
981 1054 1299 1131 malitiae,
1332 1055 1540 1135 VIIII,
1565 1054 1629 1134 4,
1667 1054 1697 1115 1
1734 1052 2108 1138 asparyine,
2140 1050 2245 1132 30,
2277 1051 2308 1112 1
2342 1072 2570 1137 ‘magno

285 1184 488 1247 opere.
523 1162 720 1226 codici
744 1160 1126 1225 Pdebentur
1150 1160 1301 1241 IIII,
1331 1160 1387 1240 1,
1419 1158 1448 1220 1
1480 1157 1667 1235 Sciti,
1692 1158 1901 1237 VIIII,
1926 1157 1989 1237 4,
2019 1157 2049 1218 1
2079 1154 2455 1232 accedentis,
2480 1154 2569 1219 X:

287 1268 334 1345 Ι,
367 1266 472 1347 23,
503 1265 566 1330 4.
601 1266 746 1345 VII,
779 1264 884 1345 32,
917 1265 977 1329 3.
1010 1265 1220 1344 VIIII,
1253 1263 1314 1343 6,
1347 1262 1388 1327 2
1419 1262 1641 1339 isdem,
1674 1263 1724 1343 Ι,
1761 1261 1861 1341 17,
1899 1262 1929 1323 1
1968 1258 2360 1346 reprobatiO,
2394 1260 2571 1340 VIII,

289 1370 390 1451 23,
437 1370 477 1433 3
523 1369 871 1456 moysaica,
926 1369 1137 1450 VIIII,
1184 1368 1288 1449 34,
1336 1367 1376 1431 9
1435 1376 1572 1445 tua,
1622 1376 1759 1443 tua,
1824 1364 2026 1427 OPX:
2086 1365 2295 1445 VIIII,
2338 1362 2423 1428 25
2460 1364 2567 1429 fin.

287 1484 524 1562 guttas,
569 1476 650 1555 X,
682 1475 744 1555 3,
776 1474 818 1536 2
841 1484 1079 1558 posset,
1120 1472 1266 1536 OX:
1297 1473 1414 1553 III,
1452 1472 1532 1533 19
1564 1473 1660 1537 tit..
1696 1470 2069 1533 uoluntatis
2103 1468 2323 1546 bonae,
2354 1467 2440 1531 22
2472 1470 2567 1533 tit.

288 1579 551 1655 domini,
605 1580 750 1659 VII,
783 1576 888 1659 25,
926 1579 956 1640 1
1009 1575 1183 1655 illos,
1229 1577 1440 1657 VIIII,
1471 1575 1576 1657 22,
1610 1576 1651 1639 3
1688 1584 1927 1661 poscet,
1985 1574 2070 1637 24
2100 1575 2207 1639 fin.
2254 1574 2571 1649 incurret,

289 1684 388 1765 30,
425 1686 458 1746 1
495 1682 842 1759 obduratO,
888 1683 967 1763 X,
1005 1682 1106 1763 11,
1137 1681 1180 1746 5
1202 1679 1691 1767 praecedemus,
1740 1678 1876 1743 OP:
1927 1680 2102 1760 VIII,
2134 1678 2239 1759 21,
2277 1679 2308 1740 1
2336 1686 2572 1764 posset,

292 1789 544 1853 editioni
587 1788 910 1853 Romanae
955 1788 1035 1867 X,
1072 1786 1172 1866 10,
1209 1784 1290 1849 15
1335 1783 1739 1871 euiqilantis.

371 1892 752 1974 Quaestione
814 1894 890 1956 de
950 1892 1236 1957 codicum
1306 1891 1678 1955 auctoritate
1744 1888 2033 1954 absoluta
2092 1888 2308 1971 paucis
2371 1886 2575 1951 adhue

291 2000 359 2062 de
404 1998 558 2062 loeis
607 1998 847 2079 aliquot
891 1996 1296 2075 disseramuS,
1358 2014 1481 2077 quo
1529 1998 1639 2059 aut
1694 1995 2005 2079 scriptura
2047 1997 2301 2076 recepta
2358 1992 2574 2057 defen-

291 2104 468 2167 datur
498 2106 609 2166 aut
639 2102 1030 2165 coniecturae
1073 2100 1427 2183 propositae
1471 2100 1633 2164 ratio
1664 2100 1977 2163 reddatur.
2026 2098 2079 2177 I,
2110 2096 2173 2179 ὃ,
2204 2097 2249 2159 4
2292 2095 2576 2181 uacuos]

292 2208 364 2271 cf.
397 2208 555 2271 Inst.
589 2208 668 2285 X,
702 2205 762 2286 2,
799 2206 854 2269 1.
893 2204 1067 2270 Conl.
1102 2205 1220 2285 III,
1258 2204 1357 2284 15,
1391 2203 1451 2268 3.
1482 2240 1568 2250 —
1602 2204 1651 2285 I,
1685 2202 1746 2283 5,
1778 2202 1821 2264 4
1853 2224 1929 2265 ea:
1976 2202 2077 2265 his
2124 2224 2287 2287 quae
2332 2200 2573 2265 extrin-

289 2332 462 2375 secus
499 2308 845 2372 accedunt:
889 2310 968 2373 es.
1003 2310 1138 2374 Iud.
1177 2328 1223 2374 3.
1258 2329 1319 2373 u.
1355 2306 1655 2371 accede-re
1700 2312 1765 2372 01
1808 2306 2227 2369 extrinsecus.
2276 2344 2360 2353 —
2405 2306 2457 2387 I,
2494 2303 2575 2367 12

292 2424 450 2478 certe
499 2412 639 2500 (uel
682 2424 848 2477 certe
893 2414 1056 2500 Xv).·
1101 2416 1180 2479 ef.
1215 2414 1421 2495 XXII,
1454 2412 1514 2494 3,
1547 2412 1608 2477 2.
1640 2450 1729 2461 --
1757 2413 1810 2494 Ι,
1855 2411 1956 2494 17,
1993 2412 2025 2474 1
2076 2432 2221 2476 cum
2251 2411 2318 2474 X
2352 2412 2573 2496 scripsi

299 2518 661 2605 reprobatio
708 2520 868 2604 (3011.
904 2519 1395 2605 σορίίαιὶοπαφη)
1427 2517 1536 2581 uel
1568 2517 1809 2582 electiO.
1860 2519 2065 2602 agitur
2098 2519 2267 2582 enim
2300 2519 2375 2582 de
2407 2518 2576 2602 eogi-

297 2625 633 2690 tationibus
665 2626 731 2689 in
762 2629 1041 2689 ment-em
1071 2625 1446 2708 recipiendis
1481 2625 1582 2688 uel
1614 2643 1737 2688 non
1772 2624 2162 2706 recipiendis,
2214 2624 2290 2686 ef.
2328 2623 2378 2702 I,
2408 2621 2507 2702 18,
2536 2621 2576 2684 2

294 2729 508 2813 quales
541 2751 700 2793 uero
731 2727 842 2792 uel
874 2729 1172 2792 amittere
1202 2726 1310 2791 uel
1335 2748 1593 2812 parare
1624 2726 1756 2790 sibi
1788 2725 2029 2790 debeat.
2077 2728 2157 2808 X,
2196 2727 2295 2808 13,
2328 2725 2369 2789 2
2400 2725 2577 2789 nihil

295 2843 606 2918 oportune
649 2832 972 2918 recipiens
1015 2832 1125 2895 uel
1167 2831 1496 2895 dimittens
1534 2832 1653 2915 (sie
1682 2836 1851 2897 recte
1888 2830 1995 2915 V).
2044 2832 2215 2912 XVI,
2253 2831 2353 2912 11,
2392 2830 2421 2892 1
2460 2830 2576 2914 qui

303 2937 578 3024 (sensus)
606 2937 747 3000 nisi
769 2985 782 3000 .
813 2985 827 3001 .
856 2984 870 2999 .
899 2936 1252 3023 diliyenter
1276 2935 1530 2999 excussi
1553 2946 1673 2998 aut
1698 2935 2081 2998 abiciantur
2107 2945 2225 2998 aut
2250 2935 2575 3020 ‘recipian-

301 3051 407 3104 tur
435 3065 476 3105 a
515 3041 724 3105 nobis.
757 3079 842 3088 --
873 3043 957 3124 ΙΙ,
991 3041 1076 3106 20
1108 3043 1206 3107 tit.
1240 3041 1715 3104 sustineretur:
1754 3042 1833 3106 cf.
1878 3043 2067 3105 etiam
2097 3041 2370 3121 XXIIII,
2406 3040 2441 3103 7
2476 3043 2573 3106 tit.

301 3185 374 3193 —
409 3149 520 3228 111,
559 3148 616 3228 1,
653 3146 686 3209 1
723 3147 916 3211 uerba
945 3169 1024 3208 ue
1050 3195 1064 3208 .
1093 3194 1106 3208 .
1137 3193 1152 3208 .
1177 3155 1542 3209 usa-aretur
1571 3151 1739 3211 reete
1774 3167 1839 3210 se
1870 3146 2101 3210 habere
2134 3151 2285 3229 puto
2319 3150 2381 3210 et
2411 3146 2576 3210 hanc

301 3273 429 3316 esse
476 3253 884 3317 sententiam:
949 3271 1093 3316 cum
1141 3252 1406 3316 ecclesia
1451 3271 1488 3315 a
1533 3253 1692 3316 cella
1735 3252 2017 3315 Pafnutii
2078 3252 2355 3334 quinque
2403 3251 2579 3315 milia

299 3375 588 3438 passuum
639 3357 910 3437 abesset,
959 3377 992 3420 0
1039 3358 1198 3421 cella
1230 3377 1306 3420 110
1353 3357 1430 3420 0(1
1477 3357 1781 3420 uiciniora
1810 3355 2064 3438 quidem
2108 3357 2247 3420 loea
2277 3374 2578 3437 umquam

299 3461 822 3546 progrediebatur,
885 3481 962 3525 ne
1024 3461 1282 3542 30111001,
1349 3479 1495 3524 eum
1556 3464 1761 3524 aetate
1817 3461 1943 3524 iam
2006 3465 2173 3524 03301
2232 3460 2577 3542 0011100103,

303 3566 395 3629 (110
439 3566 686 3631 sabbat-i
747 3567 851 3630 uel
905 3565 1217 3631 dominico
1265 3585 1339 3628 ex
1399 3566 1809 3648 praecedente
1871 3565 2169 3629 itinerum
2216 3563 2429 3629 labore
2488 3568 2580 3630 ita

305 3671 662 3736 lassitudine
721 3674 1128 3754 premeretur,
1191 3675 1264 3734 ut
1324 3670 1379 3733 ei
1443 3671 1519 3733 ad
1582 3670 1913 3734 ecelesiam
1976 3669 2327 3734 ambulanti
2387 3671 2576 3734 nimis

305 3775 448 3839 dura
491 3779 658 3840 esset
687 3776 1010 3858 profecti0,
1059 3780 1252 3857 utque
1293 3775 1640 3838 seeundum
1688 3775 2207 3838 consuet-udinem
2240 3793 2419 3838 suam
2463 3793 2577 3844 uas

307 3897 488 3960 aquae
523 3899 770 3962 semper
801 3883 1014 3962 posset
1046 3881 1121 3943 de
1155 3880 1418 3942 ecclesia
1450 3881 1705 3944 domum
1738 3883 2003 3963 portare.
2038 3917 2125 3924 —
2155 3880 2239 3959 II,
2273 3878 2333 3960 2,
2365 3878 2393 3941 1
2434 3878 2578 3942 diu-

309 3981 534 4046 tissime
557 3980 1001 4068 quae-rebatur
1025 4004 1343 4067 quaenam
1369 3983 1595 4045 uirtus
1620 3982 1729 4045 uel
1755 3981 2177 4046 obseruantia
2200 3984 2581 4046 monachum

301 4087 496 4168 possit
541 4109 584 4150 a
647 4085 904 4150 diaboli
952 4086 1202 4173 laqueis
1263 4110 1339 4149 ac
1396 4086 1881 4172 deceptionibus
1943 4086 2271 4150 custodire
2331 4109 2580 4173 semper

307 4189 632 4255 inlaesum.
713 4211 786 4256 ex
845 4193 1019 4256 codd.
1060 4191 1276 4276 possit
1320 4194 1546 4275 recepi,
1610 4194 1758 4274 quia
1804 4194 2010 4278 agitur
2068 4195 2143 4257 de
2202 4213 2267 4256 re
2333 4213 2579 4278 semper

307 4301 368 4358 01
393 4297 618 4379 ubique
667 4298 1037 4361 necessaria.
1096 4298 1312 4360 eadem
1361 4298 1436 4360 de
1469 4315 1660 4361 causa
1704 4315 2000 4380 praesens
2033 4302 2282 4381 tempus
2330 4300 2579 4362 seruaui

309 4398 446 4480 HII,
479 4399 536 4481 7,
568 4399 638 4464 2:
687 4401 764 4464 cf.
800 4399 945 4481 VII,
977 4399 1038 4480 3,
1076 4400 1134 4483 1,
1181 4401 1385 4482 XVII,
1419 4400 1520 4482 24,
1555 4399 1613 4465 2.
1665 4439 1749 4447 ———
1783 4402 1867 4482 II,
1898 4401 1960 4482 3,
1994 4401 2035 4464 2
2074 4400 2580 4465 sublimissimae
