3167 4975
545 437 876 497 XXXIIII

1030 603 1150 660 DW
2135 599 2285 655 codd.
2325 597 2437 655 rell.

547 714 720 779 Conl.
750 714 893 794 VII,
926 710 988 793 8,
1019 712 1060 776 3
1107 711 1197 774 eis
1243 730 1364 777 om.
1405 763 1416 775 .
1513 763 1524 775 .
1622 764 1633 775 .
1745 713 1914 774 extat

751 856 836 863 —
872 817 972 898 13,
1005 818 1046 881 3
1092 816 1310 901 inquit
1357 836 1481 880 om.
1513 868 1525 879 .
1622 868 1634 879 .
1744 818 1929 878 extah

751 960 836 968 —
875 922 953 985 16
1000 941 1124 987 non
1172 922 1568 1005 distinguunt
1622 974 1633 984 .
1745 919 2143 1001 distinguunt

755 1066 833 1072 —
869 1024 974 1108 22,
1011 1025 1041 1087 1
1094 1025 1168 1087 in
1214 1046 1335 1091 om.
1405 1078 1417 1090 .
1513 1078 1526 1089 .
1624 1077 1635 1088 .
1746 1026 1918 1086 extat

757 1170 833 1177 —
869 1130 955 1194 24
1001 1132 1072 1193 in
1104 1130 1195 1194 eis
1231 1129 1639 1193 domicilium

842 1235 1140 1321 deinceps
1191 1286 1635 1300 .....
1748 1230 2149 1293 domicilium
2198 1229 2499 1313 deinceps
2546 1229 2619 1290 in
2666 1228 2757 1291 eis

756 1379 832 1387 -
869 1340 974 1421 32,
1004 1340 1050 1403 4
1091 1339 1383 1425 scorpios
1405 1392 1418 1404 .
1515 1393 1526 1403 .
1622 1392 1636 1403 .
1743 1334 2044 1419 scorpius

755 1445 930 1526 VIII,
971 1444 1030 1525 8,
1071 1445 1112 1507 3
1179 1466 1374 1506 suum
1443 1442 1639 1506 domi-

839 1548 1074 1611 cilium
1188 1600 1635 1613 .....
1748 1543 2153 1607 domicilium
2196 1564 2391 1605 suum

752 1690 838 1701 ——
871 1652 1042 1736 23,1
1098 1652 1204 1715 dei
1295 1706 1309 1717 .
1404 1705 1417 1717 .
1513 1704 1526 1717 .
1624 1705 1635 1716 .
1748 1648 1996 1711 domini

755 1759 963 1838 VIIII,
996 1757 1056 1838 6,
1088 1756 1129 1820 2
1180 1756 1470 1843 lapidem
1514 1810 1526 1821 .
1622 1810 1634 1821 .
1743 1776 1977 1816 saxum

753 1898 838 1907 —-
871 1900 955 1907 --
986 1899 1073 1907 —
1118 1860 1318 1924 illum
1404 1914 1416 1925 .
1512 1914 1524 1925 .
1622 1914 1635 1925 .
1746 1856 1927 1920 illud

755 2004 840 2011 -—
875 1966 933 2046 7,
971 1966 1002 2027 1
1040 1964 1223 2051 fuya
1265 1965 1552 2050 quadam
1622 2019 1635 2031 .
1743 1960 2027 2047 quadam
2060 1960 2241 2046 fuya

754 2108 840 2116 ——
877 2070 956 2133 13
1003 2078 1060 2131 et
1097 2091 1228 2153 pro
1275 2069 1572 2132 omnibus
1624 2122 1635 2134 .
1745 2076 1803 2129 et
1850 2065 2150 2129 omnibus

759 2213 838 2221 --
878 2174 979 2253 15,
1015 2172 1045 2234 1
1099 2175 1170 2235 in
1215 2172 1526 2257 quadam.
1623 2227 1637 2242 .
1744 2170 2030 2255 quadam

755 2318 838 2325 —
873 2280 978 2361 34,
1012 2279 1047 2341 7
1097 2301 1342 2342 cessare
1409 2330 1420 2343 .
1516 2331 1529 2343 .
1625 2331 1637 2342 .
1746 2296 2017 2338 cessasse

757 2421 842 2429 —
888 2422 973 2429 -
1015 2382 1052 2445 8
1101 2382 1404 2445 iohannis
1446 2404 1641 2445 euan-

844 2486 1109 2574 gelistae
1188 2541 1637 2553 .....
1748 2485 2186 2573 euanyelistae
2232 2485 2541 2550 iohannis

638 2697 730 2762 Cf.
766 2702 1088 2781 praeterea
1119 2698 1257 2762 Uol.
1292 2698 1376 2778 II,
1408 2717 1466 2780 p.
1503 2695 1608 2777 20,
1645 2695 1700 2760 7.
1736 2696 1841 2776 23,
1874 2695 1975 2760 25.
2012 2696 2116 2776 26,
2154 2695 2251 2760 16.
2288 2695 2391 2778 30,
2426 2697 2465 2758 6
2499 2701 2561 2760 et
2598 2697 2696 2760 19.
2732 2697 2839 2778 32,

555 2801 652 2864 12.
687 2801 791 2883 36,
823 2801 882 2866 5.
917 2801 1022 2884 42,
1060 2802 1158 2865 17.
1191 2801 1297 2883 46,
1329 2801 1432 2864 26.
1467 2801 1572 2881 55,
1612 2799 1706 2864 18.
1743 2799 1848 2880 56,
1881 2799 1983 2863 22.
2018 2800 2124 2880 57,
2155 2801 2197 2863 5
2230 2805 2293 2865 et
2328 2800 2425 2865 13.
2454 2801 2559 2882 58,
2599 2801 2695 2865 17.
2732 2801 2838 2882 62,

555 2905 652 2970 16.
690 2905 791 2987 70,
825 2907 882 2970 6.
923 2905 1064 2988 102,
1104 2906 1199 2969 15.
1251 2905 1392 2988 105,
1425 2905 1528 2970 27.
1567 2905 1712 2986 130,
1744 2905 1785 2968 3
1819 2907 1880 2968 et
1920 2903 2022 2969 23.
2068 2904 2207 2986 134,
2242 2905 2299 2969 8.
2342 2906 2484 2986 135,
2522 2905 2580 2970 2.
2620 2905 2765 2987 136,
2798 2907 2841 2969 5

551 3014 613 3073 et
650 3009 746 3074 11.
795 3010 936 3091 144,
975 3011 1002 3072 1
1043 3016 1104 3074 et
1135 3011 1193 3074 3.
1244 3009 1386 3088 156,
1419 3009 1520 3074 22.
1572 3009 1717 3090 164,
1755 3009 1850 3073 15.
1903 3008 2044 3090 176,
2078 3009 2137 3072 5.
2190 3007 2330 3089 184,
2369 3009 2423 3075 1.
2472 3009 2615 3092 185,
2654 3010 2732 3073 13
2778 3015 2839 3075 et

549 3114 652 3178 26.
695 3113 834 3195 192,
861 3114 962 3178 25.
1003 3115 1145 3196 197,
1169 3115 1227 3178 5.
1269 3113 1412 3195 199,
1439 3113 1540 3178 20.
1575 3113 1807 3194 204,1.
1844 3112 1993 3193 213,
2017 3115 2058 3176 5
2084 3119 2147 3178 et
2174 3115 2231 3178 8.
2268 3113 2483 3196 217,4
2509 3120 2571 3179 et
2595 3115 2653 3177 5.
2690 3113 2839 3195 218,

555 3217 651 3282 15.
687 3217 834 3300 220,
877 3217 970 3282 15.
1015 3218 1163 3300 222,
1195 3217 1255 3282 4.
1299 3219 1448 3300 231,
1478 3218 1525 3280 4
1563 3223 1628 3282 et
1668 3217 1770 3281 24.
1811 3215 1957 3297 232,
1988 3217 2091 3283 23.
2128 3217 2277 3300 244,
2312 3219 2368 3282 7.
2414 3217 2561 3300 246,
2595 3217 2653 3282 3.
2690 3217 2839 3299 259,

556 3323 652 3387 11.
687 3321 835 3402 268,
874 3322 970 3388 10.
1007 3322 1154 3404 278,
1187 3322 1290 3387 22.
1325 3323 1472 3404 283,
1511 3321 1609 3387 19.

641 3427 701 3491 4.
749 3428 1150 3492 Parisinus
1181 3427 1601 3492 bibliothecae
1634 3429 1969 3494 nationalis
2000 3429 2165 3493 inter
2196 3446 2300 3493 eos
2346 3428 2455 3510 qui
2502 3447 2699 3511 nuper
2732 3429 2843 3492 atl-

551 3532 767 3614 quisiti
793 3536 942 3596 sunt
967 3533 1124 3616 sign.
1155 3551 1325 3596 num.
1355 3531 1546 3613 2170,
1580 3551 1740 3596 saec.
1778 3533 1985 3614 VIIII,
2021 3534 2123 3597 fol.
2153 3530 2298 3613 252,
2330 3531 2498 3596 binis
2532 3533 2841 3597 columnis

552 3637 862 3720 scriptura
906 3636 1352 3720 langobardica
1397 3656 1434 3700 a
1477 3636 1884 3720 conpluribus
1937 3636 2231 3701 manibus
2278 3641 2566 3701 exaratus
2613 3641 2729 3718 est,
2778 3637 2841 3700 id

550 3742 713 3824 quod
746 3744 808 3805 et
839 3741 1229 3806 characteres
1263 3742 1382 3825 ipsi
1423 3742 1705 3806 indicant
1738 3744 1800 3806 et
1831 3747 2015 3807 notae
2057 3741 2454 3806 librariorum
2489 3745 2840 3806 testantur:

549 3846 748 3910 ueluti
780 3847 885 3911 fol.
915 3844 1026 3908 86¹²
1053 3850 1192 3930 post
1220 3845 1414 3910 uerba
1443 3844 1694 3931 Incipit
1716 3844 2021 3930 prefatio
2054 3847 2323 3930 (scilicet
2354 3847 2433 3910 ad
2458 3846 2629 3910 Conl.
2658 3866 2718 3928 p.
2744 3847 2839 3928 ΙΙ)

549 3951 795 4013 intrusa
841 3954 992 4013 sunt
1037 3951 1224 4014 haec:
1273 3970 1308 4011 ο
1346 3949 1464 4035 pie
1512 3947 1712 4012 lector
1757 3949 2078 4012 album-ani
2122 3949 2463 4012 scribtoris
2512 3959 2841 4026 mementO,

551 4059 614 4118 et
657 4055 760 4118 fol.
802 4053 953 4116 179b
997 4057 1140 4138 post
1196 4055 1454 4119 titulum
1499 4053 1747 4140 Incipit
1808 4053 2092 4118 conlatio
2140 4053 2397 4118 abhatis
2446 4053 2703 4140 pinufii
2764 4052 2843 4117 cle

545 4157 898 4242 penitentie
929 4157 1067 4240 fine
1113 4168 1172 4221 et
1215 4157 1702 4243 satisfactionis
1750 4158 2002 4222 indicio
2052 4161 2282 4224 litteris
2331 4159 2712 4224 minoribus:
2764 4157 2847 4220 ds

551 4259 804 4324 adiuba
847 4261 1234 4347 scriptorem
1263 4261 1512 4324 Iulian'
1551 4263 1746 4348 prbr.
1783 4265 1885 4328 fol.
1925 4264 1989 4325 1¹²
2030 4264 2197 4328 infra
2234 4265 2497 4347 legitur:
2546 4261 2840 4326 Pertinet

551 4363 641 4428 ad
683 4363 814 4428 scih
849 4365 1244 4429 dominicum
1291 4365 1520 4430 desile's
1571 4366 1689 4453 (2).
1753 4369 2033 4433 continet
2080 4370 2249 4433 solus
2297 4387 2367 4432 ex
2414 4369 2573 4433 meis
2618 4387 2839 4433 omnes
