3167 4975
914 463 1145 512 contra
1179 460 1561 514 Nestorium
1599 459 1708 513 lib.
1736 459 1866 524 VII,
1906 463 2124 516 19-20,
2529 461 2652 524 377

368 635 517 718 quia
560 639 839 718 potestas
886 637 1023 719 ipsa
1067 636 1211 700 inde
1259 635 1606 719 accipiebat
1650 637 1948 700 uirtutem
2011 637 2174 700 unde
2221 635 2495 700 habebat
2555 655 2658 700 ex-

369 741 631 822 ordium,
679 745 744 805 et
790 740 922 805 dari
969 761 1079 824 per
1124 741 1443 805 ministros
1490 759 1888 824 nequaquam
1933 745 2180 823 poterat
2225 742 2348 806 nisi
2393 741 2469 805 ab
2512 760 2658 806 auc-

368 847 501 910 tore
556 847 851 910 uenisset.
930 850 1001 911 tu
1062 865 1229 930 erge,
1292 847 1398 928 qui
1456 845 1626 910 idem
1687 846 1784 909 uis
1845 845 2168 910 dominum
2234 847 2429 910 fuisse
2493 847 2654 928 quod
2703 853 2740 908 4

368 969 566 1016 unum
614 969 687 1016 ex
726 952 925 1015 seruis
959 951 1086 1015 suis
1134 949 1328 1034 (quia,
1376 953 1537 1014 sicut
1568 951 1831 1035 apostoli
1864 951 2020 1016 nihil
2051 953 2264 1033 utique
2309 952 2662 1015 habuerant

289 1081 317 1120 5
370 1056 491 1120 nisi
538 1074 575 1120 a
618 1057 870 1121 domino
918 1075 1029 1122 suo
1076 1057 1484 1140 accepissent,
1530 1057 1623 1120 ita
1667 1059 1736 1120 tu
1768 1057 1924 1121 nihil
1955 1057 2050 1120 uis
2097 1057 2420 1121 dominum
2451 1058 2658 1140 ipsum

370 1159 666 1224 habuisse
725 1161 847 1226 nisi
908 1161 1073 1244 quod
1134 1179 1171 1225 a
1230 1161 1451 1245 spiritu
1514 1150 1843 1244 acceperit,
1907 1179 1978 1225 ac
2022 1182 2133 1244 per
2178 1162 2296 1226 hoc
2343 1166 2407 1226 et
2451 1163 2660 1244 ipsum

372 1266 535 1347 quod
580 1264 801 1330 habuit
844 1284 969 1330 non
1016 1269 1087 1330 ut
1130 1265 1458 1331 dominum
1501 1265 1598 1330 uis
1644 1265 1938 1330 habuisse
1986 1266 2096 1330 sed
2140 1269 2214 1330 ut
2258 1285 2513 1330 seruum
2558 1285 2660 1331 ac-

371 1370 657 1454 cepisse),
704 1371 803 1434 dic
846 1371 1003 1435 mihi
1051 1390 1197 1455 ergo
1244 1372 1552 1452 quomodo
1597 1371 1702 1435 ille
1746 1373 2056 1454 potestate
2088 1371 2226 1454 ipsa
2254 1375 2325 1436 ut
2355 1390 2488 1452 sua,
2535 1389 2661 1436 non

370 1477 441 1538 ut
486 1479 741 1558 accepta
782 1475 1119 1540 utebatur?
1167 1477 1315 1558 quid
1356 1475 1525 1540 enim
1570 1476 1646 1539 de
1687 1493 1758 1539 eo
1802 1475 2118 1558 legimus?
2165 1495 2413 1559 surge,
2459 1477 2662 1557 inquit

266 1605 321 1646 ιο
371 1580 741 1662 paralytico,
810 1581 995 1645 tolle
1070 1579 1473 1664 grabatum
1538 1583 1747 1644 tuum
1825 1584 1896 1644 et
1970 1580 2154 1644 uade
2229 1583 2302 1644 in
2371 1581 2662 1644 domum

370 1687 592 1748 tuam.
684 1688 747 1748 et
812 1684 1041 1749 iterum
1111 1685 1487 1767 supplicanti
1552 1704 1665 1768 pro
1733 1683 1862 1748 filio
1922 1685 2087 1768 patri
2153 1685 2367 1765 uade,
2436 1685 2661 1767 inquit,

371 1789 582 1853 filius
630 1792 799 1854 tuus
852 1791 1061 1855 uiuit.
1140 1793 1204 1854 et
1248 1789 1403 1855 illud
1448 1789 1557 1854 ubi
1603 1791 1822 1854 unicus
1869 1789 2088 1854 matris
2135 1790 2213 1854 ad
2261 1790 2662 1873 sepulchrum

373 1893 788 1976 deferebatur,
858 1895 1333 1976 adulescenS‚
1402 1894 1626 1977 inquit,
1689 1895 1828 1960 tibi
1891 1895 2080 1976 dicO,
2142 1915 2380 1980 surge.
2473 1915 2657 1960 num·
2706 1905 2740 1958 5

375 1999 521 2079 qnid
568 2017 734 2083 ergo,
781 2002 853 2063 ut
896 2018 1032 2063 mos
1067 2018 1281 2064 eorum
1314 2005 1446 2064 erat
1490 2001 1595 2082 qui
1627 2003 2004 2083 potestatem
2039 2019 2076 2064 a
2107 2001 2219 2064 deo
2253 2000 2660 2083 accipiebant,

268 2129 321 2169 ιτ»
372 2105 753 2186 potestatem
813 2122 1057 2187 quoque
1118 2104 1225 2169 ille
1286 2105 1417 2168 dari
1480 2104 1602 2169 sibi
1663 2105 1741 2168 ad
1806 2105 2204 2169 efficiendum
2268 2106 2661 2170 inuocatione

374 2208 571 2272 diuini
614 2208 886 2273 nominis
931 2209 1336 2291 postulabat?
1398 2228 1509 2273 cur
1568 2228 1714 2290 non,
1777 2210 1938 2274 sicut
1983 2210 2248 2292 apostoli
2294 2211 2360 2274 in
2407 2210 2662 2274 nomine

371 2311 588 2395 ipsiuS,
634 2313 722 2376 ita
768 2330 1012 2395 quoque
1056 2314 1190 2396 ipse
1236 2315 1299 2378 111
1346 2315 1601 2378 nomine
1647 2314 1901 2397 spiritus
1934 2314 2350 2398 operabatur?
2397 2316 2662 2396 denique

375 2416 522 2499 quid
569 2417 645 2481 (19
704 2417 838 2501 ipso
902 2419 1301 2502 euangelium
1363 2421 1786 2501 protestatur?
1849 2423 2042 2501 erat,
2105 2420 2328 2502 inquit,
2393 2421 2661 2484 docens

375 2540 497 2587 eos
544 2522 739 2587 sicut
784 2526 1247 2613 potestatem
1292 2523 1606 2606 habenS,
1654 2544 1796 2589 non
1843 2526 2038 2589 sicut
2075 2524 2368 2590 scribae
2414 2545 2664 2591 eorum

268 2657 325 2696 20
377 2630 449 2691 et
492 2627 901 2693 Pharisaei.
976 2632 1082 2693 aut
1114 2630 1454 2712 superbum
1487 2633 1549 2693 et
1579 2632 1976 2713 arrogantem
2008 2630 2272 2695 forsitan
2303 2630 2400 2694 uis
2447 2630 2661 2711 fuisse,

376 2731 482 2813 qui
523 2736 919 2815 potestatem,
968 2752 1159 2815 quam
1214 2753 1251 2798 a
1295 2735 1409 2799 deo
1468 2737 1540 2798 ut
1584 2736 1677 2799 ais
1725 2734 2086 2818 accepisset,
2151 2754 2298 2799 suae
2344 2736 2662 2819 potentiae

374 2836 745 2919 deputaret?
806 2839 913 2902 sed
971 2840 1119 2921 quid
1163 2840 1426 2903 facimus
1474 2840 1637 2921 quod
1691 2844 1970 2922 potestas
2017 2858 2361 2922 numquam
2411 2845 2508 2906 est
2553 2841 2664 2905 ob—

374 2946 591 3006 secuta
634 2943 887 3007 famulis
933 2944 1055 3007 nisi
1100 2962 1211 3027 per
1256 2963 1485 3009 nomen
1532 2946 1801 3009 auctoris
1833 2963 1951 3009 nec
1994 2945 2226 3010 habere
2260 2944 2664 3009 efficientiam

364 3048 595 3131 potuit,
642 3048 697 3111 si
744 3048 973 3130 aliquid
1020 3049 1140 3113 sibi
1186 3069 1258 3113 cx
1304 3068 1377 3114 ea
1422 3050 1658 3115 faciens
1705 3051 2044 3133 deputauit.

267 3176 321 3216 25
459 3152 596 3216 XX.
646 3151 767 3217 Sed
815 3153 964 3235 quid
1010 3155 1253 3218 tamdiu
1296 3154 1692 3219 euidentibus
1741 3154 2013 3237 quidem,
2062 3155 2171 3218 sed
2217 3158 2430 3218 tamen
2463 3154 2665 3219 mino-

373 3256 547 3321 ribus
608 3258 995 3341 argumentis
1057 3261 1277 3323 contra
1323 3260 1637 3325 furentem
1683 3259 2142 3343 blasphemiam
2205 3260 2493 3343 agimus?
2555 3278 2665 3323 au-

375 3360 619 3425 diamus
704 3362 912 3445 ipsum
999 3363 1075 3428 ad
1160 3363 1493 3447 discipulos
1577 3365 1943 3445 loquentem
2019 3364 2234 3429 deum:
2319 3364 2664 3429 infirmos

374 3470 660 3547 curate,
744 3470 1077 3532 mortuos
1155 3468 1551 3551 suscitate,
1634 3470 1972 3551 leprosos
2048 3469 2428 3550 mundate,
2505 3469 2666 3533 dae-

583 3672 639 3743 9]
664 3672 858 3728 Matth.
885 3676 936 3740 9,
961 3677 1011 3730 6.
1110 3674 1201 3744 11]
1228 3674 1341 3729 1011.
1369 3676 1420 3741 4,
1446 3679 1529 3732 50.
1636 3676 1724 3746 13]
1751 3676 1880 3731 Luc.
1908 3680 1954 3743 7,
1991 3679 2070 3733 14.
2171 3677 2261 3747 18]
2285 3677 2479 3733 Matth.
2508 3680 2556 3741 7,
2583 3679 2666 3733 29.

376 3758 465 3829 27]
502 3760 699 3815 Matth.
729 3764 811 3825 10,
836 3764 884 3819 8.

463 3944 496 3998 2
531 3946 706 3997 actore
744 3946 821 4000 M
936 3948 969 4001 3
1004 3946 1089 3999 uis
1126 3964 1227 4001 om.
1267 3947 1405 4016 Npa
1536 3944 1816 3999 dominum
1852 3946 2017 3999 fuisse
2055 3946 2188 4000 dicis
2225 3965 2293 4001 av
2429 3950 2461 4002 6
2498 3946 2564 3999 ab
2601 3948 2678 4001 M

376 4032 432 4083 et
476 4048 575 4086 om.
604 4048 650 4101 p
793 4035 823 4087 7
872 4032 1015 4100 quod
1060 4036 1115 4087 ct
1158 4034 1257 4104 ΝΡ
1400 4032 1559 4086 (1911111
1606 4034 1682 4088 M
1815 4037 1846 4090 9
1892 4034 2166 4102 legitimus
2201 4035 2270 4089 N
2407 4036 2471 4089 10
2513 4050 2668 4102 para-

376 4118 525 4171 litico
561 4120 729 4189 NMp
905 4119 1035 4173 tolle
1080 4120 1259 4189 inquit
1294 4121 1369 4175 M
1536 4124 1692 4173 tuum
1737 4124 1791 4173 et
1836 4120 2052 4174 ambula
2087 4124 2141 4173 et
2167 4139 2211 4190 p
2391 4124 2456 4175 12
2492 4120 2667 4189 sepul-

376 4220 526 4257 crum
553 4222 599 4275 p
711 4208 774 4261 13
808 4205 1113 4259 adolescens
1137 4208 1243 4277 ΜΡ
1355 4210 1417 4263 17
1452 4206 1597 4260 1111113
1621 4208 1698 4261 M
1796 4209 1906 4277 ipse
1941 4224 2148 4275 quoque
2174 4210 2273 4261 Mv
2379 4210 2444 4263 18
2471 4224 2666 4259 euuan-

375 4302 515 4403 gelio
552 4336 620 4390 N
708 4337 1085 4405 euuangelium
1124 4355 1167 4407 p
1308 4337 1498 4406 inquid
1533 4339 1603 4393 N
1738 4341 1806 4394 20
1843 4342 1938 4409 aut
1982 4340 2047 4394 N
2182 4342 2248 4394 22
2287 4354 2560 4406 nunquam
2603 4340 2679 4393 M

376 4425 446 4479 24
487 4422 679 4491 aliquit
714 4426 791 4479 M
887 4428 953 4479 25
992 4424 1081 4493 qui
1122 4424 1311 4477 tandiu
1349 4426 1424 4480 M
1557 4426 1602 4479 si
1640 4430 1818 4479 tamen
1851 4430 1918 4497 11¹
