3167 4975
272 1599 324 1636 10

275 2118 324 2159 15

226 2642 325 2688 ,20

271 3164 322 3204 25

1195 447 1354 499 lust.
1393 445 1500 499 lib.
1540 447 1605 509 V,
1642 448 1831 501 9—11.
2580 446 2663 508 89

376 623 674 687 radicitus
723 623 1112 685 excidantur:
1164 623 1237 685 de
1272 622 1498 703 quibus
1533 621 1905 704 singillatim
1942 621 2257 684 ‹lis-tinctis
2289 621 2519 684 libellis
2553 638 2666 683 suo

373 728 507 792 loco
556 730 826 793 donante
874 729 1125 792 domiuo
1173 729 1571 791 disseremus
1652 747 1818 790 uum·
1880 727 2269 810 propositum
2330 725 2512 790 nobis
2568 731 2667 790 est

376 833 450 895 (10
489 833 951 916 gastrimargia,
1000 833 1061 896 id
1091 837 1182 895 est
1218 833 1402 916 gulae
1436 832 1962 914 coucupiscentia,
2012 835 2231 895 contra
2260 849 2450 913 quam
2484 830 2665 895 nobis

375 938 614 1020 primus
647 938 974 1002 conflictus
1001 942 1117 1018 est,
1152 938 1488 1019 disputare.
1539 955 1885 1018 numquam
1910 937 2104 1019 igitur
2127 937 2358 1020 poterit
2391 935 2665 1000 ardentis

376 1043 916 1125 concupiscentiae.
966 1042 1254 1105 stimulos
1301 1041 1605 1120 inhibere,
1662 1041 1927 1122 quisque
1984 1041 2291 1104 desideria
2335 1040 2521 1124 gulae
2568 1061 2665 1103 re-

375 1146 618 1210 frenare
665 1165 789 1211 11011
836 1147 1126 1228 quiue-rit.
1183 1147 1496 1210 interioris
1544 1146 1819 1208 hominis
1867 1145 2126 1209 castitas
2174 1146 2429 1209 uirtutis
2476 1145 2665 1209 huius

376 1253 916 1316 consummatione-
942 1252 1334 1315 discernitur.
1385 1269 1732 1331 numquam
1766 1251 1933 1313 enim
1967 1249 2423 1313 robustioribus
2452 1267 2666 1313 aemu-

375 1357 454 1420 lis
515 1357 859 1420 conluctari
921 1374 1104 1440 posse
1167 1355 1440 1420 confides
1488 1374 1654 1435 eum,
1717 1373 1905 1436 quem
1970 1355 2031 1418 in
2094 1354 2313 1418 leuiori
2373 1354 2665 1418 conflictu

376 1463 768 1543 conspexeris
839 1461 914 1524 ab
987 1460 1434 1526 infirmioribus
1503 1461 1840 1543 paruisque
1912 1459 2209 1542 superari.
2297 1463 2666 1524 cunctarum

377 1585 646 1648 namque
693 1567 1004 1630 uirtutum
1049 1585 1176 1630 una
1221 1569 1448 1630 natura
1493 1569 1609 1645 est,
1656 1565 1805 1628 licet
1834 1563 1899 1628 in
1932 1565 2165 1628 multas
2200 1563 2395 1628 diuidi
2427 1565 2665 1646 species

377 1676 438 1736 et
499 1671 808 1735 uocabula
850 1672 1164 1735 uide-atur:
1229 1671 1392 1734 sicut
1438 1670 1573 1733 auri
1635 1687 1879 1751 quoque.
1941 1687 2069 1733 una
2130 1668 2489 1732 substantia
2548 1673 2665 1748 est,

375 1776 522 1840 licet
565 1795 675 1859 per
719 1776 923 1839 multa
969 1776 1266 1857 uariaque
1313 1775 1644 1838 monilium
1676 1791 1909 1857 genera
1937 1793 2048 1857 pro
2096 1773 2410 1837 artificum
2456 1773 2667 1837 uidea-

377 1884 478 1945 tur
517 1881 768 1964 ingenio
802 1899 874 1944 ac
905 1880 1231 1943 uoluntate
1273 1879 1590 1942 distincta.
1638 1879 1851 1960 itaque
1884 1879 2125 1942 nullam
2159 1879 2432 1961 perfecte
2464 1878 2667 1960 possi-

377 1986 520 2049 dere
565 1984 951 2068 probabitur,
1000 1985 1264 2066 quisque
1311 1984 1502 2047 elisus
1549 1983 1614 2047 in
1662 2001 1879 2046 earum
1920 1986 2097 2066 parte
2131 1983 2491 2047 dinoscitur.
2542 2001 2663 2064 quo

379 2090 546 2153 enim
595 2091 776 2153 modo
823 2089 1162 2172 flagrantes
1212 2091 1423 2152 aestus
1471 2088 2035 2170 concupiscentiae,
2082 2087 2191 2168 qui
2236 2105 2360 2151 non
2409 2087 2541 2150 sola
2572 2087 2669 2150 iu-

379 2195 714 2277 stigatione
776 2195 1071 2277 corporis,
1135 2195 1243 2257 8011
1290 2194 1480 2257 etiam
1527 2193 1761 2257 mentis
1807 2193 1963 2256 uitio
2020 2193 2503 2271 succenduntur,
2565 2211 2667 2254 ex-

377 2299 638 2363 tinxisse
701 2299 1042 2362 eredendus
1106 2302 1221 2377 est,
1285 2298 1392 2380 qui
1440 2298 1689 2361 aculeos
1736 2298 1864 2361 irae
1920 2297 2123 2361 cordis
2186 2297 2378 2361 solius
2438 2297 2669 2361 intem-

377 2404 664 2486 perantia
707 2407 1185 2488 prorumpentes
1233 2403 1524 2485 mitigare
1571 2419 1697 2466 11011
1738 2403 1987 2485 potuit?
2034 2406 2145 2465 aut
2176 2419 2451 2484 quonam
2484 2401 2667 2465 modo

377 2510 694 2591 putandus
744 2514 838 2573 est
887 2510 1091 2573 carnis.
1137 2509 1508 2590 animaeque
1555 2509 1959 2572 lasciuientes
2008 2508 2297 2571 stimulos
2338 2507 2666 2586 retudisse,

377 2614 484 2695 qui
531 2613 858 2697 superbiae-
903 2615 1134 2678 uitium
1181 2614 1446 2695 simplex
1493 2630 1619 2677 11011
1666 2611 1871 2694 (11111111
1918 2612 2245 2675 euincere?
2294 2615 2404 2675 aut
2449 2629 2669 2693 quem-

377 2719 715 2782 admodum
762 2719 1106 2781 credendus
1155 2722 1252 2782 est
1296 2719 1603 2781 insertam
1649 2718 1820 2781 carni
1880 2717 2191 2781 luxuriam
2247 2718 2666 2797 conculcasse,

377 2822 484 2904 qui
530 2823 940 2905 pecuniarum
972 2823 1544 2907 concupiscentiam
1576 2822 1923 2887 forinsecus
1958 2823 2146 2886 sitam
2178 2825 2365 2903 atque
2398 2821 2669 2885 alienam

377 2946 416 2989 a
459 2931 676 2991 nostra
739 2928 1097 2991 substantia
1143 2945 1267 2991 nou
1313 2927 1515 2991 ualuit
1579 2926 1911 2990 abdicare?
1989 2944 2115 3008 qua
2168 2930 2381 2990 autem
2425 2927 2667 2990 ratione.

375 3030 614 3095 bellum
675 3032 880 3095 carnis
943 3036 1004 3096 et
1067 3032 1314 3095 animae
1369 3031 1809 3114 triumphabit,
1872 3032 1979 3113 qui
2039 3032 2299 3096 idoneus
2360 3048 2485 3094 non
2546 3030 2669 3094 fuit

378 3136 666 3199 morbum
700 3154 914 3199 curare
947 3136 1283 3199 tristitiae?
1331 3135 1727 3217 quantalibet
1751 3135 1901 3199 urbs
1930 3136 2319 3199 sublimitate
2345 3153 2668 3199 murorum

379 3245 440 3304 et
473 3242 830 3304 clausarum
861 3245 1185 3323 portarum
1217 3241 1516 3305 firmitate
1549 3241 1891 3320 muniatur,
1924 3244 2209 3322 posterae
2235 3241 2423 3304 unius
2447 3258 2669 3321 quam-

377 3344 474 3407 uis
522 3346 934 3428 paruissimae
981 3344 1332 3427 proditione
1380 3340 1755 3409 uastabitur.
1807 3344 1956 3426 quid
1990 3346 2159 3408 enim
2199 3344 2408 3408 differt-
2454 3348 2669 3407 utrum

464 3538 489 3591 1
531 3534 811 3589 describtis
849 3538 902 3590 A
1010 3539 1043 3591 3
1081 3536 1450 3603 castrimargia
1485 3536 1616 3590 L¹T
1724 3534 1849 3603 gula
1887 3536 1931 3587 8z
1970 3536 2038 3589 H
2135 3538 2169 3591 4
2206 3534 2396 3604 igitur]
2434 3535 2577 3589 enim
2612 3536 2667 3590 A

376 3622 610 3675 ardentis
635 3624 854 3678 AGSv:
887 3622 1135 3676 arde-ntes
1161 3624 1331 3677 HLT
1363 3626 1431 3691 cf.
1460 3641 1576 3692 cap.
1603 3626 1675 3677 23
1702 3624 1823 3677 init.
1934 3627 1964 3677 5
1991 3622 2229 3691 quisquis
2257 3624 2398 3677 ALv
2503 3624 2535 3676 6
2561 3638 2668 3675 11011

375 3710 582 3779 quaerit
615 3712 698 3765 Η1
739 3711 1040 3778 nequiuerit
1063 3712 1149 3765 Lr
1257 3714 1286 3763 ‘7
1327 3727 1621 3779 numquam
1652 3754 1660 3764 .
1689 3753 1700 3765 .
1729 3753 1740 3764 .
1768 3728 1885 3779 cap.
1912 3716 1982 3764 13
2016 3714 2108 3779 fin.
2149 3709 2537 3763 robustioribus
2575 3708 2667 3762 ad-

377 3800 580 3866 tempta
617 3805 803 3852 eoetcmt
839 3800 901 3851 in
945 3798 990 3851 (1
1111 3802 1143 3853 8
1181 3798 1416 3850 confidas
1454 3799 1632 3853 AH22=
1754 3798 1953 3851 leuiore
1989 3800 2041 3852 L
2166 3801 2198 3853 9
2236 3796 2575 3851 inferioribus
2615 3797 2668 3850 A

375 3885 621 3953 superaui
651 3886 724 3938 G1
824 3888 884 3941 11
915 3884 1180 3938 uocubula
1208 3886 1280 3939 G¹
1378 3884 1663 3938 uideantur
1688 3886 1819 3939 AL¹
1918 3888 1982 3941 12
2008 3884 2293 3938 munilium
2332 3886 2419 3939 Η2
2470 3884 2667 3937 multas.

376 3972 654 4039 uariasque
693 3972 980 4025 munilium
1019 3971 1222 4039 (11101111.
1251 3972 1323 4042 L)
1364 3973 1563 4040 species
1602 3974 1709 4027 AL
1844 3975 1908 4027 13
1947 3972 2191 4025 districta
2228 3973 2313 4025 Η1
2436 3971 2668 4040 perfecte

374 4078 475 4115 om.
514 4060 589 4113 L¹
663 4058 895 4128 perfecte.
934 4060 1191 4113 uirtutem
1229 4061 1290 4113 in
1326 4078 1497 4130 victry.
1531 4061 1608 4114 L²
1681 4060 1938 4112 uirtutem
1976 4058 2205 4128 perfecte
2245 4060 2313 4113 H
2416 4061 2479 4114 15
2518 4058 2668 4127 flagi-

373 4150 548 4199 tantes
573 4148 650 4200 131
743 4148 808 4201 16
835 4146 1222 4199 succendentur
1240 4149 1316 4201 L¹
1406 4146 1719 4200 extinexisse
1748 4147 1859 4200 UH
1902 4145 2221 4214 extinguisse
2250 4144 2573 4199 credendum
2593 4147 2668 4199 L¹

379 4237 441 4291 18
479 4232 854 4301 quodadmodo
896 4234 941 4289 Ο
1011 4234 1244 4302 quodam
1281 4234 1438 4287 modo
1474 4236 1553 4289 Al
1664 4236 1728 4289 19
1766 4234 2066 4287 retundisse
2107 4234 2276 4288 GHL
2383 4236 2451 4288 20
2488 4249 2669 4302 super-

373 4321 492 4373 uiae
519 4320 566 4375 C
652 4321 858 4389 quieuit
877 4323 942 4376 H
945 4322 1087 4376 ¹LT1
1177 4325 1240 4377 21
1264 4321 1524 4375 luxoriam
1550 4322 1695 4376 (ΡΗ
1778 4324 1845 4377 22
1867 4321 2038 4389 adque.
2066 4322 2112 4375 C'
2196 4324 2265 4375 23
2275 4327 2404 4391 post
2424 4320 2669 4374 abdicare

375 4408 436 4462 in
463 4410 530 4462 H
548 4426 668 4477 cap.
695 4412 766 4463 12
789 4410 986 4478 incipit
1057 4410 1125 4463 24
1150 4409 1508 4478 triumphauit
1541 4410 1637 4463 CL
1710 4408 1926 4462 idoneos
1957 4411 2030 4463 G¹
2101 4412 2169 4464 25
2195 4408 2380 4462 morbo
2406 4424 2583 4462 carcre
2607 4409 2676 4463 H
