3167 4975
337 1578 390 1615 10

333 2101 386 2140 15

323 3148 382 3188 25

1295 429 1455 484 Inst.
1492 429 1603 485 lib.
1642 430 1707 494 X,
1747 433 1899 487 7—8.
2616 426 2729 492 181

447 609 706 673 inertiae
737 607 997 672 morbus
1028 609 1202 673 uelut
1229 608 1416 672 letale
1449 610 1809 691 contagium
1840 609 2031 672 etiam
2079 625 2263 672 sanas
2310 607 2737 671 membrorum

445 717 654 796 partes
699 713 848 778 tabo
895 717 1181 795 serpente
1213 717 1586 794 corrumpat.
1652 712 2053 794 dicturusque
2086 713 2163 776 de
2192 713 2311 792 his,
2360 713 2463 794 qui
2494 711 2739 794 operari

449 819 576 882 suis
623 816 918 882 manibus
963 818 1188 882 nolunt
1232 821 1296 882 et
1338 835 1566 901 panem
1616 835 1799 881 suum
1846 835 1989 881 cum
2038 817 2284 882 silentio
2338 816 2736 897 manducare,

449 941 486 987 a
529 921 752 1004 quibus
800 923 990 988 etiam
1035 923 1354 1004 praecepit
1397 921 1915 1002 subtrahendum,
1976 921 2262 1003 qualibus
2320 940 2425 986 eos
2472 940 2510 986 a
2567 924 2738 1004 prin-

447 1028 606 1110 cipio
648 1027 892 1110 probris
937 1029 1148 1092 inurat
1192 1027 1526 1093 adtendite.
1602 1028 1669 1092 in
1727 1027 1944 1110 primis
1998 1027 2383 1092 inordinatos
2428 1026 2579 1092 dicit
2620 1047 2739 1092 nec

449 1132 794 1196 secundum
839 1149 1018 1196 suam
1067 1131 1462 1198 traditionem
1509 1131 1856 1212 ambulare,
1904 1132 2041 1196 aliis
2086 1132 2295 1196 uerbis
2341 1135 2737 1198 contumaces

448 1256 574 1318 eoS,
617 1239 832 1318 utpote
879 1237 982 1320 qui
1027 1236 1270 1300 nollent
1311 1237 1484 1300 iuxta
1527 1235 1985 1300 institutionem
2034 1236 2163 1300 eius
2195 1236 2501 1318 incedere,
2552 1242 2617 1302 et
2642 1239 2738 1304 in-

445 1341 738 1406 honestos
771 1360 908 1404 esse
941 1340 1299 1424 designanS,
1344 1340 1405 1404 id
1439 1345 1536 1406 est
1566 1359 1689 1404 non
1720 1341 2153 1423 processionis,
2186 1359 2311 1406 non
2344 1342 2737 1426 uisitationis,

445 1465 568 1512 non
613 1445 810 1527 uerbi,
859 1463 982 1510 non
1029 1445 1328 1528 temporis
1374 1447 1861 1527 oportunitatem
1908 1463 2253 1529 congruam
2284 1446 2735 1530 honestamque

446 1553 778 1615 sectantes.
857 1549 1146 1616 omnibus
1193 1551 1360 1614 enim
1407 1549 1576 1614 uitiis
1624 1549 1760 1614 istis
1808 1550 2229 1616 inordinatum
2276 1570 2581 1635 quemque
2628 1575 2737 1622 ne-

445 1675 619 1720 cesse
665 1659 762 1720 est
805 1655 1146 1719 subiacere.
1223 1657 1296 1720 et
1347 1673 1488 1720 non
1535 1655 1943 1718 secundum
1992 1655 2475 1722 traditionem
2522 1679 2735 1740 quam
2784 1677 2819 1729 9

445 1763 898 1841 acceperunt
943 1777 980 1823 a
1025 1759 1268 1824 nobis:
1323 1765 1386 1823 et
1427 1761 1492 1822 in
1538 1759 1657 1824 hoc
1700 1758 1969 1823 rebelles
2018 1777 2121 1823 eos
2170 1761 2627 1842 quodammodo
2675 1771 2739 1831 et

445 1867 908 1948 contemptores
953 1867 1149 1944 notat,
1198 1864 1304 1946 qui
1350 1864 1769 1944 traditionem,
1829 1882 2021 1945 quam
2084 1870 2457 1949 acceperunt
2516 1867 2593 1932 ab
2643 1889 2736 1952 eo,

445 1973 656 2034 tenere
703 1973 1112 2034 contemnant
1155 1987 1270 2032 nec
1315 1968 1550 2033 imitari
1596 1969 1795 2032 uelint
1840 1969 1922 2050 id,
1984 1969 2148 2051 quod
2192 1971 2565 2054 magistrum
2612 1993 2733 2039 non

445 2075 650 2138 solum
709 2073 904 2139 uerbo
964 2073 1248 2138 docuisse
1309 2073 1715 2138 meminerint
1774 2073 1883 2136 sed
1944 2073 2139 2140 etiam
2199 2091 2384 2157 opere
2445 2079 2739 2143 nouerint

443 2179 798 2263 perfecisse.
860 2179 1006 2262 ipsi
1037 2179 1229 2242 enim
1263 2179 1476 2242 scitis
1525 2177 2147 2261 quemadmodum
2194 2183 2537 2262 oporteat
2580 2183 2739 2248 imi-

443 2284 589 2348 tari
648 2303 798 2349 nos,
876 2285 1198 2348 inmanem
1245 2284 1570 2348 cumulum
1616 2282 2121 2365 reprehensionis
2171 2289 2527 2370 exaggerat,
2592 2306 2737 2354 cum

441 2390 559 2454 hoc
605 2409 708 2454 eos
755 2389 988 2454 adserit
1032 2407 1156 2454 non
1203 2377 1557 2469 obseruare,
1622 2388 1783 2470 quod
1846 2393 1909 2453 et
1968 2390 2307 2454 memoriae
2371 2408 2586 2456 eorum
2642 2394 2739 2457 in-

441 2496 698 2560 haereat
730 2499 792 2560 et
822 2496 900 2559 ad
931 2495 1306 2560 imitandum
1339 2512 1464 2559 non
1499 2494 1703 2559 solum
1750 2493 1943 2559 uerbo
1987 2494 2337 2559 instruente
2385 2496 2735 2580 didicerint,

443 2601 554 2665 sed
599 2602 788 2665 etiam
839 2602 1120 2682 exemplo
1167 2619 1425 2683 operum
1469 2602 1851 2682 prouocante
1900 2600 2303 2681 susceperint.

528 2706 702 2769 VIII.
753 2704 938 2785 Quia
981 2722 1124 2769 non
1171 2704 1490 2786 inquieti
1535 2703 1816 2767 fuimus
1862 2705 2058 2768 inter
2104 2722 2255 2769 uos,
2326 2724 2471 2770 cum
2503 2726 2569 2770 se
2602 2708 2741 2773 uult

440 2811 792 2892 inquietum
836 2811 997 2873 inter
1044 2828 1148 2873 eos
1183 2827 1306 2874 non
1339 2808 1533 2872 fuisse
1564 2827 1676 2890 per
1708 2810 1909 2890 operis
1944 2809 2301 2873 exercitium
2333 2811 2736 2894 conprobare,

441 2933 546 2979 eos
593 2916 696 2997 qui
743 2916 984 2997 operari
1029 2914 1253 2977 nolunt
1297 2912 1544 2977 abunde
1594 2916 1773 2977 notat
1815 2914 2151 2977 otiositatis
2214 2914 2363 2979 uitio
2426 2914 2737 2998 inquietos

441 3038 687 3101 semper
749 3019 1062 3081 exsistere.
1157 3036 1404 3099 neque
1473 3018 1715 3099 gratis
1784 3036 2047 3099 panem
2117 3016 2737 3085 manducauimus

441 3124 528 3188 ab
577 3124 846 3205 aliquo.
921 3142 1034 3205 per
1074 3121 1326 3206 singula
1357 3120 1552 3186 uerba
1580 3122 2021 3205 increpationis
2056 3123 2312 3187 auxesin
2345 3125 2496 3189 facit
2526 3124 2739 3189 doctor

655 3260 742 3329 11]
780 3259 813 3313 1.
842 3276 885 3313 ο.
1016 3259 1104 3328 16]
1141 3257 1177 3313 1.
1205 3274 1248 3313 c.
1276 3261 1323 3313 7.
1437 3258 1528 3326 21]
1564 3257 1601 3311 1.
1630 3274 1673 3312 c.
1790 3258 1881 3327 24]
1918 3257 1954 3312 1.
1982 3263 2100 3315 es.

533 3383 558 3436 1
598 3380 788 3435 loetale
813 3369 894 3435 L⁶
975 3384 1007 3437 2
1043 3382 1221 3450 partes
1247 3380 1504 3447 sanguine
1531 3382 1779 3449 corrupto
1816 3378 1942 3433 tabo
1972 3382 2022 3436 G
2130 3382 2433 3451 serpentino
2459 3384 2512 3437 L
2620 3401 2735 3437 rus-

437 3485 539 3537 que
586 3468 650 3520 de
686 3468 770 3521 his
799 3511 810 3522 .
841 3510 852 3521 .
882 3510 892 3521 .
911 3485 1042 3538 pay.
1072 3472 1190 3536 183,
1217 3472 1286 3521 15
1321 3466 1644 3521 imitandum
1684 3483 1778 3520 nos
1816 3470 1879 3520 ut
1914 3467 1959 3520 si
1996 3474 2181 3523 extant
2217 3470 2279 3523 in
2322 3470 2369 3523 0
2504 3473 2539 3524 4
2582 3486 2734 3538 prae-

438 3556 578 3625 cepit
606 3556 863 3611 GGL1T:
898 3554 1296 3625 praecipitrcll.
1407 3558 1437 3609 5
1464 3552 1763 3623 obprobriis
1788 3555 1928 3621 H(v)
1997 3555 2178 3623 pronis
2204 3556 2278 3609 13¹
2386 3574 2497 3609 esse
2523 3556 2657 3611 dicit
2680 3560 2734 3613 L

437 3646 470 3697 6
495 3658 646 3696 suam
673 3660 774 3698 om.
803 3644 868 3697 H
971 3645 1000 3696 7
1029 3658 1114 3695 eos
1140 3660 1240 3697 om.
1269 3642 1320 3696 L
1427 3644 1618 3709 utpute
1644 3642 1711 3695 H
1714 3642 1807 3695 ¹L¹
1914 3640 2106 3694 nolunt
2132 3643 2245 3697 HL
2352 3646 2384 3698 8
2413 3642 2659 3711 designas
2692 3645 2739 3699 0

437 3756 684 3825 designat
719 3758 774 3810 A
885 3757 950 3811 10
987 3756 1130 3809 enim
1167 3712 1321 3824 {gb-is
1359 3755 1508 3808 uitiis
1545 3756 1599 3808 L
1674 3754 1790 3807 istis
1828 3753 1975 3806 uitiis
2012 3757 2099 3807 Αυ
2218 3758 2281 3809 12
2319 3756 2629 3825 acciperunt
2656 3760 2732 3827 H,

435 3846 566 3899 item
601 3845 756 3912 infra
793 3842 1168 3911 quodadmodo
1211 3844 1256 3897 (J
1367 3844 1430 3897 14
1469 3844 1819 3894 contemnant
1859 3842 1979 3895 CT.-
2017 3845 2399 3909 contempnant
2426 3846 2539 3899 HL
2611 3862 2733 3898 eon-

435 3933 688 3985 temnunt
732 3930 843 3984 AG
917 3930 1107 3983 uellInt
1156 3930 1314 3983 G¹H¹
1461 3944 1566 3981 non
1614 3927 1786 3981 solum
1831 3944 1985 3996 opere
2032 3929 2281 3982 nouerint
2320 3930 2603 3998 perfecisse
2642 3932 2735 3985 sed

435 4018 597 4072 etiam
624 4016 788 4071 uerbo
813 4017 1157 4071 meminerint
1183 4017 1422 4070 docuisse
1448 4018 1498 4069 A
1527 4018 1595 4083 cf.
1618 4034 1748 4085 pay.
1776 4020 1896 4083 187,
1920 4021 1985 4069 14
2096 4018 2160 4071 16
2185 4017 2657 4084 quemammodum
2682 4021 2733 4073 L

439 4108 505 4161 17
531 4105 822 4157 immanem
853 4104 954 4159 CA
1060 4104 1275 4157 inmane
1300 4105 1353 4158 L
1464 4106 1527 4159 18
1553 4118 1641 4155 eos
1667 4102 1767 4155 hoc
1793 4103 1845 4155 L
1952 4104 2017 4157 21
2044 4102 2181 4155 VIII
2206 4121 2307 4159 om.
2340 4104 2389 4157 G
2485 4104 2611 4173 quia
2638 4148 2647 4159 .
2678 4148 2689 4159 .
2722 4152 2733 4163 .

434 4208 558 4247 cum
594 4208 750 4249 enan.
781 4194 842 4247 in
873 4192 920 4247 C
1022 4194 1088 4246 22
1115 4190 1414 4259 inquietum
1449 4208 1550 4245 om.
1586 4190 1633 4244 C
1734 4188 1875 4242 inter
1913 4204 1998 4241 eos
2036 4188 2334 4257 inquietum
2362 4193 2415 4246 A
2523 4194 2591 4247 23
2627 4208 2733 4260 non

433 4270 572 4373 ῃῃῖῗὶ
609 4305 814 4374 operari
851 4305 906 4360 L
1037 4304 1278 4359 otiositas
1315 4304 1392 4359 131
1523 4306 1589 4359 24
1636 4301 1858 4355 existere
1898 4300 2090 4357 G2HL
2230 4318 2425 4371 panem
2462 4304 2631 4373 gratis
2681 4306 2732 4360 G

433 4392 602 4463 gratis
641 4410 743 4448 om.
779 4392 833 4447 L
943 4394 1010 4448 25
1047 4391 1205 4445 auxin
1242 4392 1308 4445 H
