3167 4975
1243 415 1404 468 Inst.
1443 414 1556 469 lib.
1596 415 1661 479 X,
1697 417 1920 472 20-21.
2598 416 2720 482 191

438 593 722 656 nolentes
759 609 942 674 opere
975 609 1280 655 manuum
1326 592 1683 672 sustentari,
1730 591 1893 673 quod
1940 592 2257 674 apostolus
2305 592 2727 657 indesinenter

439 696 715 760 exercuit
743 697 846 760 uel
891 695 1071 760 nobis
1105 715 1387 760 exercere
1417 697 1756 780 praecepit,
1804 696 2180 778 quibusdam
2212 697 2308 760 uti
2352 697 2727 762 testimoniis

437 801 909 883 scripturarum,
955 800 1180 883 quibus
1228 801 1542 883 quoddam
1585 802 1845 864 inertiae
1879 819 2027 866 suae
2074 801 2365 865 uelamen
2403 802 2727 884 inponant,

439 904 714 969 dicentes
763 907 1065 988 scriptum
1113 925 1278 970 esse:
1341 905 1756 988 operamini
1817 921 1959 969 non
2020 905 2267 970 cibum
2328 907 2452 988 qui
2510 907 2728 988 perit,

354 1021 382 1061 ⁵
437 1010 566 1074 sed
611 1011 738 1093 qui
781 1014 1172 1094 permanet
1223 1010 1298 1073 in
1343 1011 1579 1075 uitam
1641 1013 2047 1091 aeternam,
2095 1014 2185 1075 et:
2248 1031 2455 1076 meus
2518 1010 2727 1075 cibus

438 1118 552 1179 est
597 1118 675 1179 ut
719 1115 992 1179 faciam
1035 1117 1506 1180 uoluntatem
1552 1115 1791 1199 patris
1834 1115 1993 1180 mei.
2044 1115 2155 1180 sed
2184 1115 2339 1180 haec
2372 1117 2734 1181 testimonia
2781 1127 2817 1180 4

433 1221 628 1303 panni
671 1220 928 1302 quidam
974 1224 1123 1284 sunt
1184 1221 1260 1283 de
1308 1221 1506 1284 solida
1552 1221 1953 1304 euangelicae
2013 1221 2297 1285 lectionis
2344 1221 2728 1303 plenitudine

437 1329 501 1389 et
544 1325 621 1389 ad
682 1325 799 1390 hoc
860 1326 1239 1405 adsuuntu1·‚
1300 1329 1373 1390 ut
1433 1328 1773 1408 contegant
1830 1326 2040 1408 potius
2100 1326 2515 1410 ignominiam
2575 1329 2729 1390 otio-

437 1429 638 1493 sitatis
685 1447 758 1493 ac
805 1429 1216 1494 uerecundiae
1263 1433 1512 1494 nostrae
1568 1447 1761 1512 quam
1806 1433 1877 1494 ut
1922 1430 2291 1494 calefaciant
2338 1434 2400 1495 et
2431 1435 2730 1496 exornent

329 1553 384 1590 ιο
436 1551 552 1598 nos
613 1534 722 1598 illa
779 1536 1054 1616 pretiosa
1113 1537 1292 1598 ueste
1351 1535 1753 1616 perfectaque
1814 1535 2143 1617 uirtutum,
2204 1552 2397 1617 quam
2455 1537 2517 1598 in
2580 1536 2731 1600 Pro-

437 1638 669 1702 uerbiis
733 1639 958 1703 mulier
1015 1640 1124 1704 illa
1169 1640 1440 1722 sapienS‚
1501 1657 1663 1721 quae
1711 1640 2076 1704 fortitudine
2125 1643 2188 1704 et
2250 1639 2466 1704 decore
2512 1641 2731 1704 induta

439 1746 554 1822 est,
617 1743 718 1806 uel
781 1743 900 1808 sibi
945 1745 1048 1807 uel
1108 1745 1244 1808 uiro
1306 1762 1419 1807 suo
1479 1744 1702 1807 fecisse
1762 1743 2161 1809 describitur:
2226 1745 2301 1810 de
2358 1763 2481 1827 qua
2540 1745 2731 1809 etiam

437 1852 890 1930 consequenter
951 1849 1244 1912 infertur:
1314 1848 1765 1912 fortitudine
1828 1851 1901 1912 et
1960 1848 2220 1912 decore
2281 1849 2537 1914 induta
2598 1853 2731 1929 est,

437 1955 509 2015 et
553 1952 842 2017 laetata
889 1957 1004 2016 est
1047 1953 1120 2016 in
1167 1951 1430 2016 diebus
1464 1953 1917 2017 nouissimis,
1970 1953 2045 2017 de
2076 1953 2193 2018 hoc
2222 1954 2483 2018 inertiae
2516 1953 2731 2019 morbo

329 2073 384 2113 1⁵
438 2074 652 2120 rursus
682 2057 854 2120 idem
885 2056 1175 2122 Salomon
1202 2057 1290 2121 ita
1319 2061 1801 2122 commemorat:
1834 2057 2003 2122 uiae
2036 2057 2223 2122 nihil
2259 2058 2729 2141 operantium

439 2165 724 2226 stratae
787 2166 964 2225 sunt
1025 2162 1283 2243 spinis.‚
1346 2161 1408 2224 id
1469 2166 1566 2226 est
1628 2161 1755 2226 illis
1816 2180 1889 2226 ac
1950 2162 2259 2226 similibus
2323 2163 2512 2243 uit-iis,
2572 2181 2731 2244 quae

439 2267 754 2347 apostolus
813 2266 880 2330 in
934 2265 1353 2347 superioribus
1417 2265 1492 2330 de
1555 2267 1677 2331 otio
1738 2267 2047 2350 pullulare
2108 2267 2429 2348 praefatus
2493 2271 2606 2347 est,
2672 2271 2730 2330 et

439 2371 694 2434 iterum:
757 2370 829 2434 in
885 2371 1281 2435 desideriis
1345 2374 1461 2434 est
1519 2372 1757 2435 omnis
1820 2371 2128 2451 otiosus,
2190 2371 2265 2435 de
2311 2371 2537 2453 quibus
2586 2390 2734 2453 apo-

440 2476 635 2539 stolus
681 2478 1134 2541 commemorat
1179 2475 1422 2540 dicens:
1481 2478 1553 2541 et
1598 2476 1880 2541 nullius
1927 2473 2219 2558 aliquid
2266 2475 2733 2557 desideretiS,

331 2598 388 2637 20
445 2585 508 2645 et
552 2581 628 2645 ad
664 2585 1040 2646 extremum:
1089 2582 1328 2646 multa
1375 2582 1570 2645 enim
1618 2582 1813 2645 mala
1858 2580 2113 2645 docuit
2157 2581 2526 2645 otiositas.
2578 2600 2737 2663 quae
2789 2594 2823 2648 5

442 2686 759 2750 euidenter
805 2687 1120 2768 apostolus
1181 2686 1248 2749 in
1293 2686 1391 2750 his
1438 2704 1597 2769 quae
1645 2704 1835 2769 supra
1894 2685 2288 2767 exposuimus
2345 2685 2737 2750 enumerauit

442 2790 682 2855 dicens:
729 2791 922 2855 nihil
953 2795 1348 2875 operantes
1397 2791 1524 2855 sed
1563 2792 1855 2855 curiose
1902 2794 2232 2875 agenteS‚
2278 2790 2547 2873 huicque
2580 2791 2730 2854 uitio

443 2895 760 2959 subiunxit
789 2896 986 2960 aliud:
1035 2900 1108 2960 et
1152 2914 1449 2979 operam
1496 2894 1689 2959 detis
1737 2898 1817 2959 ut
1861 2895 2097 2977 quieti
2144 2895 2341 2975 sitis,
2391 2898 2453 2959 et
2484 2896 2732 2959 deinde:

441 3005 522 3063 ut
566 3004 818 3064 uestra
878 3000 1180 3083 negotia
1226 3000 1490 3085 agatiS,
1553 3002 1626 3063 et
1679 3003 1759 3063 ut
1803 3000 2118 3064 honeste
2180 3000 2585 3064 ambuletis
2646 3000 2735 3064 ad

331 3130 388 3169 25
444 3122 564 3169 eos
612 3106 738 3186 qui
779 3104 963 3169 foris
1012 3108 1206 3187 sunt,
1263 3107 1335 3168 et
1379 3105 1664 3169 nullius
1712 3104 1999 3186 aliquid
2046 3104 2514 3169 desideretis,
2579 3123 2733 3187 quos

444 3210 634 3273 etiam
687 3210 1070 3275 inordinatos
1132 3229 1203 3274 ac
1249 3210 1514 3274 rebelles
1560 3212 1758 3290 notat,
1820 3208 1897 3273 ab
1945 3210 2042 3273 his
2089 3209 2395 3273 studiosos
2456 3228 2735 3291 quosque

444 3316 760 3399 segregari
804 3315 1221 3397 praecipiens:
1284 3318 1366 3379 ut
1411 3313 1887 3378 subtrahatis
1934 3333 2084 3395 uos,
2133 3313 2357 3395 inquit,
2405 3313 2492 3377 ab
2541 3314 2735 3378 omni

442 3420 678 3483 fratre
742 3419 1176 3484 ambulante
1237 3419 1665 3483 inordinate
1713 3422 1785 3484 et
1844 3436 1986 3482 non
2047 3418 2453 3483 secundum
2515 3419 2735 3483 tradi·-

443 3524 723 3588 tionem
769 3541 986 3606 quam
1026 3528 1478 3606 acceperunt
1521 3543 1559 3588 a
1606 3523 1840 3587 nobis,

651 3699 708 3767 4]
735 3698 850 3754 Ioh.
879 3702 926 3762 6,
953 3702 1036 3755 27.
1145 3699 1202 3769 5]
1228 3698 1344 3753 Iob.
1369 3702 1420 3762 4,
1446 3700 1530 3753 34.
1644 3699 1733 3765 13]
1757 3698 1916 3751 Prou.
1942 3700 2027 3760 31,
2054 3699 2121 3752 25
2148 3696 2351 3765 (Lxx).
2460 3696 2549 3765 15]
2576 3696 2735 3749 Pron.

449 3790 528 3849 15,
558 3788 621 3841 19
648 3786 849 3855 (LXX).
926 3787 1014 3855 18]
1041 3787 1198 3840 Prou.
1229 3790 1310 3855 13,
1336 3790 1368 3841 4
1395 3785 1597 3855 (LXX).
1675 3786 1763 3854 19]
1791 3785 1819 3839 Ι
1845 3786 2029 3839 Thess.
2054 3786 2105 3848 4,
2133 3786 2211 3839 11.
2287 3784 2377 3853 20]
2407 3784 2506 3837 Sir.
2534 3786 2618 3842 233,
2652 3785 2735 3837 29.

444 3874 537 3943 22]
573 3873 629 3928 ΙΙ
667 3874 848 3928 Thess
877 3876 926 3938 3,
956 3878 1034 3930 11.
1143 3873 1236 3941 23]
1272 3873 1299 3927 Ι
1326 3874 1506 3927 Thess
1533 3877 1584 3937 4,
1623 3875 1703 3929 11.
1822 3873 1914 3942 24]
1951 3873 1985 3926 l.
2015 3888 2057 3926 c.
2176 3872 2267 3939 27]
2306 3871 2364 3925 11
2402 3870 2583 3924 Thess
2610 3874 2659 3933 3,
2686 3874 2734 3925 6.

535 4032 560 4085 1
591 4046 776 4099 operae
810 4030 857 4086 0
948 4046 1205 4084 manuum
1233 4047 1452 4084 suarum
1470 4032 1591 4085 H’v
1684 4029 2010 4084 substentari
2038 4030 2083 4083 (7
2173 4030 2205 4083 2
2232 4028 2489 4097 praecipit
2514 4029 2591 4097 H,
2612 4034 2737 4097 post

445 4119 591 4189 quod
613 4120 940 4173 uocabulum
967 4120 1030 4173 in
1053 4119 1122 4172 H
1149 4136 1267 4188 cap.
1291 4124 1364 4172 20
1387 4120 1585 4188 incipit
1692 4121 1724 4173 3
1760 4116 2147 4171 scribturarum
2180 4118 2299 4171 (ἴθ’
2408 4119 2441 4170 4
2476 4114 2735 4169 scribtum

453 4206 574 4259 06¹
648 4208 680 4259 6
706 4206 788 4274 ut]
815 4208 870 4258 et
901 4205 948 4259 Ο
1015 4209 1046 4260 7
1073 4204 1252 4273 ῳάειηι
1276 4205 1362 4273 (=
1393 4204 1669 4273 quiadam)
1700 4206 1771 4259 6⁷¹
1846 4207 1877 4259 8
1904 4204 2262 4257 adsumuntur
2287 4204 2353 4257 ΙΙ
2424 4206 2488 4259 14
2512 4202 2652 4256 laeta
2677 4204 2745 4256 H

445 4293 547 4346 hac
577 4293 648 4347 6¹
734 4296 796 4349 15
822 4308 1034 4346 rursum
1063 4294 1128 4346 H
1202 4292 1442 4346 salamon
1466 4293 1535 4346 H
1612 4294 1676 4347 16
1701 4292 1880 4359 uitisq.
1910 4293 1978 4345 H
2054 4294 2116 4345 19
2145 4290 2583 4344 commemorauit
2605 4290 2739 4343 Lis„

447 4384 516 4437 23
553 4380 856 4435 subiuncxit
893 4382 960 4435 H
1059 4383 1127 4436 26
1163 4380 1208 4435 is
1247 4382 1312 4435 H
1413 4383 1480 4435 27
1517 4379 1704 4448 inquid
1744 4381 1812 4433 H
1912 4381 1979 4434 29
2017 4378 2323 4447 acciperunt
2363 4380 2507 4433 (r'1H

2323 4467 2424 4517 20*

2066 4566 2073 4598 Ι
