3167 4975
512 443 641 506 344
1320 441 1640 496 Iohannis
1685 440 1983 496 Cassiani

597 617 801 682 XVII.
850 617 1022 698 Quae
1084 637 1227 682 cum
1289 619 1379 683 ita
1436 619 1592 700 sint,
1655 637 1894 704 negans
1958 638 2158 683 unum
2213 618 2426 683 Iesum
2481 619 2808 684 Christum

512 723 713 787 filium
760 723 857 787 dei
904 723 1149 806 negasti
1193 724 1426 788 omnia.
1504 742 1652 788 nam
1705 724 1861 788 haec
1917 725 2074 788 ratio
2137 722 2535 789 ecclesiastici
2599 743 2812 789 sacra-

512 828 709 892 menti
774 832 836 892 et
895 827 1235 892 catholicae
1289 827 1432 892 fidei
1492 831 1610 909 est,
1673 831 1762 910 ut,
1825 829 1930 910 qui
1984 832 2228 911 partem
2278 827 2654 892 sacramenti
2697 828 2810 891 de-

512 935 721 1016 negat,
782 935 1028 1016 partem
1092 951 1215 997 non
1276 933 1489 996 ualeat
1546 933 1845 998 confiteri.
1922 933 2012 997 ita
2071 932 2238 997 enim
2300 931 2418 996 sibi
2464 913 2700 997 conexa
2743 935 2812 996 et

511 1041 959 1120 concorporata
1004 1040 1153 1100 sunt
1198 1036 1427 1118 omnia,
1491 1040 1564 1102 ut
1622 1036 1789 1101 aliud
1845 1037 1978 1102 sine
2033 1037 2155 1101 alio
2201 1039 2370 1101 stare
2414 1055 2540 1102 non
2585 1037 2806 1120 possit,

514 1146 577 1207 et
622 1143 729 1224 qui
775 1160 973 1206 unum
1019 1161 1092 1205 ex
1137 1141 1431 1206 omnibus
1478 1141 1904 1226 denegauerit,
1950 1141 2074 1206 alia
2119 1141 2176 1205 ei
2220 1142 2433 1206 omnia
2469 1141 2808 1206 credidisse

513 1265 638 1312 non
684 1246 897 1330 prosit.
975 1245 1187 1328 itaque
1249 1246 1302 1310 si
1355 1265 1549 1330 negas
1597 1247 1786 1310 deum
1831 1244 2155 1310 dominum
2201 1245 2414 1310 Iesum
2461 1245 2806 1327 Christum,

514 1371 769 1416 necesse
815 1355 914 1416 est
957 1354 1030 1416 ut
1073 1351 1275 1415 filium
1321 1352 1419 1415 dei
1465 1351 1784 1434 denegans
1841 1351 2034 1415 etiam
2079 1354 2326 1434 patrem
2385 1369 2598 1434 negeS,
2658 1352 2810 1433 quia

512 1459 685 1522 iuxta
728 1458 922 1540 ipsius
969 1456 1069 1521 dei
1114 1473 1335 1520 uocem
1390 1456 1511 1538 qui
1555 1474 1699 1521 non
1744 1455 1973 1520 habet
2014 1455 2291 1536 filium,
2339 1475 2472 1520 nec
2515 1459 2806 1538 patrem

516 1562 769 1643 habet,
832 1563 953 1644 qui
1013 1564 1260 1625 autem
1320 1560 1549 1625 habet
1595 1560 1874 1642 filium,
1923 1563 1996 1624 et
2039 1562 2326 1642 patrem
2371 1559 2619 1624 habet.
2697 1579 2808 1624 ne-

512 1686 671 1752 gans
732 1683 879 1750 ergo
938 1666 1224 1750 genitum
1287 1665 1481 1730 etiam
1540 1665 1884 1749 genitorem
1951 1682 2166 1748 negas
2259 1681 2498 1748 negans
2559 1682 2808 1746 quoque

514 1771 714 1836 filium
759 1771 859 1835 dei
902 1771 967 1834 in
1014 1789 1199 1834 carne
1246 1773 1466 1834 natum
1512 1788 1900 1851 consequens
1947 1771 2046 1833 est
2088 1772 2159 1833 ut
2219 1768 2414 1832 etiam
2456 1767 2521 1833 in
2583 1769 2806 1852 spiritu

514 1879 736 1941 natum
795 1894 1008 1960 negeS,
1070 1875 1218 1957 quia
1275 1873 1441 1938 idem
1502 1877 1692 1938 natus
1753 1873 1819 1938 in
1879 1891 2066 1938 carne
2112 1873 2218 1955 qui
2263 1873 2434 1956 prius
2496 1875 2680 1938 natus
2738 1873 2804 1937 in

514 1981 754 2066 spiritu.
833 1997 958 2045 non
1019 1979 1278 2044 credens
1334 1996 1481 2062 ergo
1536 1978 1602 2043 in
1650 1997 1835 2042 carne
1884 1977 2120 2042 editum
2167 1995 2424 2042 necesse
2471 1981 2568 2042 est
2613 1977 2802 2042 etiam

512 2103 771 2169 passum
818 2104 955 2148 esse
1000 2101 1126 2148 non
1173 2083 1407 2148 credas.
1486 2100 1612 2148 non
1668 2083 1928 2147 credens
1977 2086 2192 2146 autem
2235 2082 2400 2147 illius
2448 2082 2804 2166 passionem

514 2189 661 2272 quid
706 2188 1017 2270 reliquum
1062 2192 1161 2252 est
1204 2187 1324 2252 nisi
1369 2189 1559 2252 etiam
1606 2187 2127 2252 resurrectionem
2184 2205 2398 2270 negeS,
2461 2187 2608 2268 quia
2649 2185 2804 2250 fides

515 2293 800 2358 suscitati
844 2311 918 2357 ex
962 2292 1086 2356 fide
1132 2293 1359 2357 mortui
1400 2296 1642 2357 estnec
1673 2296 1841 2356 stare
1885 2295 2092 2376 potest
2121 2291 2280 2357 ratio
2310 2291 2803 2370 resurrectioniS,

438 2435 447 2442 -
514 2399 635 2464 nisi
695 2398 849 2462 fides
910 2399 1127 2462 mortis
1188 2401 1335 2462 ante
1395 2397 1824 2480 praecesserit.
1919 2415 2156 2480 negans
2219 2413 2364 2480 ergo
2425 2413 2681 2478 passum
2741 2399 2806 2458 et

514 2508 855 2585 mortuum,
916 2522 1155 2587 negans
1210 2521 1453 2585 quoque
1514 2501 1592 2567 ab
1648 2503 1863 2567 inferis
1925 2505 2362 2585 resurgentem
2415 2512 2840 2583 consequens·

513 2610 727 2692 utique
788 2613 887 2673 est
943 2611 1016 2672 ut
1075 2626 1265 2691 neges
1326 2608 1517 2672 etiam
1580 2607 2056 2687 ascendentem,
2119 2607 2266 2689 quia
2323 2606 2607 2670 ascensio
2667 2605 2802 2669 sine

512 2714 965 2778 resurrectione
1012 2732 1149 2777 esse
1198 2730 1321 2777 non
1367 2711 1588 2797 potuit,
1637 2714 1700 2776 et
1741 2712 1850 2794 qui
1893 2711 2310 2776 resurrexisse
2356 2728 2481 2775 non
2513 2710 2803 2789 creditur,

512 2838 768 2884 necesse
800 2822 898 2882 est
926 2836 1041 2882 nec
1073 2817 1426 2882 ascendisse
1458 2817 1768 2897 credatur,
1808 2816 2054 2880 dicente
2085 2816 2394 2899 apostolo:
2441 2815 2570 2897 qui
2615 2815 2805 2877 enim

514 2923 927 3003 descendit,
973 2922 1133 3005 ipse
1180 2926 1293 2985 est
1339 2926 1409 2985 et
1454 2922 1579 3004 qui
1625 2921 1983 2985 ascendit.
2064 2939 2232 3005 ergo,
2276 2923 2586 3002 quantum
2632 2918 2697 2982 in
2743 2922 2804 2981 te

514 3032 629 3109 est,
675 3028 963 3092 dominus
1008 3028 1187 3091 Iesus
1235 3025 1521 3091 Christus
1568 3044 1770 3107 neque
1817 3026 1896 3091 ab
1943 3025 2158 3089 inferis
2205 3024 2544 3089 resurrexit
2603 3041 2802 3105 neque

512 3134 757 3197 caelum
804 3131 1083 3197 ascendit
1122 3150 1237 3195 nec
1268 3131 1346 3195 ad
1377 3130 1476 3195 dei
1508 3132 1702 3215 patris
1735 3130 2056 3195 dexteram
2089 3131 2250 3195 sedit
2281 3147 2482 3211 neque
2515 3129 2596 3193 ad
2623 3127 2800 3193 illum

512 3238 618 3319 qui
666 3239 1025 3321 expectatur
1072 3235 1546 3301 examinationis
1595 3237 1856 3301 ultimae
1902 3235 2067 3299 diem
2113 3236 2328 3299 ueniet
2373 3252 2490 3299 nec
2519 3234 2697 3297 uiuos
2729 3251 2804 3296 ac

512 3345 792 3405 mortuos
839 3340 1160 3406 iudicabit.

598 3446 833 3511 XVIII.
869 3445 1192 3530 Intellegis
1225 3446 1451 3528 itaque,
1498 3464 1535 3511 o
1575 3446 1792 3510 infelix
1825 3449 1887 3509 et
1932 3444 2167 3509 furiosa
2211 3445 2612 3528 peruersita3‚
2659 3460 2802 3507 eua-

514 3570 734 3615 cuasse
794 3554 857 3615 te
912 3552 1161 3634 penitus
1226 3569 1479 3616 omnem
1536 3550 1804 3634 symboli
1849 3550 2060 3631 fidem,
2121 3567 2374 3614 omnem
2421 3549 2556 3630 spei
2601 3564 2802 3613 sacra-

516 3656 835 3738 mentique
893 3656 1209 3720 uirtutem.
1292 3659 1353 3720 et
1412 3656 1477 3719 in
1540 3656 1802 3719 ecclesia
1860 3656 2116 3738 insuper
2177 3657 2346 3718 stare
2393 3670 2584 3717 ausus
2630 3670 2695 3716 es
2741 3654 2804 3715 et

721 3862 778 3933 9]
814 3863 845 3916 1
880 3862 993 3917 Ioh.
1020 3864 1069 3931 2,
1095 3865 1178 3919 23.
1287 3863 1379 3932 22]
1418 3862 1739 3932 Eph.4,10.
1775 3856 1780 3865 ·

604 4060 627 4111 1
670 4070 870 4123 negans
907 4070 1031 4123 ergo
1067 4073 1101 4110 υ
1203 4059 1235 4110 2
1274 4072 1399 4109 nam
1438 4059 1492 4107 et
1526 4055 1658 4108 haec
1693 4072 1726 4110 v
1829 4056 1864 4109 3
1899 4053 2218 4107 sacramenti
2257 4052 2488 4121 denegat
2521 4053 2590 4108 N
2593 4073 2611 4106 .-
2647 4069 2685 4105 3.
2723 4050 2796 4103 di-

515 4142 629 4195 uini
674 4144 837 4210 negat
872 4161 915 4213 p
1006 4141 1178 4196 diuini
1216 4160 1256 4195 3.
1292 4146 1452 4211 negat
1486 4160 1519 4197 v
1661 4145 1690 4197 7
1740 4141 1899 4195 deum
1945 4159 2048 4197 om.
2073 4141 2142 4196 N
2275 4143 2308 4196 9
2345 4138 2474 4193 i'xta
2507 4156 2552 4209 p
2693 4136 2796 4205 dei]

511 4229 683 4299 patris
732 4248 764 4287 v
932 4232 995 4286 19
1041 4246 1205 4299 negas
1250 4244 1457 4297 quoque
1501 4248 1534 4284 v
1690 4231 1760 4285 20
1807 4232 1870 4283 ut
1913 4247 2014 4285 om.
2057 4246 2100 4298 p
2256 4227 2347 4295 qui
2393 4228 2476 4282 N¹
2640 4228 2708 4281 23
2750 4228 2800 4277 et

514 4336 616 4372 om.
665 4336 695 4373 v
834 4320 901 4374 25
950 4334 1121 4385 neque
1168 4316 1237 4370 ad
1286 4316 1525 4370 dextram
1575 4316 1660 4369 dei
1710 4316 1879 4385 patris
1927 4315 2077 4369 sedet
2124 4334 2154 4371 v
2298 4316 2366 4369 27
2415 4312 2676 4368 iudicauit
2719 4312 2782 4367 N
2784 4312 2798 4346 ¹

515 4406 583 4463 28
618 4404 877 4475 intelligis
906 4424 949 4475 p
1057 4407 1125 4460 29
1160 4403 1405 4473 poenitus
1440 4404 1509 4459 N
1611 4406 1679 4459 30
1714 4404 1792 4473 es]
1831 4406 1914 4457 est
1943 4406 2005 4474 p¹
2078 4406 2133 4457 et
2168 4402 2399 4458 (letatum
2433 4402 2498 4456 in
2524 4418 2570 4472 p

2891 1063 2922 1100 5

2865 1587 2918 1624 10

2863 2109 2914 2148 15
