3167 4975
533 439 661 504 358
1342 440 1659 496 Iohannis
1697 440 1998 496 Cassiani

531 617 1098 700 impossibilitatem
1155 636 1335 682 suam
1394 617 1650 698 obiciaS,
1711 637 1902 700 quem
1947 621 2198 683 terrena
2255 617 2615 683 infirmitate
2673 637 2828 684 con-

451 731 485 783 2
534 723 767 786 eludas,
844 741 1245 787 communem
1292 723 1571 788 omnium
1620 723 1770 788 dicis
1826 723 2250 788 condicionem
2306 743 2442 788 esse
2503 725 2826 806 nascendi,

532 828 795 892 eandem
837 829 1047 912 legem
1108 846 1247 892 esse
1300 828 1662 911 generandi,
1725 845 1849 891 non
1909 829 2186 912 potuisse
2247 829 2497 911 penitus
2555 829 2622 894 in
2683 831 2826 894 uni-

530 933 825 996 uersitate
869 933 1116 1017 generis
1163 933 1421 997 humani
1467 932 1574 996 uni
1633 935 1884 997 tantum
1939 932 2176 998 homini
2235 935 2594 1017 contingere
2654 936 2824 1016 quod

530 1037 801 1102 uetuerit
846 1037 997 1102 deus
1044 1037 1332 1102 omnibus
1377 1038 1725 1122 prouenire.
1803 1054 1927 1102 non
1981 1038 2294 1121 intellegis
2341 1039 2418 1102 de
2462 1057 2584 1120 quo
2631 1039 2824 1121 dicas,
2909 1069 2938 1106 5

531 1160 653 1206 non
717 1142 891 1206 uides
939 1143 1015 1206 de
1060 1161 1180 1226 quo
1226 1143 1527 1224 loquaris:
1591 1143 1738 1225 quia
1797 1145 2012 1207 auctor
2073 1143 2286 1224 utique
2347 1143 2628 1208 omnium
2673 1161 2824 1208 con-

530 1247 843 1312 dicionum
889 1252 1257 1312 cunct-arum
1301 1247 1399 1312 lex
1438 1251 1808 1312 naturarum
1843 1251 1957 1328 est,
2003 1266 2115 1329 per
2159 1265 2346 1328 quem
2395 1252 2490 1311 est
2535 1251 2598 1313 et
2641 1249 2826 1330 quid-

529 1352 677 1434 quid
721 1353 911 1416 homo
954 1355 1164 1436 potest
1208 1355 1273 1416 et
1317 1352 1619 1434 quidquid
1665 1337 1790 1417 11011
1837 1355 2086 1436 potest‚·
2127 1353 2272 1434 quia
2315 1351 2450 1434 ipse
2495 1355 2822 1436 utriusque

528 1458 617 1520 rei
663 1458 913 1540 penitus
960 1458 1217 1522 modum
1266 1459 1506 1537 statuit,
1554 1461 1618 1522 et
1661 1476 1859 1539 usque
1907 1475 2029 1539 quo
2078 1457 2400 1522 accederet
2447 1457 2710 1522 facultas
2755 1463 2824 1524 et

536 1581 657 1644 quo
702 1562 963 1627 ulterius
1019 1580 1143 1626 non
1188 1563 1664 1646 progrederetur
1717 1561 2066 1627 infirmitas,
2144 1581 2334 1644 quam
2391 1563 2610 1627 insane
2671 1582 2820 1647 ergo
2882 1591 2938 1630 ιο

530 1671 599 1732 tu
656 1669 711 1732 ei
770 1667 1339 1751 impossibilitatem
1400 1669 1746 1732 humanam
1807 1666 2020 1748 obiciS,
2083 1669 2185 1732 cui
2241 1667 2622 1750 possibilitas
2681 1668 2822 1752 ipsa

530 1771 809 1836 debetur.
882 1772 938 1836 si
996 1791 1329 1856 personam
1376 1773 1611 1836 domini
1667 1773 1929 1836 terrenis
1991 1771 2464 1837 infirmitatibus
2527 1774 2818 1838 aestimes

530 1881 593 1940 et
638 1877 1159 1961 omnipotentiam
1205 1877 1305 1942 dei
1349 1877 1641 1941 humanis
1688 1876 2032 1942 rationibus
2064 1877 2367 1958 metiariS,
2415 1877 2571 1942 nihil
2606 1878 2818 1959 utique

529 1982 694 2063 quod
753 1983 1097 2047 secundum
1157 1999 1481 2066 corporeas
1543 1982 1738 2065 ipsius
1785 1983 2107 2065 passiones
2155 1982 2270 2047 deo
2331 1999 2678 2067 congruum
2721 1983 2817 2046 111-
2875 2033 2880 2038 .

528 2087 747 2152 deatur
802 2088 1101 2152 inuenies.
1180 2088 1232 2152 si
1294 2088 1461 2151 enim
1520 2087 1656 2151 ueri
1721 2087 1926 2153 simile
1985 2087 2186 2151 uideri
2241 2089 2448 2170 potest
2501 2090 2572 2152 ut
2615 2087 2816 2151 Maria
2871 2115 2926 2153 15

526 2193 903 2256 anteriorem
949 2213 1015 2257 se
1062 2193 1251 2258 deum
1295 2211 1511 2276 parere
1558 2210 1684 2256 non
1730 2192 2019 2274 quiuerit,
2076 2192 2386 2274 quomodo
2430 2193 2566 2256 ueri
2611 2192 2816 2256 simile

528 2297 645 2360 erit
690 2298 852 2379 quod
898 2297 1223 2362 crucifixus
1270 2297 1351 2362 ab
1396 2296 1761 2362 hominibus
1809 2297 1960 2361 deus
2007 2297 2234 2361 fuerit?
2281 2299 2346 2361 et
2389 2301 2605 2362 tamen
2649 2297 2812 2367 idem

526 2403 631 2483 qui
662 2403 991 2468 crucifixus
1024 2407 1120 2468 cst
1166 2403 1315 2468 deus
1356 2405 1489 2488 ipse
1536 2403 1868 2486 praedixit:
1917 2403 1980 2467 si
2025 2403 2300 2486 affiget
2345 2402 2558 2466 homo
2605 2404 2812 2466 deum

530 2527 771 2589 suum,
839 2510 1015 2589 quia
1075 2527 1204 2573 uos
1266 2509 1593 2593 affigitis
1657 2512 1809 2573 mc?
1879 2510 1932 2573 si
1992 2508 2130 2573 ideo
2193 2510 2378 2572 natus
2442 2528 2514 2571 ex
2576 2508 2812 2591 uirgine

525 2614 815 2677 dominus
862 2632 986 2678 non
1033 2615 1379 2698 put-abitur,
1427 2615 1573 2697 quia
1612 2614 1885 2678 anterior
1929 2614 2194 2696 parienti
2238 2614 2428 2678 fuerit
2459 2614 2566 2695 qui
2599 2632 2814 2677 nasce·
2863 2638 2924 2677 ιο

522 2717 730 2798 batur,
778 2720 1087 2800 quomodo
1133 2720 1285 2783 deus
1334 2719 1708 2803 sanguinem
1754 2718 2052 2783 habuisse
2099 2718 2430 2783 credatur?
2492 2720 2556 2781 et
2603 2722 2810 2782 tamen

526 2823 603 2885 ad
661 2822 1059 2906 presbyteros
1122 2823 1535 2906 Ephesiorum
1597 2823 1850 2887 dicitur:
1919 2824 2158 2907 regite
2220 2823 2616 2887 ecclesiam
2677 2823 2810 2902 dei,

525 2946 741 3011 quam
790 2929 1207 3009 adquisiuit
1252 2928 1620 3011 sanguine
1667 2946 1815 2992 suo.
1893 2931 2208 3010 postremo
2249 2928 2560 3009 quomodo
2601 2930 2812 2991 auctor

528 3034 692 3097 uitae
738 3034 1021 3115 priuatus
1068 3034 1201 3097 uita
1244 3032 1744 3097 existimabitur?
1793 3037 1855 3096 et
1893 3036 2109 3097 tamen
2140 3032 2366 3096 Petrus
2415 3034 2810 3111 auctorem,

523 3139 745 3220 inquit,
794 3138 996 3203 uitae
1042 3138 1558 3202 interfecistis,
1641 3155 1826 3202 nemo
1859 3137 1924 3202 in
1971 3138 2151 3201 terris
2183 3138 2344 3201 situs
2377 3156 2514 3201 esse
2547 3138 2612 3201 in
2643 3137 2810 3201 caelo
2859 3162 2920 3201 ι’.

522 3245 749 3325 potest.
826 3248 889 3307 et
932 3243 1240 3325 quomodo
1288 3242 1573 3307 dominus
1619 3242 1754 3325 ipse
1809 3242 1986 3305 dicit:
2048 3242 2258 3305 filius
2313 3242 2640 3306 hominis
2692 3243 2812 3324 qui

525 3350 639 3411 est
698 3348 769 3411 in
831 3348 1081 3413 caelo?
1142 3348 1196 3411 si
1242 3348 1505 3429 denique
1563 3347 1702 3411 ideo
1765 3350 1988 3411 natum
2049 3366 2121 3410 ex
2167 3346 2410 3430 uirgine
2456 3347 2641 3411 deum
2687 3365 2811 3412 non

524 3456 737 3535 putas,
798 3452 946 3535 quia
1010 3452 1433 3517 homousios
1500 3452 1832 3535 parienti
1901 3451 2122 3515 debet
2189 3470 2352 3515 esse
2419 3452 2810 3538 natiuitajs,

735 3644 821 3713 18]
860 3642 983 3696 Mar.
1011 3646 1059 3707 3,
1086 3646 1133 3699 s.
1241 3642 1332 3713 22]
1371 3642 1490 3697 Aet.
1519 3646 1602 3707 20,
1628 3646 1711 3700 28.
1830 3642 1921 3712 24]
1959 3642 2154 3707 Aona,
2183 3644 2263 3697 15.
2381 3642 2474 3712 26]
2513 3642 2808 3706 Ioh.3,13.

613 3803 638 3856 1
679 3800 861 3869 quem]
901 3816 1035 3869 quae
1072 3802 1192 3870 N7p
1326 3803 1359 3855 2
1396 3799 1756 3854 conditionem
1785 3818 1829 3869 p
1969 3802 2002 3856 3
2037 3800 2286 3869 poenitus
2323 3800 2392 3855 N
2514 3800 2572 3853 in
2607 3818 2707 3855 om.
2745 3800 2818 3854 Μ

524 3892 555 3943 5
592 3889 809 3957 §uenire
846 3890 921 3944 M
1042 3887 1297 3956 intelligis
1334 3890 1438 3958 MP
1570 3891 1604 3943 6
1637 3886 2005 3941 conditionum
2035 3906 2080 3958 p
2204 3891 2235 3943 7
2273 3890 2328 3943 et
2363 3890 2678 3941 cunctarum
2713 3888 2812 3942 Μο

522 3992 616 4045 per
661 3992 858 4043 quem.
888 4018 900 4029 .
930 4020 939 4029 .
968 3978 1002 4031 8
1038 3992 1147 4029 non
1191 3978 1368 4045 potest
1402 3994 1505 4033 om.
1542 3977 1620 4031 M
1717 3978 1747 4029 7
1784 3982 1834 4031 et
1869 3979 1901 4031 8
1939 3974 2194 4043 quicquid
2230 3992 2346 4045 pau
2457 3978 2492 4031 8
2535 3974 2710 4027 utrius
2743 3976 2818 4029 Μ

526 4065 591 4118 10
628 4062 767 4131 quod
806 4066 879 4119 M
976 4066 1317 4132 progreretur
1346 4082 1389 4133 p
1498 4066 1562 4119 12
1612 4062 1833 4116 extimes
1869 4064 1946 4118 Μ
2046 4065 2107 4118 17
2153 4061 2438 4131 quodquod
2475 4063 2544 4117 N
2641 4060 2809 4115 omni-

522 4149 622 4204 bus
660 4152 795 4206 NM
926 4154 989 4207 18
1026 4150 1204 4220 affigit
1242 4152 1338 4220 Νι)
1469 4153 1536 4205 20
1573 4150 1855 4219 putauitur
1895 4151 1976 4205 Nl
2065 4152 2286 4219 putatur
2323 4150 2410 4205 Ν2
2538 4151 2601 4204 21
2643 4148 2808 4203 credi-

524 4241 613 4291 tur
646 4241 745 4295 Μυ
832 4239 1077 4292 credetur
1104 4256 1149 4308 p
1278 4242 1345 4294 22
1384 4237 1704 4307 presbiteros
1743 4238 1933 4307 ΝΜΡ2
2021 4236 2350 4307 presbeteros
2379 4239 2446 4307 ΡΙ
2576 4238 2646 4293 24
2681 4236 2808 4289 exti-

524 4325 759 4380 mabitur
795 4328 869 4381 Μ
986 4329 1053 4381 25
1090 4326 1147 4378 111
1185 4324 1313 4396 celis
1351 4342 1463 4379 esse
1500 4328 1600 4383 Mv
1722 4328 1790 4382 26
1828 4328 1881 4379 et
1917 4342 2017 4381 om.
2057 4326 2132 4380 M
2235 4327 2304 4380 27
2341 4324 2484 4394 ideo]
2521 4324 2580 4378 in
2615 4340 2675 4378 eo
2712 4324 2806 4393 ΝΡ

525 4416 593 4472 28
628 4414 894 4468 omousios
933 4413 1030 4483 ΝΡ
1100 4412 1411 4469 homousius
1447 4415 1522 4469 M
