3167 4975
273 1570 324 1611 10

277 2094 330 2134 15

1137 429 1298 482 Inst.
1336 426 1446 483 lib.
1483 427 1619 492 ΙΠῙ,
1655 425 1877 482 21-24.
2572 423 2657 489 63

370 608 576 692 gratia
620 607 785 671 sicut
829 606 1234 690 promisimus
1283 605 1611 689 explicare,
1674 605 1749 669 de
1796 604 2015 668 multis
2080 601 2418 667 admodum
2462 619 2665 684 pauca

373 715 724 796 carpentes,
770 715 844 775 ut
889 710 1292 775 studentibus
1339 710 1711 775 sublimiora
1756 709 1984 773 sectari
2030 727 2155 772 non
2204 707 2409 772 solum
2440 706 2668 770 incita-

373 821 660 882 mentum
709 835 781 880 ex
826 816 926 880 his
973 816 1154 880 uitae·
1189 816 1525 899 perfectae,
1575 815 1686 879 sed
1733 815 1925 878 etiam
1955 812 2259 897 propositi
2290 813 2493 876 forma
2524 829 2665 894 pro-

375 923 573 986 cedat.
623 921 1036 1003 quamobrem
1081 921 1236 984 duos
1283 921 1386 983 uel
1427 923 1556 984 tres
1602 937 1713 1004 pro
1760 919 1960 983 libelli
1989 919 2178 982 huius
2212 917 2554 1001 conpendio
2590 916 2665 979 de

375 1031 507 1091 tam
554 1027 884 1090 innumera
920 1030 1174 1109 patrum
1207 1025 1613 1089 multitudine
1642 1024 2032 1108 proferentes
2064 1023 2356 1106 ponimus
2388 1022 2667 1107 primum

376 1130 672 1196 abbatem
717 1131 1088 1210 Iohannem,
1135 1130 1244 1212 qui
1290 1133 1715 1194 commoratus
1764 1133 1861 1193 est
1905 1130 2077 1193 iuxta
2122 1127 2309 1211 Lyco,
2357 1127 2521 1209 quod
2568 1129 2667 1189 est

376 1236 675 1319 oppidum
706 1234 1086 1315 Thebaidae,
1120 1235 1349 1317 quique
1383 1237 1637 1317 propter
1667 1233 2099 1298 oboedientiae
2131 1233 2436 1296 uirtutem
2467 1249 2667 1314 usque

379 1341 454 1406 ad
499 1340 865 1423 prophetiae
911 1340 1184 1424 gratiam
1233 1339 1613 1404 sublimatus
1661 1339 1751 1402 sic
1796 1338 2090 1402 uniuerso
2138 1336 2274 1401 orbi
2306 1336 2549 1416 claruit,
2599 1337 2669 1398 ut

379 1447 570 1509 etiam
629 1443 884 1528 regibus
946 1445 1168 1508 mundi
1226 1444 1416 1509 huius
1476 1444 1701 1508 merito
1764 1460 1876 1508 suo
1937 1443 2299 1507 redderetur
2358 1440 2665 1506 inlustris

379 1567 526 1614 nam
572 1567 718 1614 cum
763 1549 828 1613 in
877 1548 1170 1613 extremis
1217 1551 1289 1612 ut
1335 1549 1607 1613 diximus
1654 1547 2013 1614 Thebaidae
2058 1547 2345 1630 partibus
2393 1563 2671 1610 comma-

378 1655 574 1732 neret,
621 1671 749 1718 non
795 1656 940 1717 ante
985 1653 1432 1736 praesumebat
1479 1653 1867 1718 Theodosius
1912 1653 2253 1736 imperator
2286 1651 2364 1715 ad
2410 1667 2671 1735 praepo-

379 1758 650 1822 tentium
712 1761 1120 1840 tyrannorum
1181 1758 1352 1822 bella
1407 1759 1761 1841 procedere,
1822 1776 2016 1840 quam
2068 1757 2238 1821 illius
2287 1756 2671 1821 animaretur

380 1862 647 1926 oraculis
695 1865 882 1944 atque
928 1863 1266 1946 responsiS,
1330 1862 1558 1944 quibus
1620 1863 1939 1928 confidens
1986 1862 2162 1954 uelut
2224 1861 2486 1925 caelitus
2551 1859 2672 1925 sibi

382 1966 606 2031 delatis
665 1971 922 2051 tropaea
981 1968 1056 2031 de
1103 1967 1448 2051 desperatis
1493 1967 1680 2031 bellis
1726 1972 1913 2050 atque
1966 1966 2259 2032 hostibus
2304 1965 2667 2050 reportauit.

469 2071 740 2135 XXIIII.
802 2071 926 2135 Hic
987 2072 1198 2154 itaque
1259 2071 1485 2136 beatus
1548 2072 1863 2137 Iohannes
1926 2071 2003 2136 ab
2068 2071 2496 2136 adulescentia
2558 2088 2675 2134 sua

383 2194 580 2258 usque
644 2176 722 2239 ad
788 2176 1134 2258 perfectam
1202 2193 1274 2239 ac
1344 2176 1594 2241 uirilem
1662 2179 1939 2241 aetatem
2000 2176 2229 2240 seniori
2290 2174 2672 2254 deseruienS,

319 2313 332 2326 ·
383 2281 580 2344 donec
625 2280 732 2344 ille
777 2280 844 2344 111
889 2280 1076 2344 huius
1123 2280 1293 2344 uitae
1341 2281 1819 2345 conuersatione
1865 2281 2135 2361 durauit,
2191 2283 2372 2344 tanta
2416 2279 2675 2343 humili-

280 3152 334 3191 25

383 2388 514 2449 tate
561 2385 838 2449 inhaesit
883 2385 1016 2449 eius
1063 2384 1400 2467 obsequiiS,
1449 2389 1520 2450 ut
1549 2386 1673 2469 ipsi
1704 2404 1949 2468 quoque
1983 2386 2117 2450 seni
2149 2388 2471 2468 stuporem
2503 2404 2677 2448 sum-

385 2510 562 2555 mum
609 2490 1006 2556 oboedientia
1051 2491 1184 2555 eius
1231 2492 1560 2555 incuteret.
1642 2492 1819 2556 cuius
1866 2492 2030 2556 hanc
2076 2491 2400 2573 uirtutem,
2460 2495 2677 2556 utrum

386 2596 462 2659 de
521 2612 673 2659 uera
731 2595 852 2659 fide
915 2614 987 2659 ac
1048 2596 1360 2679 profunda
1419 2595 1621 2660 cordis
1671 2596 2075 2680 simplicitate
2136 2596 2542 2660 descenderet
2597 2614 2678 2660 an

389 2699 786 2764 adfectaticia
831 2704 998 2764 esset
1045 2704 1108 2765 et
1152 2701 1612 2781 quodammodo
1646 2702 1945 2766 coacticia
1976 2705 2163 2783 atque
2196 2701 2275 2765 ad
2307 2700 2675 2784 imperantis

385 2804 614 2869 faciem
673 2803 1098 2887 praeberetur,
1162 2806 1378 2869 uolens
1440 2805 1841 2870 manifestius
1905 2807 2220 2890 explorare
2276 2806 2577 2888 conplura
2622 2806 2677 2868 ei

389 2908 582 2973 etiam
629 2908 944 2992 superflua
975 2910 1309 2993 minusque
1341 2912 1699 2975 necessaria
1728 2912 1829 2975 uel
1861 2910 2257 2994 inpossibilia
2287 2910 2678 2992 frequentius

389 3012 778 3097 iniungebat.
828 3033 902 3077 ex
948 3014 1176 3097 quibus
1225 3016 1348 3079 tria
1390 3034 1644 3098 ponam,
1691 3034 1802 3100 per
1846 3034 2005 3098 quae
2052 3014 2446 3079 manifestari
2478 3015 2680 3099 possit

389 3117 748 3182 uolentibus
810 3119 968 3183 scire
1027 3119 1129 3183 uel
1193 3120 1422 3184 mentis
1485 3120 1619 3183 eius
1680 3120 1784 3183 uel
1852 3120 2257 3185 subiectionis
2327 3119 2677 3203 integritas,

392 3222 664 3305 sumpsit
722 3241 994 3306 namque
1057 3223 1132 3287 de
1177 3224 1444 3308 lignario
1495 3243 1607 3289 suo
1653 3226 2003 3308 uirgultum
2051 3244 2257 3306 senex,
2320 3225 2483 3307 quod
2529 3223 2681 3287 olim

394 3328 668 3390 excisum
713 3326 932 3391 usibus
980 3327 1102 3392 foci
1148 3328 1354 3394 fuerat
1399 3332 1862 3413 praeparatum,
1920 3330 2193 3411 dumque
2240 3328 2539 3394 coctionis
2586 3348 2684 3392 re-

483 3493 508 3546 1
556 3490 925 3559 promissimus
973 3491 1221 3561 explicari
1267 3494 1351 3547 Η1
1495 3496 1528 3548 2
1575 3494 1843 3563 carpantis
1887 3495 1962 3548 L1
2106 3496 2139 3549 3
2173 3492 2278 3547 hiis
2314 3495 2391 3548 L1
2534 3496 2566 3549 5
2604 3492 2685 3546 in-

394 3593 614 3631 munera
639 3580 724 3632 Η1
829 3594 1089 3647 ponemus
1113 3596 1146 3634 v
1253 3583 1284 3635 6
1309 3579 1412 3633 lico
1439 3582 1530 3635 Hc
1626 3583 1656 3635 7
1684 3580 1903 3649 opidum
1930 3582 2069 3635 H¹L
2162 3579 2414 3652 thebaide
2440 3580 2689 3636 GH²L2.·

393 3663 700 3719 thebaidem
738 3667 824 3720 H¹
895 3665 1174 3735 thebaidos
1211 3667 1286 3720 L¹
1395 3670 1427 3722 8
1465 3666 1659 3721 claruit
1695 3667 1811 3722 orbi
1847 3670 1931 3723 Lc
2036 3672 2069 3723 9
2108 3672 2199 3722 tuo
2241 3669 2315 3723 G¹
2433 3671 2498 3723 10
2537 3683 2687 3721 cum-

395 3754 634 3805 maneret
657 3754 726 3807 H
728 3755 741 3788 ¹
815 3756 1170 3807 commoraret
1199 3754 1273 3807 G¹
1345 3758 1766 3808 commoraretur
1795 3756 1869 3809 62
1968 3758 2029 3812 11
2058 3756 2125 3809 ad
2156 3758 2298 3812 GH.-
2322 3755 2608 3810 aduersum
2632 3754 2687 3809 L

393 3839 694 3907 potentium
730 3841 808 3894 L¹
960 3843 1025 3896 12
1063 3842 1396 3895 tirannorum
1436 3844 1504 3897 H
1639 3844 1705 3898 14
1742 3846 1923 3911 tropea
1957 3844 2062 3897 L1:
2098 3843 2273 3912 tropia
2308 3844 2391 3898 Ηι
2464 3842 2689 3910 trophea

399 3926 616 3981 ίτἬὮΙι2
720 3927 1004 3995 disperatis
1041 3930 1180 3983 HlL
1307 3932 1370 3983 15
1407 3928 1645 3983 XXVIII
1682 3932 1753 3985 H
1850 3930 2095 3983 iohannis
2134 3932 2216 3985 Ηι
2337 3929 2689 3983 aduliscentia

399 4014 559 4068 (ῙἾΗι
633 4014 988 4068 adolescentia
1029 4016 1105 4070 6²
1175 4016 1522 4070 adoliscentia
1557 4019 1635 4072 L¹
1746 4020 1809 4072 16
1846 4018 1913 4070 ad
1951 4036 2052 4073 om.
2080 4020 2149 4072 Η
2250 4020 2315 4073 18
2353 4018 2578 4071 inhessit
2603 4018 2687 4072 Ηι

400 4102 463 4156 19
500 4098 863 4155 oboedientiae
901 4104 983 4157 Η1
1108 4102 1364 4157 incuterit
1400 4106 1483 4159 Ηι
1557 4104 1715 4157 huius
1752 4106 1821 4159 Η
1918 4104 2049 4158 haec
2088 4105 2259 4158 uirtus
2296 4106 2375 4159 L²
2499 4108 2566 4159 20
2604 4106 2688 4175 ac]

399 4234 453 4285 et
475 4233 526 4286 L
634 4232 967 4286 discenderet
990 4234 1074 4287 H¹
1180 4236 1244 4290 21
1274 4202 1585 4301 (affectatitia
1610 4237 1680 4290 Η
1779 4238 1833 4289 et
1856 4236 1913 4289 in
1938 4237 2021 4290 Η1
2129 4235 2587 4305 quodammodum
2612 4237 2688 4290 L¹

401 4320 708 4373 coactatioia
755 4322 891 4374 11¹1,
1035 4321 1372 4391 impetrantis
1413 4322 1488 4376 G1
1630 4326 1699 4378 22
1737 4322 2047 4392 diligentius
2083 4325 2136 4378 L
2278 4324 2559 4393 cumplura
2604 4326 2687 4379 ΙΙι

398 4408 467 4461 24
501 4408 616 4460 trea
652 4408 815 4461 H1L1
921 4410 988 4462 25
1024 4408 1315 4477 integretas
1352 4411 1426 4464 L¹
1544 4412 1610 4465 27
1650 4411 1909 4465 excissum
1947 4413 2029 4466 Ηι

2276 4498 2377 4550 12*
