3167 4975
516 385 637 492 198
687 407 692 415 ι
1319 431 1637 484 Iohannis
1682 429 1985 486 Cassiani

511 607 907 671 conualescit.
956 609 1164 670 cetera
1209 625 1440 690 genera
1469 607 1767 671 uitiorum
1800 625 1904 671 eos
1938 610 2187 671 tantum
2218 607 2567 690 inpugnare
2600 607 2810 671 solent

512 730 666 794 quos
727 713 790 776 in
851 711 1194 775 certamine
1256 712 1640 794 superarint:
1702 711 1819 776 hoc
1880 730 2027 776 uero
2088 730 2234 777 suos
2280 713 2552 777 uictores
2598 713 2807 776 acrius

510 818 870 896 insectatur,
919 820 1274 898 quantoque
1321 816 1512 880 fuerit
1555 816 1827 880 ualidius
1869 817 2114 897 elisum,
2161 819 2336 881 tanto
2368 817 2808 880 uehementius

511 921 810 986 uictoriae
855 921 1050 1003 ipsius
1099 921 1368 985 elatione
1399 920 1813 1005 congreditur.
1886 925 1949 985 et
1978 921 2133 985 haec
2165 925 2261 986 est
2292 921 2538 986 subtilis
2570 922 2809 986 inimici

511 1025 811 1105 uersutia,
843 1028 916 1089 ut
946 1026 1216 1089 militem
1239 1025 1473 1090 Christi
1503 1025 1769 1109 propriis
1800 1026 1991 1091 faciat
2015 1026 2153 1091 telis
2186 1025 2585 1106 obcumbere,
2619 1044 2809 1108 quem
2894 1041 2923 1080 ⁵

518 1130 852 1196 hostilibus
901 1129 1092 1194 armis
1139 1147 1434 1213 superare
1479 1148 1605 1194 non
1652 1131 1873 1214 potuit.

485 1249 498 1262 ·
599 1235 774 1299 VIII.
837 1234 986 1298 Alia
1036 1235 1352 1299 interdum
1417 1235 1601 1315 uitia,
1672 1235 1835 1299 sicut
1901 1235 2199 1315 diximuS,
2268 1237 2459 1298 etiam
2526 1236 2809 1299 locorum

511 1339 813 1406 beneficio
859 1339 1304 1420 conquiescunt
1349 1341 1412 1403 et
1459 1340 1715 1404 materie
1761 1339 2005 1422 peccati
2058 1340 2159 1404 uel
2205 1341 2625 1422 oportunitate
2672 1340 2807 1404 eius

514 1449 577 1510 et
621 1443 944 1510 occasione
991 1443 1314 1508 subtracta
1349 1444 1697 1509 lentescere
1729 1444 1933 1508 solent
1963 1447 2027 1508 et
2059 1444 2285 1508 minui:
2332 1444 2449 1508 hoc
2479 1463 2627 1508 uero
2660 1463 2807 1508 cum

513 1551 790 1634 fugiente
837 1549 1086 1612 deserta
1130 1551 1418 1631 penetrat
1463 1567 1577 1612 nec
1615 1549 1751 1614 loco
1786 1549 1963 1613 nouit
1994 1549 2237 1612 excludi
2268 1569 2385 1614 nec
2418 1550 2805 1614 extrinsecus
2866 1566 2927 1604 ιο

513 1655 772 1719 materie
819 1651 1144 1718 subtracta
1175 1671 1577 1717 marcescere.
1643 1671 1766 1718 non
1799 1655 1967 1717 enim
2000 1654 2248 1718 aliunde
2282 1672 2469 1736 quam
2500 1655 2808 1718 uirtutum

515 1761 646 1824 eius
709 1777 895 1842 quem
949 1758 1176 1840 inpetit
1220 1757 1612 1822 successibus
1660 1759 1992 1822 animatur.
2072 1759 2378 1840 quaedam
2426 1760 2617 1823 etiam
2662 1777 2807 1842 pro-

513 1883 694 1928 cessu
741 1864 1065 1947 temporiS‚
1127 1865 1198 1927 ut
1239 1863 1508 1945 praefati
1555 1881 1795 1944 sumuS‚
1843 1863 2159 1927 interdum
2207 1863 2573 1928 molliuntur
2620 1868 2808 1946 atque

513 1970 890 2035 uanescunt:
951 1967 1098 2032 huic
1154 1968 1575 2052 longaeuitaS‚
1639 1968 1761 2032 nisi
1818 1967 2011 2031 fuerit
2068 1967 2378 2032 industria
2439 1968 2673 2033 sollerti
2732 1985 2809 2031 ac

511 2073 803 2156 prudenti
865 2073 1233 2136 discretione
1293 2072 1581 2152 fundata,
1651 2091 1777 2136 non
1840 2072 2043 2136 solum
2106 2091 2229 2136 non
2293 2071 2515 2154 officit,
2584 2091 2807 2136 uerum
2868 2097 2929 2138 15

515 2179 704 2244 etiam
753 2178 989 2242 maiora
1034 2177 1209 2242 nouit
1253 2177 1538 2241 fomenta
1583 2195 1917 2259 congerere
1964 2177 2280 2240 nauita-tis,

599 2281 808 2345 VIIII.
842 2281 1172 2345 Postremo
1219 2285 1462 2345 ceterae
1506 2281 2011 2363 perturbationes
2058 2299 2096 2344 a
2141 2281 2467 2345 contrariis
2516 2281 2635 2344 sibi
2681 2281 2809 2344 uir-

517 2388 754 2452 tutibus
819 2385 1190 2449 dissidentes
1255 2389 1320 2450 et
1373 2405 1445 2450 cx
1493 2389 1709 2468 aperto
1756 2389 2081 2468 tamquam
2130 2386 2225 2450 die
2274 2387 2441 2450 claro
2496 2385 2808 2449 bellantes

513 2497 574 2557 et
606 2495 982 2575 superantur
1013 2491 1252 2557 facilius
1287 2495 1351 2557 et
1382 2496 1715 2556 canentur:
1764 2491 1919 2555 haec
1952 2496 2165 2555 autem
2195 2492 2437 2555 inserta
2466 2490 2807 2556 uirtutibus

516 2601 580 2661 et
641 2596 770 2661 acie
829 2597 1143 2679 permixta
1202 2598 1378 2667 uelut
1438 2598 1503 2660 in
1563 2600 1745 2661 nocte
1807 2614 1991 2660 caeca
2046 2595 2349 2660 dimicans
2398 2597 2665 2660 atrocius
2710 2596 2809 2659 in·
2866 2624 2929 2663 20

515 2704 798 2785 opinatos
846 2701 1074 2784 decipit
1121 2705 1183 2765 et
1227 2702 1532 2766 incautos,

601 2808 676 2871 X.
727 2806 827 2871 Ita
871 2825 1144 2888 namque
1189 2806 1524 2870 Ezechiam
1579 2826 1796 2890 regem
1840 2807 2054 2885 Iudae,
2117 2806 2328 2869 uirum
2390 2807 2454 2869 in
2518 2805 2811 2869 omnibus

516 2915 987 2977 consummatae
1047 2912 1322 2975 iustitiae
1383 2914 1448 2976 et
1509 2916 1871 2976 sanctarum
1932 2912 2387 2993 scripturarum
2449 2909 2811 2974 testimonio

515 3016 986 3097 conprobatum,
1049 3020 1190 3099 post
1242 3018 1574 3080 innumera
1620 3017 1930 3081 uirtutum
1975 3016 2307 3099 praeconia
2352 3034 2475 3080 uno
2524 3015 2810 3079 elationis

517 3123 640 3187 telo
669 3122 943 3205 legimus
989 3121 1184 3185 fuisse
1230 3122 1560 3201 deiectum,
1610 3126 1675 3186 et
1706 3122 1811 3204 qui
1842 3122 2319 3186 internicionem
2351 3124 2607 3185 centum
2640 3123 2811 3184 octo·
2866 3146 2927 3186 25

726 3329 814 3397 23]
854 3330 920 3381 cf.
950 3328 1064 3382 1111
1091 3328 1220 3397 Reg.
1251 3332 1332 3391 18,
1365 3332 1520 3397 lsqq.

606 3525 632 3578 1
662 3520 994 3575 conualescet
1019 3523 1095 3576 L¹
1191 3519 1568 3575 tautummodo
1594 3522 1665 3577 H
1761 3525 1794 3577 2
1820 3523 2132 3591 superarent
2156 3522 2225 3575 H
2227 3522 2319 3574 ¹L¹
2380 3522 2700 3589 superarunt
2732 3520 2815 3573 L²

519 3614 551 3665 3
581 3608 782 3663 fuerint
808 3610 884 3663 L¹
991 3613 1022 3664 5
1050 3606 1367 3662 obcumbere
1395 3609 1475 3662 L:
1499 3608 1811 3662 occumbere
1842 3610 1891 3664 G
1998 3607 2340 3663 succumbere
2365 3607 2485 3661 HT
2574 3622 2707 3674 quae
2732 3607 2811 3660 L¹

520 3700 552 3753 8
599 3696 852 3749 materiae
891 3697 967 3751 L¹
1039 3696 1266 3749 materia
1311 3696 1456 3751 HT»
1596 3700 1629 3751 9
1666 3695 1941 3749 lentiscere
1976 3697 2053 3750 L¹
2196 3710 2319 3747 cum
2364 3692 2705 3762 confugiente
2748 3695 2821 3747 H

521 3787 581 3839 11
624 3783 875 3837 materiae
913 3784 966 3837 L
1040 3782 1264 3836 materia
1302 3784 1446 3837 HTv
1588 3781 1861 3836 substrata
1894 3783 1946 3836 L
2091 3784 2157 3838 12
2193 3796 2354 3850 quam
2387 3782 2459 3835 G¹
2603 3796 2813 3833 succes-

520 3870 758 3923 sionibus
784 3872 836 3924 L
982 3872 1047 3926 13
1084 3869 1256 3937 adque
1294 3871 1436 3925 G¹H
1576 3872 1642 3925 14
1678 3872 1972 3923 uanescunt
2000 3870 2219 3924 G¹HL:
2256 3870 2581 3921 euanescunt
2609 3868 2817 3924 G²ST0

519 3957 700 4011 solerti
751 3959 894 4013 G¹H
1030 3960 1094 4013 15
1139 3955 1446 4026 prouideuti
1494 3956 1829 4010 districtione
1866 3957 1920 4010 L
2062 3972 2170 4009 non
2206 3962 2337 4025 post
2383 3954 2555 4009 solum
2602 3972 2703 4011 om.
2748 3956 2822 4009 H

519 4044 708 4113 effugit
751 4062 818 4100 ex
861 4044 1030 4098 efficit
1073 4045 1126 4098 L
1272 4048 1336 4100 17
1383 4047 1649 4113 postreme
1674 4046 1770 4099 ’ΘΙ
1914 4044 1969 4112 a]
2016 4060 2043 4096 e
2086 4044 2158 4099 θ’
2305 4044 2369 4099 18
2412 4042 2711 4095 desidentes
2750 4042 2823 4097 H

521 4134 732 4200 experto
775 4134 848 4187 6¹
973 4130 1038 4185 de
1084 4131 1226 4185 claro
1262 4132 1331 4185 H
1447 4133 1515 4187 20
1561 4130 1705 4185 aciae
1742 4131 1859 4186 HL
1984 4130 2069 4183 uel
2108 4132 2183 4185 L¹
2313 4116 2469 4184 caede
2518 4129 2721 4183 micans
2756 4130 2815 4183 L

519 4222 586 4273 23
611 4219 998 4273 scribturarum
1029 4220 1102 4275 ΘΙ
1175 4220 1242 4273 24
1267 4221 1390 4287 post
1415 4261 1426 4271 .
1456 4261 1466 4271 .
1498 4262 1507 4272 .
1534 4218 1817 4287 praeconia
1844 4236 1947 4273 om.
1974 4220 2040 4273 H
2108 4234 2333 4271 numera
2358 4260 2369 4271 .
2400 4260 2411 4271 .
2440 4259 2450 4270 .
2474 4234 2603 4287 pay.
2628 4220 2753 4283 200,
2779 4221 2819 4270 3

521 4305 776 4359 amissum
816 4305 1026 4359 culmen
1065 4305 1373 4359 ascenderet
1407 4312 1596 4359 extant
1632 4306 1693 4360 in
1736 4306 1782 4360 C
1908 4308 1973 4360 25
2012 4304 2419 4359 internicionem
2464 4304 2613 4360 GG¹.·
2646 4302 2817 4356 inter-

519 4393 795 4451 necionem
837 4393 912 4451 6²
961 4392 1384 4447 .internitionem
1420 4392 1594 4449 HLT
1695 4396 1912 4447 centum
1950 4396 2003 4445 et
2038 4392 2107 4447 Η
