3167 4975
514 405 597 470 28
718 385 725 394 ¹
1332 405 1650 460 Iohannis
1695 405 1998 461 Cassiani

514 581 749 645 tuitum
781 581 1193 662 quaesituroS,
1240 585 1475 662 quanto
1509 581 1799 646 deuotius
1839 581 2076 646 fuerint
2107 599 2256 666 erga
2285 583 2488 667 operis
2522 583 2804 648 studium

514 703 586 749 ac
628 684 873 762 laboris·
908 684 1155 750 intenti.
1208 688 1272 749 et
1302 685 1531 750 idcirco
1561 685 1943 750 mediocrem
1973 686 2416 751 canonicarum
2447 687 2802 752 orationum

512 808 847 854 numerum
892 789 1174 854 iudicant
1218 789 1522 854 diuinitus
1568 790 1988 871 moderatum,
2047 793 2122 855 ut
2175 791 2634 856 ardentioribus
2679 791 2801 856 fide

512 893 809 978 spatium,
856 911 977 977 quo
1024 912 1093 958 se
1136 893 1394 958 uirtutis
1442 911 1655 958 eorum
1703 892 2120 978 infatigabilis
2167 913 2388 961 cursus
2422 896 2800 978 extenderet,

512 1002 887 1079 seruaretur,
950 1002 1013 1062 et
1057 997 1467 1063 nihilominus
1512 997 1698 1063 fessis
1747 999 2075 1083 aegrisque
2128 999 2490 1084 corporibus
2535 1000 2798 1065 minime

510 1103 873 1188 gigneretur
916 1103 993 1166 de
1038 1102 1367 1168 nimietate
1410 1103 1758 1168 fastidium.
1808 1103 2070 1186 ideoque
2117 1121 2264 1168 cum
2310 1104 2544 1169 fuerint
2573 1105 2802 1171 oratio-

508 1227 663 1272 num
708 1208 1151 1273 canonicarum
1198 1207 1553 1272 functiones
1601 1227 1675 1273 ex
1719 1225 1892 1272 more
1945 1207 2183 1290 finitae,
2247 1209 2676 1292 unusquisque
2722 1209 2801 1274 ad

510 1329 691 1376 suam
737 1329 1061 1376 recurrens
1110 1311 1423 1392 cellulam,
1470 1329 1662 1395 quam
1709 1313 1819 1376 aut
1865 1311 2046 1376 solus
2067 1315 2180 1377 aut
2208 1331 2352 1377 cum
2385 1312 2507 1377 alio
2547 1316 2800 1378 tantum

510 1416 864 1481 inhabitare
926 1417 1335 1501 permittitur,
1396 1435 1584 1499 quem
1649 1415 1889 1481 scilicet
1949 1417 2216 1482 societas
2261 1418 2641 1502 operationis
2695 1419 2799 1483 uel

2877 1015 2904 1056 5

509 1521 923 1605 discipulatus
984 1524 1049 1586 et
1107 1520 1475 1604 disciplinae
1536 1518 1782 1586 inbutio
1843 1521 2163 1606 copulauit
2219 1523 2324 1586 uel
2383 1525 2550 1587 certe
2610 1542 2800 1606 quem
2853 1537 2905 1580 ιο

510 1625 856 1690 similitudo
918 1624 1231 1690 uirtutum
1290 1642 1630 1709 conparem
1689 1625 1868 1706 fecit,
1938 1625 2107 1690 idem
2165 1645 2382 1691 rursus
2443 1627 2798 1693 orationum

510 1728 789 1794 officium
848 1729 1025 1794 uelut
1083 1729 1397 1814 peculiare
1459 1729 1838 1795 sacrificium
1899 1730 2240 1796 studiosius
2303 1730 2625 1797 celebrant
2685 1751 2799 1796 nec

507 1834 771 1899 ulterius
832 1834 1167 1916 quisquam
1215 1851 1433 1898 eorum
1478 1833 1543 1900 in
1589 1834 1870 1917 requiem
1917 1835 2120 1900 somni
2181 1836 2539 1918 resoluitur,
2601 1837 2798 1902 donec

508 1938 989 2022 superueniente
1056 1939 1181 2004 diei
1246 1939 1576 2023 splendore
1642 1942 1948 2004 nocturno
2015 1940 2186 2023 operi
2254 1958 2326 2005 ac
2401 1941 2798 2006 meditationi

507 2043 785 2127 operatio
831 2043 1057 2108 diurna
1099 2043 1410 2109 succedat.

593 2148 771 2214 XIII.
836 2147 1038 2229 Quem
1096 2147 1377 2213 laborem
1434 2150 1685 2233 praeter
1728 2147 1909 2213 illam
1952 2148 2282 2232 rationem,
2344 2168 2471 2232 qua
2521 2153 2656 2216 tota
2701 2151 2796 2215 in-

506 2252 751 2318 dustria
794 2253 1151 2318 adnitentes
1198 2251 1577 2317 sacrificium
1623 2253 1737 2318 deo
1783 2252 1860 2317 de
1904 2253 2114 2319 fructu
2175 2271 2482 2319 manuum
2537 2273 2796 2320 suarum

507 2357 729 2423 offerre
792 2377 861 2422 se
906 2357 1189 2439 credunt,
1252 2357 1493 2422 duabus
1556 2374 1629 2421 ex
1688 2358 1896 2423 causis
1942 2376 2085 2423 eum
2140 2359 2313 2423 omni
2356 2358 2794 2424 obseruatione

506 2463 886 2529 custodiunt.
966 2463 1131 2546 quod
1176 2480 1290 2528 nos
1337 2481 1604 2547 quoque,
1652 2463 1708 2528 si
1749 2463 2118 2548 perfectioni
2165 2465 2514 2547 studemus,
2576 2465 2795 2531 eadem

505 2568 835 2653 diligentia
894 2568 1191 2633 conuenit
1235 2567 1585 2633 obseruare.
1664 2568 1888 2652 prima,
1949 2588 2028 2633 ne
2087 2569 2250 2635 forte
2293 2569 2793 2654 purificationem

506 2676 789 2739 nostram
848 2673 1173 2739 nocturnis
1231 2674 1497 2757 psalmis
1545 2676 1611 2737 et
1669 2674 2056 2739 orationibus
2111 2675 2495 2757 adquisitam
2539 2675 2792 2740 inuidus

503 2778 797 2842 inimicus
842 2778 1049 2843 liuens
1094 2778 1356 2861 puritati
1401 2782 1676 2860 nostrae,
1723 2779 1824 2843 cui
1871 2779 2142 2844 maxime
2175 2798 2422 2863 semper
2460 2780 2793 2846 insidiatur

504 2885 568 2946 et
628 2882 1052 2947 indesinenter
1112 2882 1380 2947 infestus
1442 2885 1559 2965 est,
1624 2882 1897 2965 quadam
1961 2883 2165 2948 somni
2221 2885 2532 2950 inlusione
2579 2889 2792 2950 conta-

506 2986 722 3050 minet.
800 2986 909 3068 qui
968 2990 1113 3070 post
1170 2987 1347 3051 illam
1393 2987 1916 3069 satisfactionem,
1979 3006 2168 3071 quam
2223 3007 2334 3072 pro
2381 2990 2790 3074 neglegentiis

504 3108 615 3155 seu
660 3089 1160 3174 ignorationibus
1221 3092 1453 3156 nostris
1515 3090 1883 3173 obtulimus,
1945 3096 2010 3157 et
2067 3092 2478 3159 confessionis
2539 3098 2790 3159 nostrae

505 3195 757 3260 ueniam
800 3196 1075 3279 profusis
1118 3195 1464 3280 gemitibus
1496 3196 1871 3281 inploratam
1905 3198 2237 3263 sollicitius
2269 3216 2404 3280 noS‚
2453 3198 2508 3263 si
2539 3202 2788 3284 tempus

501 3300 731 3382 quietis
792 3300 1123 3381 inuenerit,
1186 3302 1501 3365 maculare
1545 3301 1830 3384 festinat,
1892 3305 2046 3367 tunc
2104 3304 2435 3388 praecipue
2495 3302 2790 3369 fiduciam

501 3408 782 3470 nostram
844 3404 1085 3469 deicere
1146 3408 1332 3488 atque
1394 3424 1694 3471 eneruare
1755 3408 2170 3489 contendenS,
2233 3426 2379 3473 cum
2437 3408 2787 3473 feruentius

502 3528 616 3575 nos
662 3511 741 3574 ad
786 3511 975 3575 deum
1020 3511 1275 3575 tendere
1318 3510 1676 3576 orationum
1721 3516 2078 3577 nostrarum
2123 3512 2396 3596 puritate
2425 3512 2786 3597 peruiderit,

502 3614 592 3679 ita
635 3617 709 3679 ut
752 3632 1250 3697 nonnumquam,
1312 3633 1466 3697 quos
1526 3634 1638 3700 per
1683 3619 1890 3681 totum
1934 3617 2136 3681 noctis
2185 3618 2460 3700 spatium
2509 3617 2788 3681 sauciare

500 3737 625 3783 non
672 3719 897 3802 potuit,
962 3718 1077 3783 sub
1140 3720 1309 3784 illius
1372 3720 1559 3784 horae
1619 3719 1994 3787 breuissime
2047 3726 2328 3805 tempore
2375 3721 2787 3787 dehonestare

589 3929 615 3983 1
638 3928 941 3996 quesitums
960 3929 1035 3982 L¹
1090 3926 1450 3998 adquisituros
1468 3929 1546 3984 L²
1617 3928 1867 3984 douotius
1887 3931 1970 3985 Η1
2026 3929 2268 3984 deuotios
2279 3930 2354 3985 13¹
2427 3933 2458 3985 5
2479 3932 2786 3987 semeturG

498 4018 531 4070 6
556 4018 881 4085 gygneretur
905 4017 980 4070 L¹
1087 4018 1119 4070 '7
1143 4014 1435 4069 functionis
1464 4015 1537 4070 θ’
1632 4019 1666 4073 8
1691 4016 1878 4070 cellam
1905 4018 1975 4071 H
2071 4019 2138 4072 13
2161 4018 2280 4085 quis
2303 4018 2378 4072 L¹
2473 4018 2684 4087 sompni
2709 4020 2783 4073 13ι

497 4101 727 4155 soluitur
752 4104 821 4157 H
890 4105 953 4158 14
978 4118 1134 4171 opere
1158 4104 1234 4157 L¹
1318 4105 1384 4158 16
1406 4120 1693 4159 numerum
1717 4122 1818 4161 om.
1845 4104 1914 4159 H
1999 4108 2062 4161 19
2086 4104 2410 4173 perfectione
2438 4106 2504 4159 H
2505 4108 2519 4141 ¹
2608 4108 2679 4161 20
2703 4105 2782 4159 di-

497 4188 719 4257 ligentia
742 4192 901 4257 atque
926 4206 1053 4244 cura
1078 4190 1145 4245 H
1226 4192 1289 4246 21
1319 4190 1686 4259 adquaesitam
1711 4193 1780 4246 H
1780 4194 1795 4227 ¹
1889 4194 1958 4247 23
1983 4191 2210 4261 sompnij
2237 4193 2291 4247 L
2383 4192 2674 4247 inlussione
2699 4195 2782 4249 Η1

496 4279 565 4331 24
602 4276 943 4345 negligentiis
973 4278 1047 4333 G¹
1120 4278 1449 4347 neglegentis
1476 4281 1545 4335 H
1544 4281 1638 4334 ¹L¹
1745 4282 1812 4335 27
1839 4278 2059 4334 festinet
2085 4280 2159 4335 6¹
2265 4282 2334 4336 28
2359 4278 2592 4334 deiecere
2621 4282 2782 4337 G¹H¹

496 4366 565 4418 29
602 4364 734 4418 ᾶιῖιῐι
769 4365 840 4418 Η
936 4364 1241 4433 per-uideret
1273 4366 1350 4419 L¹
1456 4368 1519 4422 31
1558 4364 1660 4420 sub
1697 4366 1865 4437 illius]
1902 4365 2152 4421 subtilius
2191 4366 2260 4422 H

2852 2061 2901 2102 1⁶
