3167 4975
536 449 824 507 XXVIII

539 639 784 681 rursus
831 617 1131 702 (rursum
1175 619 1362 703 rell.),
1420 619 1533 699 XI,
1569 618 1651 681 16
1696 616 1882 681 uelut
1944 617 2291 681 diaconum
2340 617 2603 681 missam
2660 628 2829 681 cate-

538 722 818 786 cuminis
866 721 1190 786 celebrare
1235 720 1448 805 (celeb.
1490 721 1621 785 uel.
1656 722 1825 785 diac.
1860 732 1982 785 cat.
2014 722 2187 785 miss.
2220 724 2407 807 rell.),
2454 724 2600 804 XII,
2639 722 2745 804 27,
2786 722 2828 786 2

537 828 908 891 doctrinam
957 826 1390 913 perfectionis
1453 826 1739 890 auribus
1800 828 1943 890 suis
1990 828 2079 911 (a.
2112 850 2163 889 s.
2210 826 2271 890 d.
2308 850 2379 912 p.
2424 829 2611 913 rell.)‚
2675 828 2823 892 ibid.

539 934 664 997 huc
695 933 906 1019 adque
945 930 1231 1017 illucque
1259 932 1576 1017 stupedus
1610 933 1762 1017 (huc
1794 932 2082 1018 illucque
2109 932 2421 1017 stupidus
2453 934 2640 1016 1·ell.),
2680 934 2827 1013 XII,

537 1038 643 1121 27,
675 1038 716 1103 6
763 1038 834 1101 in
863 1058 986 1103 om.
1034 1075 1120 1084 —
1167 1056 1292 1103 non
1323 1039 1506 1121 plura
1549 1038 1617 1102 in
1664 1037 1719 1103 G
1751 1038 1979 1103 uitiata
2008 1041 2190 1102 sunt:
2238 1039 2316 1119 X,
2353 1036 2433 1099 19
2468 1035 2829 1122 dupliciter

538 1163 647 1228 pro
682 1142 960 1229 duplici,
993 1142 1097 1225 21,
1129 1141 1171 1205 2
1201 1164 1360 1205 suae
1391 1161 1539 1222 om.,
1570 1141 1675 1223 21,
1708 1142 1749 1205 3
1780 1141 2078 1229 sequitui,
2123 1144 2235 1224 XI,
2268 1142 2309 1204 2
2340 1141 2603 1205 morbus
2634 1144 2829 1207 inter-

536 1250 839 1333 polatum,
885 1250 998 1329 XI,
1028 1247 1071 1309 4
1116 1256 1173 1309 et
1207 1251 1351 1313 ante
1381 1244 1593 1333 flante
1623 1267 1769 1329 om.,
1816 1248 1927 1328 XI,
1965 1246 2044 1309 16
2083 1269 2149 1309 se
2178 1244 2413 1331 facere
2460 1266 2570 1331 pro
2588 1244 2827 1331 facere

536 1375 621 1429 se,
683 1354 828 1435 XII,
859 1351 964 1433 27,
997 1352 1038 1415 2
1098 1353 1346 1437 integra
1405 1353 1723 1417 sententia
1780 1371 1891 1436 pro
1951 1354 2263 1437 particula
2315 1361 2374 1414 et
2429 1352 2827 1437 interpolata,

537 1459 681 1539 XII,
714 1456 797 1520 28
841 1457 1094 1542 spiritu
1141 1476 1262 1521 om.

624 1564 846 1645 Itaque
892 1565 963 1627 ut
994 1581 1086 1643 ea,
1133 1581 1292 1645 quae
1323 1562 1448 1627 huc
1492 1582 1693 1645 usque
1744 1563 2067 1647 disputata
2096 1566 2267 1643 sunt,
2312 1561 2611 1627 breuibus
2658 1582 2828 1646 repe·

539 1672 772 1747 t-amuS,
833 1672 968 1732 tota
1009 1668 1170 1732 ratio
1231 1668 1384 1732 art-is
1432 1669 1685 1745 criticae
1732 1668 1795 1731 in
1842 1666 2019 1732 libris
2064 1666 2549 1731 Institutionum
2614 1686 2829 1732 reeen-

538 1773 748 1839 sendis
796 1791 867 1837 eo
914 1775 1176 1857 spectat,
1237 1776 1328 1853 ut,
1390 1773 1540 1855 quid
1588 1791 1833 1855 quoque
1880 1773 2015 1837 loco
2076 1791 2293 1836 uerum
2358 1774 2421 1835 et
2480 1773 2827 1856 genuinum

537 1878 864 1957 habeatur,
926 1896 1049 1942 non
1097 1878 1282 1941 unius
1343 1878 1491 1941 libri
1549 1882 1878 1959 tamquam
1932 1878 2215 1962 primarii
2276 1878 2648 1942 auctoritate
2704 1878 2827 1943 nisi

538 1987 916 2063 statuamuS,
977 1983 1085 2047 sed
1133 2002 1206 2045 ex
1252 1982 1538 2047 omnium
1583 1982 1888 2046 librorum
1953 1982 2277 2065 scripturis
2325 1982 2828 2065 discrepantibus

537 2092 721 2151 cauta
767 2086 1222 2151 examinatione
1280 2086 1564 2151 adhibita
1611 2105 1903 2150 eruamus
1950 2090 2138 2167 atque
2186 2087 2512 2170 eligamus
2605 2106 2828 2169 quam-

536 2211 726 2275 quam
759 2194 972 2256 autem
1005 2192 1214 2255 nullus
1245 2190 1406 2255 liber
1435 2190 1718 2256 bonitate
1752 2195 1989 2255 eeteros
2022 2191 2206 2275 longe
2244 2191 2579 2275 praecedit,
2612 2194 2827 2256 tamen

539 2315 660 2361 non
709 2316 926 2361 omnes
973 2296 1108 2380 pari
1165 2300 1313 2360 sunt
1358 2296 1576 2379 pretio.
1671 2296 1947 2379 optimus
1996 2300 2091 2359 est
2138 2294 2207 2376 C,
2261 2296 2541 2379 proxime
2588 2296 2831 2360 aceedit

537 2401 613 2481 G,
661 2402 1000 2466 auctoritas
1049 2402 1252 2465 minor
1299 2399 1633 2464 tribuenda
1676 2400 1869 2480 HLT,
1931 2419 2076 2463 eum
2122 2400 2412 2464 cautione
2474 2400 2832 2465 adhibenda

537 2506 816 2571 recensio
878 2507 1108 2572 codicis
1155 2505 1214 2570 A
1263 2525 1300 2570 a
1345 2507 1568 2570 ceteris
1630 2525 1883 2589 prorsus
1930 2506 2365 2590 discrepantis.
2444 2524 2589 2570 cum
2638 2507 2829 2590 igitur

537 2613 656 2677 hac
701 2613 942 2677 ratione
989 2615 1052 2676 et
1082 2611 1188 2676 uia
1232 2613 1296 2676 in
1331 2611 1541 2676 uerbis
1590 2612 2045 2676 constituendis
2076 2611 2177 2675 usi
2222 2611 2444 2692 simus,
2493 2614 2691 2675 rest-at
2734 2613 2827 2692 ut,

537 2717 834 2800 quoniam
881 2717 1094 2781 omnia
1141 2716 1393 2781 tractari
1442 2735 1566 2782 non
1614 2721 1898 2800 possunt,
1954 2716 2204 2780 selectis
2252 2716 2480 2780 saltem
2526 2716 2829 2798 exemplis

535 2824 1040 2888 demonstremus
1102 2840 1224 2903 quo
1269 2822 1403 2886 iure
1465 2821 1776 2904 quibusue
1838 2822 1913 2886 de
1960 2822 2167 2886 causis
2232 2821 2415 2885 modo
2470 2820 2584 2885 hos
2640 2821 2827 2886 modo

533 2929 676 2992 illos
722 2927 966 2991 codices
1013 2927 1214 2990 secuti
1261 2927 1479 2990 simuS.

621 3032 824 3096 Praef.
862 3031 916 3114 ἓ.
955 3029 997 3092 2
1027 3030 1134 3095 fin.
1184 3027 1276 3092 ad
1305 3029 1809 3092 communionem
1841 3029 2013 3092 tami
2054 3029 2270 3114 operis
2310 3029 2625 3092 accersire
2665 3049 2739 3093 ex
2770 3029 2828 3095 G

535 3137 773 3220 recepi:
838 3134 1096 3198 adscire
1139 3135 1338 3199 PariS.
1375 3133 1524 3215 260,
1585 3133 1941 3197 adscisce-re
1986 3134 2160 3199 ΗΙΝ.
2198 3135 2275 3198 cf.
2312 3134 2464 3215 IIII,
2499 3133 2600 3215 16,
2637 3133 2669 3195 1
2735 3133 2827 3196 ad

535 3262 698 3326 opus
731 3239 1006 3326 aliquod
1036 3239 1406 3302 accersitus,
1453 3239 1531 3319 V,
1562 3238 1667 3304 41.
1696 3241 1870 3305 Conl.
1905 3240 2085 3320 XIII,
2113 3236 2215 3320 15,
2240 3237 2299 3302 2.
2336 3275 2419 3284 -—
2450 3240 2503 3320 I,
2537 3236 2576 3300 8
2612 3247 2826 3300 retun-

535 3343 684 3408 dere
744 3343 834 3407 ad
892 3343 1107 3407 crucis
1167 3341 1582 3430 siynaculum
1628 3343 1717 3408 G:
1785 3345 1861 3408 cf.
1898 3344 2035 3408 Ind.
2071 3363 2119 3407 S.
2156 3363 2214 3406 11.
2260 3340 2351 3405 ad
2404 3346 2468 3407 et
2512 3342 2825 3424 Roensch,

533 3451 611 3514 It».
663 3452 788 3515 und
836 3450 1064 3534 Vulg.²
1101 3469 1160 3534 p.
1205 3446 1334 3512 390
1380 3467 1470 3531 Sq.
1538 3485 1619 3494 —
1666 3449 1751 3530 ΙΙ,
1797 3447 1829 3509 1
1890 3448 2003 3510 hoc
2049 3469 2171 3533 quo
2220 3445 2511 3510 diaeimus
2565 3445 2825 3532 cinqulo

536 3553 624 3620 G:
660 3556 736 3619 cf.
764 3555 900 3619 Ind.
936 3554 1204 3618 ‘relatiui
1233 3554 1623 3637 pronominis
1658 3553 1985 3617 attractio‘.
2024 3589 2105 3598 —-
2138 3553 2222 3633 II,
2262 3551 2361 3634 10,
2399 3551 2429 3613 1
2467 3550 2827 3636 obrepserit

535 3658 608 3742 G,
657 3657 1060 3744 subrepserit
1105 3659 1287 3722 HLr:
1353 3659 1431 3722 cf.
1467 3659 1603 3723 Ind.
1654 3655 1956 3742 obrepere
2004 3661 2066 3722 et
2112 3655 2422 3742 obreptiO.
2470 3694 2557 3702 —
2600 3657 2685 3738 II,
2723 3655 2823 3738 15,

538 3764 569 3826 1
621 3761 850 3826 cellam
893 3783 1081 3825 suam
1127 3761 1450 3848 proqrecli
1493 3763 1589 3826 H:
1639 3763 1717 3827 cf.
1753 3762 1889 3826 Ind.
1926 3781 1973 3826 S.
2012 3781 2067 3825 u.
2094 3759 2434 3847 proqredi.
2494 3799 2573 3810 --
2622 3762 2707 3842 II,
2743 3760 2825 3823 16

527 3866 885 3957 secundum
915 3865 1280 3952 apostolum
1311 3867 1448 3948 HL,
1493 3864 1846 3929 secundum
1891 3864 2175 3950 apostoli
2218 3864 2601 3928 sententiam
2644 3863 2703 3932 G
2748 3885 2823 3930 ex

533 3972 1029 4056 interpolat-lone.
1097 3973 1236 4036 aliis
1268 3990 1517 4054 quoque
1545 3972 1702 4036 loeis
1734 3972 1800 4035 in
1831 3970 1890 4037 G
1918 3971 2434 4054 interpolat-iones
2466 3973 2821 4048 occurrunt,

535 4078 642 4140 sed
703 4076 1064 4141 lenissimae
1110 4080 1173 4140 et
1231 4093 1392 4158 quae
1437 4094 1671 4160 magna
1716 4095 1787 4139 ex
1846 4081 2024 4158 parte
2084 4075 2313 4160 glossis
2360 4094 2468 4139 seu
2517 4075 2823 4158 interpre-

533 4179 876 4245 tat-ionibus
908 4199 1096 4265 supra
1115 4181 1353 4244 lineam
1377 4181 1442 4244 in
1468 4179 1805 4264 archetypo
1838 4181 2087 4264 seriptis
2113 4183 2284 4244 ortae
2311 4183 2475 4244 sunt.
2527 4179 2604 4242 ef.
2634 4179 2709 4259 V,
2734 4176 2821 4240 22

534 4283 756 4348 beatus
801 4283 915 4347 Iob
963 4282 1273 4370 [inquitJ.
1321 4285 1464 4364 VII,
1497 4283 1536 4346 8
1581 4305 1663 4346 ne
1692 4281 1987 4346 umbram
2033 4283 2292 4368 quidem
2338 4281 2693 4369 [uirtutis]
2727 4304 2822 4344 -re-

534 4388 757 4451 tine-re.
827 4389 1002 4471 VIII,
1047 4387 1126 4452 12
1185 4386 1661 4474 spirituffi'rae]
1722 4385 2225 4474 ‘ne[qua]quam.
2288 4388 2464 4468 VIII,
2519 4385 2620 4468 19,
2662 4385 2703 4451 3
2762 4386 2826 4450 si
