3167 4975
566 457 695 522 360
1372 457 1689 512 Iohannis
1735 456 2038 512 Cassiani

566 637 753 716 atque
799 635 1190 717 composuit?
1244 634 1590 718 ingenium,
1637 635 1818 716 iram,
1866 633 2308 718 prouisionem,
2356 638 2621 715 motum,
2667 636 2862 719 placi-

564 739 845 820 ditatem,
878 739 1294 820 concordiam,
1334 740 1812 821 dissensionem,
1858 738 2046 821 bella,
2092 759 2334 824 pacem,
2381 739 2859 822 ordinationem,

566 844 1055 926 dispositionem,
1102 843 1325 925 officia,
1371 844 1779 927 principatuS‚
1819 845 2032 909 omnia
2063 845 2330 928 denique
2363 863 2524 927 quae
2556 849 2702 910 sunt
2730 845 2859 910 illis

563 949 743 1033 quasi
790 967 935 1012 cum
981 948 1257 1012 humano
1303 967 1531 1033 genere
1571 949 1950 1030 communia,
1998 950 2175 1014 cuius
2222 950 2508 1014 doctrina
2538 953 2648 1014 aut
2677 950 2860 1014 cuius

565 1073 843 1135 munere,
889 1071 1012 1136 quo
1058 1053 1383 1118 imbuente
1431 1057 1618 1137 atque
1650 1054 2022 1119 instituente
2055 1057 2504 1138 sumpserunt?
2552 1054 2862 1136 numquid
2934 1082 2958 1121 5

563 1159 683 1223 hoc
730 1178 767 1223 a
810 1162 1071 1242 paterno
1118 1158 1357 1222 semine
1402 1159 1694 1241 indeptae
1735 1163 1885 1223 sunt
1917 1159 2122 1223 autin
2167 1158 2428 1242 genitali
2459 1162 2636 1224 utero
2668 1163 2861 1241 atque

564 1264 631 1328 in
677 1268 966 1328 materna
1010 1281 1195 1328 carne
1242 1264 1633 1328 didicerunt?
1693 1282 1810 1327 nec
1867 1267 2118 1328 uterum
2179 1263 2398 1345 utique
2457 1267 2688 1328 norunt
2742 1283 2860 1328 nec

564 1387 780 1432 semen
850 1369 1085 1432 sciunt:
1164 1368 1408 1450 depasti
1477 1369 1914 1432 tantummodo
1981 1368 2166 1432 flores
2234 1368 2299 1431 in
2369 1368 2644 1433 aluearia
2709 1386 2862 1432 con-

562 1476 885 1556 geruntur,
948 1492 1020 1536 ex
1081 1473 1307 1555 quibus
1371 1472 1820 1537 inaestimabili
1876 1472 2120 1556 opificio
2177 1491 2324 1554 apes
2373 1475 2618 1536 exeunt.
2697 1472 2860 1536 nihil

564 1576 693 1642 illic
757 1577 1149 1662 genetricum
1224 1578 1466 1641 uiscera
1532 1575 1812 1660 prolibus
1889 1578 2222 1642 conferunt
2297 1595 2498 1660 neque
2569 1595 2713 1659 apes
2781 1596 2859 1640 ex
2915 1606 2960 1642 10

565 1681 789 1766 apibus
836 1682 1132 1747 eduntur:
1190 1681 1506 1765 operariae
1553 1686 1806 1746 tantum
1853 1684 2020 1763 sunt,
2067 1700 2193 1746 non
2238 1681 2702 1766 procreatrices,
2783 1699 2862 1746 ex

562 1786 900 1850 herbarum
944 1786 1220 1850 flosculis
1269 1787 1618 1851 animantia
1661 1787 1997 1868 prodeunt:
2061 1786 2212 1868 quid
2272 1785 2476 1850 simile
2535 1784 2746 1849 herbis
2791 1789 2862 1849 et

564 1891 1032 1955 animantibus?
1096 1892 1234 1973 quis
1282 1890 1622 1955 fabricator
1666 1891 1859 1974 igitur
1905 1910 2116 1954 rerum
2161 1890 2424 1954 istarum
2488 1889 2590 1970 sit,
2652 1890 2858 1971 credo,

564 1996 894 2079 intellegis,
957 1997 977 2059 i
1008 2014 1175 2060 nunc
1208 1999 1271 2059 et
1302 1996 1571 2079 ambige,
1621 2013 1700 2058 an
1732 1995 2010 2079 potuerit
2037 1994 2353 2060 natiuitati
2384 2011 2534 2060 suae
2565 1993 2858 2059 dominns

564 2100 625 2166 id
674 2100 945 2164 tribuere
990 2101 1153 2182 quod
1199 2101 1371 2163 uides
1414 2119 1558 2163 eum
1593 2100 1784 2164 etiam
1830 2100 2089 2164 facturis
2123 2099 2398 2163 minimis
2442 2099 2856 2182 praestitisse.
2917 2127 2961 2166 15

484 2213 508 2224 ·
566 2204 950 2289 superfluum
997 2206 1156 2269 forte
1204 2207 1284 2270 sit
1327 2209 1471 2289 post
1515 2205 1672 2269 haec
1717 2209 1782 2270 et
1827 2205 1948 2270 alia
1992 2205 2134 2269 addi
2181 2204 2438 2286 aliquid:
2487 2205 2597 2268 sed
2641 2209 2856 2268 tamen

562 2311 753 2374 etiam
812 2327 937 2374 non
998 2311 1349 2374 necessaria
1408 2311 1487 2374 ad
1559 2311 1914 2393 exemplum
1985 2310 2293 2375 addantur
2359 2311 2438 2374 ad
2507 2309 2853 2374 cumulum.

559 2415 823 2478 lucustis
883 2418 1141 2498 repente
1202 2413 1450 2479 subtexi
1511 2421 1676 2496 aera,
1739 2414 1990 2498 impleri
2035 2419 2234 2479 terras
2281 2413 2586 2478 uidemus,
2663 2414 2856 2499 prode

562 2539 777 2585 earum
822 2521 1083 2601 semina,
1129 2520 1319 2604 prode
1364 2524 1559 2601 ortuS,
1607 2521 1798 2603 prode
1843 2521 2286 2604 generatrices
2357 2520 2502 2584 inde
2548 2520 2737 2600 enim,
2781 2522 2858 2584 ut

560 2626 756 2706 uideS‚
804 2629 1050 2705 exeunt,
1098 2626 1263 2689 unde
1312 2630 1674 2690 nascuntur.
1754 2626 2105 2709 praescribe
2152 2626 2247 2689 his
2293 2624 2481 2689 rebus
2538 2624 2853 2705 omnibuS,
2909 2653 2960 2690 το

561 2731 724 2812 quod
768 2731 1125 2795 homousios
1172 2731 1624 2814 parienti-esse
1671 2731 1970 2795 natiuitas
2019 2749 2132 2795 sua
2177 2729 2382 2810 debet,
2443 2732 2510 2793 et
2565 2734 2696 2794 tam
2757 2730 2856 2793 in-

561 2835 830 2899 uenieris
892 2836 957 2899 in
1002 2835 1597 2918 praescriptionibus
1642 2835 1742 2899 his
1803 2836 2121 2916 ridiculuS,
2182 2854 2374 2917 quam
2433 2854 2601 2899 nunc
2663 2853 2728 2899 es
2786 2834 2854 2899 in

560 2940 848 3023 neganda
892 2941 1127 3004 domini
1173 2941 1503 3005 natiuitate
1550 2940 1840 3004 furiosus
1919 2944 1984 3004 et
2029 2940 2178 3022 quid
2221 2944 2364 3023 post
2410 2940 2607 3003 haec?
2669 2958 2857 3003 num-

559 3044 723 3126 quid·
751 3045 1039 3129 progredi
1085 3062 1199 3109 nos
1246 3044 1471 3108 debere
1517 3046 1683 3109 ultra
1741 3046 1845 3109 uel
1899 3048 1967 3108 tu
2027 3045 2160 3129 ipse
2223 3044 2588 3109 existimas?
2652 3044 2856 3108 adhuc

560 3149 847 3213 addimus
892 3153 1105 3213 tamen
1170 3149 1423 3232 aliquid.
1500 3169 1572 3212 ex
1635 3150 1768 3213 ouis
1829 3150 2176 3229 uolucrum,
2239 3166 2394 3230 quas
2452 3149 2517 3213 in
2563 3148 2854 3232 Aegypto
2909 3174 2958 3213 ι’,

558 3254 736 3318 hibes
783 3258 1031 3334 uocant,
1079 3254 1406 3319 basiliscos
1455 3258 1777 3337 serpentes
1823 3254 1998 3338 gigni
2040 3254 2452 3318 indubitabile
2510 3256 2626 3317 est.
2703 3252 2854 3334 quid

558 3361 897 3441 cognatum
942 3361 1006 3422 et
1052 3361 1543 3423 consentaneum
1590 3359 1691 3422 aui
1738 3362 1926 3441 atque
1973 3358 2292 3441 serpenti?
2339 3376 2448 3422 cur
2494 3357 2852 3421 homousios

559 3462 827 3545 parienti
894 3462 1189 3527 natiuitas
1258 3481 1371 3527 sua
1438 3481 1561 3527 non
1632 3466 1772 3528 est?
1840 3466 1904 3527 et
1970 3467 2184 3528 tamen
2244 3463 2400 3526 haec
2467 3462 2680 3525 omnia
2738 3480 2856 3525 nec

778 3643 864 3712 18]
904 3642 969 3697 cf.
996 3643 1158 3697 Basil.
1186 3642 1436 3698 Hexaem.
1463 3648 1512 3708 9,
1539 3647 1588 3708 2,
1621 3648 1698 3699 15.

650 3812 675 3865 1
732 3808 931 3877 placita
978 3826 1023 3878 p
1189 3813 1221 3863 5
1276 3814 1585 3863 sumserunt
1629 3811 1696 3864 N
1857 3810 2096 3878 nunquid
2145 3812 2220 3864 M
2369 3812 2400 3864 7
2457 3824 2613 3863 carne
2667 3826 2768 3864 om.
2805 3826 2851 3877 p

558 3902 590 3952 9
636 3894 991 3950 inextimabili
1036 3898 1111 3951 M
1246 3899 1311 3951 10
1356 3896 1680 3965 genitricum
1727 3899 1800 3952 M
1886 3897 2274 3965 generatricum
2313 3915 2357 3966 p
2502 3899 2564 3952 11
2611 3898 2852 3949 tantum-

558 3982 717 4036 modo
755 3985 830 4037 M
974 3985 1039 4039 12
1074 3983 1379 4052 producunt
1414 3986 1489 4039 M
1623 3984 1762 4037 erbis
1805 3986 1880 4040 M
2014 3985 2078 4039 14
2113 3982 2372 4052 intelligis
2409 4002 2452 4053 p
2593 3983 2611 4036 i
2648 4001 2748 4039 om.
2785 3983 2862 4037 M

557 4072 613 4124 in
666 4070 810 4124 hunc
855 4088 900 4141 p
1080 4071 1379 4125 natiuitatis
1434 4073 1499 4126 N
1502 4074 1555 4141 ¹1²
1737 4076 1802 4127 15
1857 4070 2048 4125 saturis
2085 4090 2130 4141 p
2309 4074 2374 4127 16
2425 4070 2558 4124 haec
2614 4070 2744 4125 talin
2785 4070 2858 4125 M

558 4158 773 4227 aliquod
812 4160 894 4214 N¹
1075 4161 1138 4214 17
1182 4175 1287 4213 non
1326 4176 1427 4216 om.
1467 4162 1540 4214 M
1710 4159 1982 4213 adduntur
2017 4162 2092 4214 M
2263 4162 2328 4214 18
2372 4157 2594 4213 locustis
2631 4158 2851 4227 N²Mpv

557 4244 768 4314 subtegi
806 4247 881 4300 M
1003 4248 1146 4299 terra
1181 4248 1256 4302 M
1370 4249 1435 4302 21
1485 4247 1753 4301 omousios
1789 4248 1889 4317 ΝΡ
2007 4245 2199 4301 debeat
2233 4248 2332 4301 Mv
2446 4250 2626 4299 tamen
2663 4246 2728 4301 N
2729 4244 2850 4313 ’ΜΡ

558 4336 625 4388 22
680 4332 921 4387 ridiculis
974 4334 1040 4388 N
1040 4336 1097 4403 ¹1²
1246 4350 1405 4401 quem
1458 4335 1525 4391 N
1526 4338 1541 4370 ¹
1615 4334 1706 4402 qui
1751 4352 1796 4405 p
1938 4337 2006 4391 23
2063 4332 2304 4402 nunquid
2359 4335 2434 4390 M
2573 4336 2646 4389 26
2703 4330 2850 4387 hibes

558 4422 753 4491 NMp:
788 4420 901 4475 ibes
935 4440 969 4477 v
1108 4420 1353 4475 basilicos
1384 4440 1427 4492 p
1568 4420 1712 4491 quod
1746 4424 1822 4478 M
1955 4424 2021 4479 27
2060 4421 2326 4477 omousios
2363 4422 2460 4491 ,ΝΡ
