3167 4975
343 1568 394 1608 1⁰

339 2099 388 2139 15

1293 423 1452 478 Inst.
1487 421 1600 478 lib.
1637 423 1703 489 V,
1742 426 1893 480 1—4.
2652 424 2737 491 83

447 601 818 685 prophetam
879 603 1277 664 transeuntes
1335 619 1446 686 per
1493 600 1709 684 ignem
1768 600 2069 665 uitiorum
2116 601 2429 666 dirissime
2488 604 2738 668 nostras

448 706 842 770 exurentium
873 708 1118 770 mentes
1151 705 1486 770 confestim
1529 725 1643 789 per
1688 723 1885 788 aquas
1918 723 2163 788 quoque
2194 706 2505 772 uirtutum
2538 707 2739 772 extin-

445 811 775 894 guentium
821 810 1062 874 scilicet
1107 829 1182 874 ea
1227 811 1494 875 transire
1539 811 1857 894 possimus
1902 810 2148 892 inlaesi,
2212 829 2285 874 ae
2346 811 2735 896 spiritalibus

445 916 738 980 remediis
804 916 1074 980 adrorati
1136 917 1213 979 ad
1273 915 1672 1000 refrigerium
1731 915 2135 999 perfectionis
2195 916 2471 1000 puritate
2532 917 2736 981 cordis

447 1039 800 1085 mereamur
847 1020 1044 1086 educi.

532 1126 646 1189 ΙΠ.
698 1125 918 1207 Itaque
965 1124 1242 1209 primum
1288 1123 1472 1189 nobis
1518 1125 1865 1189 ineundum
1912 1127 2230 1190 certamen
2278 1129 2376 1190 est
2436 1125 2737 1191 aduersus

445 1229 976 1314 gastrimargiam,
1038 1247 1229 1312 quam
1275 1229 1548 1294 diximus
1593 1229 1780 1313 gulae
1827 1248 1965 1293 esse
2019 1229 2613 1312 concupiscentiam,
2677 1234 2741 1295 et

445 1337 512 1399 in
570 1335 790 1417 primis
852 1334 928 1397 de
989 1334 1364 1398 ieiuniorum
1425 1334 1611 1398 modo
1675 1337 1739 1400 et
1799 1351 2083 1398 escarum
2141 1333 2446 1416 qualitate
2511 1335 2738 1399 dicturi

443 1459 660 1505 rursus
708 1441 784 1503 ad
824 1439 1282 1524 Aegyptiorum
1327 1439 1697 1504 traditiones
1747 1457 1819 1504 ac
1867 1441 2109 1503 statuta
2151 1439 2553 1520 recurrimus,
2600 1439 2738 1521 qui-

443 1545 564 1609 bus
613 1543 1044 1609 sublimiorem
1090 1544 1513 1608 continentiae
1559 1543 1960 1627 disciplinam
2007 1547 2072 1608 et
2116 1543 2461 1626 perfectam
2506 1543 2739 1608 discre-

445 1651 634 1715 tionis
679 1651 887 1714 inesse
930 1650 1241 1714 rationem
1287 1649 1500 1714 nullus
1546 1649 1815 1734 ignorat.

528 1755 676 1818 1111.
725 1753 928 1819 Uetus
989 1773 1258 1836 namque
1319 1757 1418 1818 est
1474 1753 1649 1818 beati
1691 1753 1959 1818 Antonii
2020 1751 2535 1836 admirabilisque
2596 1773 2739 1818 sen-

447 1859 670 1940 tentia,
741 1859 1147 1940 monachum,
1220 1859 1329 1941 qui
1387 1863 1533 1942 post
1596 1857 1957 1923 coenobiale
2017 1857 2409 1942 propositum
2480 1857 2739 1942 fastigia

443 1964 665 2028 nititur
728 1963 1112 2028 sublimioris
1172 1963 1578 2046 perfectionis
1641 1963 1986 2047 adtingere,
2050 1965 2113 2028 et
2173 1961 2563 2046 adprehenso
2612 1963 2739 2027 dis-

441 2069 732 2132 cretionis
795 2068 1078 2132 examine
1124 2068 1372 2151 proprio
1418 2068 1548 2132 iam
1592 2071 1817 2152 potens
1873 2072 1972 2133 est
2030 2070 2197 2132 stare
2259 2067 2486 2132 iudicio
2549 2069 2738 2150 atque

443 2175 520 2238 ad
565 2191 774 2238 arcem
815 2173 1266 2237 anachoreseos
1298 2173 1646 2256 peruenire,
1694 2172 1957 2242 minime
1988 2171 2214 2236 debere
2246 2171 2325 2236 ab
2358 2190 2483 2237 uuo
2516 2191 2739 2255 quam-

440 2279 537 2342 uis
599 2279 846 2342 summo
910 2278 1204 2342 uniuersa
1267 2296 1502 2362 genera
1569 2278 1880 2341 uirtutum
1950 2281 2255 2360 expetere.
2335 2277 2495 2341 alius
2567 2277 2737 2342 enim

441 2382 738 2447 scientiae
783 2381 1042 2446 floribus
1091 2385 1442 2462 exornatur,
1491 2382 1647 2447 alter
1694 2382 2089 2447 discretionis
2134 2381 2377 2446 ratione
2414 2381 2736 2446 robustius

443 2488 887 2567 communitur,
937 2488 1092 2551 alter
1137 2488 1480 2571 patientiae
1525 2488 1841 2572 grauitate
1886 2488 2207 2568 fundatur,
2270 2488 2432 2551 alius
2479 2486 2738 2551 humili-

445 2594 615 2673 tatiS,
679 2592 838 2656 alius
900 2592 1326 2656 continentiae
1371 2592 1609 2657 uirtute
1654 2593 2025 2676 praefertur,
2086 2592 2247 2656 alius
2310 2592 2737 2675 simplicitatis

442 2698 647 2782 gratia
707 2698 1054 2777 decoratur,
1115 2695 1219 2761 hie
1279 2697 1849 2781 magnanimitatiS,
1910 2697 2019 2763 ille
2080 2697 2562 2779 misericordiae,
2618 2697 2738 2761 iste

443 2802 824 2887 uigiliarum,
893 2801 996 2866 hic
1065 2802 1536 2883 taciturnitatiS,
1604 2802 1727 2866 iste
1795 2802 2027 2866 laboris
2098 2802 2302 2867 studio
2372 2802 2741 2885 superuenit

444 2910 700 2971 eeteroS.
750 2910 814 2970 et
845 2907 1072 2970 idcirco
1105 2906 1488 2970 monachum
1523 2906 1833 2989 spiritalia
1862 2906 2053 2970 mella
2084 2907 2347 2971 condere
2380 2906 2738 2989 cupientem
2789 2912 2823 2963 2

444 3012 620 3075 uelut
667 3030 850 3093 apem
894 3011 1458 3093 prudentissimam
1504 3011 1729 3075 debere
1776 3030 2289 3093 unamquamque
2320 3011 2625 3075 uirtutem
2656 3010 2736 3075 ab

441 3114 542 3179 his
590 3116 700 3197 qui
745 3134 885 3179 eam
933 3115 1310 3179 familiarius
1370 3116 1698 3199 possident
1758 3115 2055 3181 deflorare
2102 3119 2165 3180 et
2210 3116 2423 3181 insui
2467 3116 2737 3199 pectoris

443 3240 592 3284 uase
625 3220 958 3303 diligenter
979 3220 1314 3285 recondere
1346 3239 1462 3285 nec
1485 3222 1633 3303 quid
1661 3221 1869 3285 minus
1898 3221 2123 3303 aliquis
2151 3221 2381 3287 habeat
2404 3221 2735 3303 discutere,

444 3326 549 3389 sed
596 3324 716 3389 hoc
761 3328 1014 3389 tantum
1061 3326 1211 3407 quid
1242 3326 1497 3391 uirtutis
1537 3327 1859 3412 possideat
1889 3327 2301 3410 contemplari
2334 3327 2737 3409 studioseque

442 3430 768 3513 decerpere
817 3428 1106 3512 (cunctas
1168 3449 1440 3513 namque
1503 3432 1556 3496 si
1618 3430 1695 3495 ab
1744 3450 1868 3496 uno
1916 3432 2211 3496 uolumus
2275 3432 2571 3513 mutuari,
2629 3435 2738 3496 aut

652 3611 704 3680 1]
745 3611 814 3665 cf.
839 3612 928 3665 Ps.
957 3614 1039 3675 65,
1070 3614 1148 3667 12.

530 3781 556 3833 1
604 3776 868 3847 profetam
919 3778 1092 3833 CAH
1233 3778 1516 3833 durissime
1559 3780 1693 3835 L¹T
1836 3781 1870 3835 3
1914 3795 2001 3833 eas
2046 3780 2101 3835 A
2249 3794 2532 3848 possumus
2578 3782 2737 3835 H¹T1

441 3870 472 3920 4
497 3864 790 3934 puritatem
814 3867 866 3919 L
975 3868 1006 3920 6
1039 3865 1222 3934 itaque
1249 3910 1259 3920 .
1290 3909 1300 3920 .
1330 3910 1341 3921 .
1369 3870 1639 3920 certamen
1672 3884 1827 3922 enan.
1856 3868 1919 3921 in
1955 3866 2003 3922 0
2106 3866 2383 3920 iniendum
2408 3870 2485 3922 A¹
2593 3870 2623 3923 '7
2652 3884 2737 3921 ca-

441 3952 804 4020 strimargiam
828 3954 883 4007 L
986 3952 1172 4021 guelae
1214 3954 1260 4009 G
1367 3958 1399 4010 8
1437 3970 1649 4008 scarum
1680 3954 1726 4009 Ο
1830 3970 2073 4025 escarum
2107 3954 2158 4009 G·
2263 3958 2296 4009 9
2322 3970 2653 4008 recurremus
2680 3973 2738 4011 v.-

440 4043 512 4110 εἴ.
541 4058 671 4110 pay.
710 4044 794 4109 63,
833 4044 866 4095 5
1011 4044 1071 4097 11
1119 4041 1334 4109 ignoret
1384 4042 1430 4097 Ο
1573 4046 1637 4098 12
1683 4044 1838 4097 uetus
1876 4086 1885 4097 .
1922 4085 1935 4097 .
1977 4085 1988 4097 .
2024 4040 2355 4096 admirabilis
2392 4061 2550 4097 enan.
2588 4044 2652 4097 in
2691 4042 2739 4098 0

440 4130 596 4183 uetus
625 4170 637 4181 .
663 4168 676 4181 .
705 4170 717 4181 .
741 4127 796 4198 5.
829 4132 868 4183 2
898 4128 1376 4197 prudentissimam
1414 4128 1605 4184 debere
1642 4130 1835 4185 desunt
1870 4132 1933 4185 in
1954 4132 2011 4185 A
2142 4132 2208 4185 13
2246 4129 2631 4183 monachorum
2662 4130 2735 4184 6¹

443 4219 508 4271 15
557 4214 728 4283 adque
769 4214 817 4270 0
959 4219 1021 4271 17
1071 4218 1342 4285 expectare
1383 4217 1434 4271 G
1566 4220 1632 4273 18
1668 4217 1928 4271 rationem
1966 4217 2043 4271 L¹
2180 4219 2244 4272 21
2284 4216 2482 4287 gratia]
2520 4216 2637 4271 luce
2674 4219 2744 4272 H

441 4306 509 4359 22
533 4302 895 4373 supereminet
917 4304 1014 4359 Hv
1090 4307 1158 4359 24
1183 4320 1450 4373 unamque
1479 4304 1526 4359 0
1605 4308 1673 4361 25
1700 4304 1973 4375 deplorare
1997 4306 2116 4359 HT
2179 4306 2247 4358 26
2272 4320 2367 4357 uas
2399 4304 2445 4359 Ο
2511 4320 2579 4358 ne
2602 4306 2672 4359 H
2672 4307 2742 4360 ιΤ

443 4390 657 4461 aliquis]
685 4389 822 4445 alius
845 4409 886 4447 s.
909 4392 941 4446 l.
965 4408 1032 4445 m.
1053 4396 1084 4445 1
1106 4392 1162 4446 A
1244 4390 1445 4461 aliquid
1472 4394 1526 4448 L
1616 4394 1683 4447 27
1710 4391 1782 4461 qd
1812 4393 1888 4449 62
1910 4410 1976 4449 ex
1999 4391 2093 4463 qrd
2167 4392 2460 4463 possideat]
2486 4390 2683 4446 habeat
2704 4410 2738 4450 v
