3167 4975
2248 444 2619 503 LXXVIIII

323 612 524 678 uerba
567 615 862 699 uulgatae
915 614 1208 679 editionis
1253 614 1320 679 in
1365 612 1692 699 euangelio
1737 613 1970 679 Matth.
2016 610 2079 695 5,
2110 610 2225 677 22:
2288 611 2420 698 qui
2464 610 2493 675 i
2504 634 2618 675 ra-

325 716 586 781 scitur
629 716 904 803 fratri
959 739 1116 795 suo,
1185 739 1361 781 reus
1423 718 1582 782 erit
1642 717 1951 781 iudicio
2015 718 2295 783 defendit
2353 722 2416 783 et
2474 736 2627 782 uera

327 842 470 887 esse
515 822 826 905 adfirmat,
888 823 1100 888 dicens
1147 824 1212 887 id
1258 824 1422 906 quod
1468 824 1534 887 in
1580 823 1959 906 quibusdam
2006 822 2469 908 exemplaribus
2516 822 2624 887 ad-

328 928 538 994 ditum
593 928 676 995 sit
719 926 859 991 eine
903 948 1108 991 causa
1171 926 1350 1013 (εἰκῇ)
1397 931 1619 1013 postea
1672 928 1987 993 adiectum
2048 946 2185 991 esse
2232 927 2309 992 ab
2358 928 2449 992 eis
2508 926 2627 1013 qui

328 1030 806 1117 amputandam
875 1031 1053 1095 iram
1109 1053 1241 1117 pro
1307 1030 1504 1095 iustis
1573 1030 1795 1095 causis
1858 1030 2121 1095 minime
2186 1038 2626 1117 putauerunt,

331 1138 807 1221 capitulumque
849 1138 952 1202 his
991 1137 1202 1202 uerbis
1249 1136 1418 1203 finit:
1465 1134 1701 1201 melius
1748 1146 1963 1201 tamen
2006 1146 2097 1200 est
2125 1135 2227 1199 ita
2272 1144 2503 1214 tenere,
2550 1144 2627 1199 ut

331 1250 392 1304 et
435 1240 704 1305 nouella
749 1240 1158 1328 exemplaria
1201 1240 1414 1305 multa
1457 1250 1518 1306 et
1578 1241 1857 1327 αηίίρυα
1900 1241 2121 1305 omnia
2180 1240 2627 1305 inueniuntur

331 1366 462 1410 esse
511 1346 913 1432 perscripta.
992 1348 1146 1413 item
1208 1347 1384 1414 Conl.
1416 1346 1594 1429 VIII,
1639 1345 1741 1428 10,
1777 1345 1810 1409 1
1876 1347 1998 1412 etsi
2055 1347 2263 1413 locum
2310 1345 2626 1413 Geneseos

331 1450 396 1533 3,
439 1452 474 1514 1
533 1453 788 1517 omnino
849 1453 1195 1517 secundum
1241 1452 1413 1516 LXX
1475 1452 1734 1537 profert,
1796 1456 2011 1517 tamen
2071 1451 2406 1537 distinguit
2464 1451 2627 1517 inter

331 1556 780 1641 sapientior
807 1555 916 1643 (=
945 1556 1373 1641 φρονιμώτερος)
1401 1560 1464 1621 et
1493 1557 1558 1621 id
1589 1556 1755 1639 quod
1778 1555 1925 1621 libri
1948 1555 2243 1621 Hebraici
2270 1556 2627 1641 exprimunt

333 1665 522 1744 atque
567 1680 640 1727 ex
686 1663 775 1727 eis
821 1662 888 1727 in
921 1662 1266 1747 Uulgatam
1312 1660 1565 1727 transiit
1611 1658 2020 1724 callidior.
2067 1696 2153 1707 —-
2198 1660 2267 1725 hi
2312 1664 2463 1726 sunt
2505 1660 2631 1726 loci

333 1764 562 1848 quibus
609 1764 950 1831 Cassianus
1004 1768 1332 1850 uulgatam
1381 1766 1721 1831 editionem
1781 1766 2031 1830 disertis
2080 1765 2289 1830 uerbis
2332 1766 2623 1849 respexit.

331 1870 438 1935 hic
467 1870 598 1935 illic
643 1872 836 1936 etiam
885 1872 964 1936 ad
1009 1871 1276 1936 uerbum
1323 1890 1462 1935 eam
1510 1870 1813 1953 sequitur,
1862 1870 1969 1935 sed
2019 1872 2219 1936 multo
2266 1870 2517 1956 saepius
2564 1875 2629 1935 et

331 1975 400 2040 in
460 1979 674 2041 uetere
738 1980 802 2041 et
859 1976 926 2042 in
987 1994 1150 2041 nouo
1196 1980 1580 2041 testamento
1642 1975 1893 2041 citando
1938 1978 2050 2041 aut
2106 1976 2369 2059 paulum
2414 1974 2491 2040 ab
2555 1994 2629 2041 ea

333 2079 602 2145 discedit
676 2084 788 2146 aut
863 2078 1060 2146 uerba
1127 2080 1368 2146 Graeca
1435 2085 1725 2146 accurate
1791 2080 2013 2145 reddit.
2092 2080 2345 2146 omnino
2414 2082 2627 2145 autem

333 2184 555 2250 multis
615 2188 680 2249 et
740 2186 1006 2250 diuersis
1069 2187 1414 2270 scripturae
1477 2202 1689 2251 sacrae
1750 2184 2209 2268 exemplaribus
2276 2203 2429 2249 usus
2490 2202 2627 2249 esse

333 2289 602 2370 uidetur,
636 2291 934 2372 quoniam
967 2294 1030 2355 et
1061 2290 1218 2355 Inst.
1253 2290 1430 2371 VIII,
1463 2288 1569 2370 21,
1603 2308 1793 2373 quem
1820 2290 2029 2355 locum
2062 2308 2251 2373 supra
2278 2289 2626 2373 posuimuS‚

333 2394 658 2460 contendit
701 2395 952 2459 nouella
995 2395 1378 2478 exemplaria
1422 2394 1677 2478 (Latina
1708 2394 1974 2479 scilicet)
2021 2394 2225 2459 multa
2268 2397 2333 2458 et
2369 2392 2630 2476 antiqua

334 2499 549 2565 omnia
607 2499 802 2564 uerba
858 2499 1024 2563 sine
1085 2520 1330 2564 causa
1389 2499 1681 2566 omittere
1728 2503 1790 2564 et
1834 2499 1993 2564 Inst.
2026 2499 2078 2580 I,
2110 2497 2172 2581 2,
2206 2497 2239 2561 l
2289 2503 2627 2583 postquam

333 2605 544 2668 locum
589 2604 856 2688 apostoli
903 2605 982 2669 ad
1027 2605 1434 2670 Timotheum
1479 2605 1530 2685 I,
1563 2603 1625 2685 6,
1659 2601 1698 2666 8
1761 2601 2114 2667 habentes
2176 2612 2428 2666 autem
2487 2600 2628 2666 ali-

329 2717 580 2771 menta
603 2717 672 2772 et
695 2708 1206 2793 operimenta,
1231 2708 1352 2771 his
1377 2708 1721 2772 contenti
1745 2707 1989 2772 timue
2020 2709 2374 2794 adscripsit,
2408 2707 2629 2773 statim

333 2813 650 2898 adiungit:
719 2813 1224 2899 operimenta,
1289 2811 1611 2898 inquient,
1671 2834 1801 2876 non
1858 2811 2349 2890 uestimenta,
2418 2821 2494 2875 ut
2553 2810 2627 2875 in

333 2914 726 3002 quibusdam
769 2915 1030 2980 Latinis
1077 2915 1560 3004 exemplaribus
1606 2937 1737 2980 non
1777 2916 2057 3003 proprie
2101 2917 2470 2981 continetur
2515 2915 2623 3000 (cf.

333 3021 686 3102 Roensch2,
732 3043 792 3107 p.
825 3020 1009 3108 318>=
1073 3024 1152 3089 cf.
1201 3024 1359 3088 Inst.
1391 3024 1538 3102 XII,
1579 3021 1686 3104 27,
1724 3023 1757 3085 1
1820 3021 2425 3086 simulacrorum
2482 3020 2625 3084 siue

333 3123 730 3190 idolorum
772 3126 1087 3203 seruitus,
1157 3126 1333 3193 Conl.
1376 3128 1553 3208 VIII,
1597 3125 1701 3208 21,
1744 3126 1784 3191 3
1830 3148 2035 3190 semen
2079 3124 2261 3190 illud
2306 3123 2460 3190 Seth
2493 3147 2626 3211 pro

331 3231 562 3295 merito
607 3231 976 3296 sanctitatis
1022 3230 1238 3319 anyeli
1285 3230 1391 3295 dei
1420 3231 1564 3294 siue
1608 3241 1685 3294 ut
1732 3229 2005 3294 diuersa
2034 3229 2445 3316 exemplaria
2488 3251 2627 3294 con-

335 3336 544 3400 tinent
572 3335 720 3418 filii
766 3335 872 3400 dei
915 3336 1140 3400 uocati
1182 3345 1357 3413 sunt,
1413 3337 1653 3419 XXIII,
1692 3334 1791 3418 17,
1825 3336 1860 3399 7
1910 3333 2439 3399 carbunculus
2482 3335 2627 3400 siue

335 3439 716 3518 calculus,
745 3441 1019 3522 XXHII,
1051 3439 1112 3521 2,
1145 3439 1187 3504 2
1219 3439 1633 3525 reliquerit
1664 3441 1807 3504 siue
1836 3438 2110 3518 oderit,
2141 3441 2414 3522 XXIIII,
2446 3439 2552 3522 24,
2588 3440 2621 3503 1

333 3545 576 3610 uende
633 3545 776 3610 siue
839 3543 1162 3622 dimitte,
1222 3545 1283 3610 N
1341 3546 1418 3628 V,
1457 3542 1556 3625 15,
1596 3546 1649 3611 1.
1712 3581 1797 3592 —
1859 3547 2059 3610 multo
2120 3545 2349 3610 certius
2412 3549 2627 3610 autem

337 3653 472 3716 eius
515 3653 607 3717 rei
653 3654 1099 3736 argumentum
1143 3651 1261 3716 hoc
1307 3653 1422 3731 est,
1477 3651 1643 3733 quod
1688 3650 1821 3735 ipse
1880 3651 1947 3716 in
2008 3651 2231 3715 iisdem
2289 3651 2444 3716 locis
2506 3651 2627 3716 sibi

335 3775 462 3822 11011
493 3760 760 3838 constat,
807 3757 918 3822 sed
947 3775 1098 3822 sane
1129 3755 1363 3821 multos
1397 3756 1582 3820 modo
1612 3754 1713 3820 his
1746 3756 1929 3821 modo
1962 3756 2087 3820 illis
2118 3755 2330 3820 uerbis
2362 3756 2625 3820 mutatis

335 3862 560 3926 adfert.
628 3861 793 3927 inter
853 3879 1013 3943 quae
1067 3861 1169 3924 uel
1225 3861 1496 3924 maxime
1549 3859 1797 3944 insigne
1845 3863 1941 3924 est
1999 3860 2163 3941 quod
2212 3859 2386 3926 Conl.
2418 3858 2624 3940 XXH,

341 3964 442 4048 13,
473 3963 646 4029 5-6
692 3984 726 4029 e
771 3965 1016 4049 psalmo
1062 3963 1166 4046 36,
1200 3962 1460 4028 23-24
1503 3965 1779 4049 primum
1825 3983 1973 4026 non
2016 3961 2627 4026 conturbabitur

335 4069 456 4154 (ita
483 4067 696 4153 BFO)
727 4070 985 4154 profert,
1019 4073 1156 4134 tum
1187 4068 1287 4133 bis
1319 4067 1615 4152 deinceps
1644 4089 1792 4131 non
1822 4065 2291 4131 conlidetur.
2340 4071 2426 4150 at,
2459 4066 2625 4133 dicet

335 4175 585 4258 aliquiS,
632 4175 834 4258 primo
879 4174 1014 4238 1000
1060 4192 1187 4240 11011
1217 4171 1422 4250 BFO,
1471 4173 1580 4238 sed
1624 4177 1708 4254 βυ
1752 4171 1912 4257 (non
1956 4171 2354 4258 conlidetur)
2404 4191 2626 4238 uerum

331 4279 648 4345 exhibent.
697 4279 863 4362 quod
894 4279 1184 4362 equidem
1214 4296 1470 4362 prorsus
1501 4296 1681 4362 nego.
1730 4295 1874 4342 cum
1907 4279 2079 4342 enim
2108 4281 2317 4343 textus
2349 4275 2626 4343 Graecus

331 4386 570 4452 habeat
629 4387 690 4446 οὒ
747 4387 1228 4467 καταραχθήσεται
1289 4409 1370 4441 =
1430 4403 1560 4446 non
1620 4380 2009 4461 conlidetur,
2078 4383 2219 4465 quis
2279 4383 2628 4467 praestabit
