3167 4975
295 1538 348 1578 10

295 2062 346 2101 15

294 2592 348 2632 20

300 3122 354 3162 25

1174 403 1334 458 Inst.
1371 403 1480 458 lib.
1517 403 1653 468 1111,
1689 407 1910 460 29—30.
2602 404 2687 470 69

400 586 462 644 et
507 581 571 644 in
618 599 740 662 quo
788 599 854 642 se
901 580 1003 643 uel
1047 599 1158 662 pro
1204 580 1597 664 longitudine
1642 581 1915 664 regionis
1963 582 2225 647 credidit
2271 582 2687 666 ignorandum

399 685 500 749 uel
545 703 655 768 pro
703 684 1140 768 magnitudine
1187 685 1554 749 monasterii
1604 703 1675 750 ac
1721 686 2127 751 multitudine
2190 686 2457 750 fratrum
2500 686 2687 751 facile

398 807 580 875 posse
641 789 846 853 celari.
925 787 1036 852 ubi
1097 789 1334 852 diutius
1393 807 1503 873 pro
1563 789 1804 854 foribus
1858 809 2269 874 perseuerans
2318 795 2685 856 cunctorum
2736 797 2770 852 3

399 896 667 959 fratrum
727 893 996 978 genibus
1058 895 1424 977 prouolutus
1473 899 1545 959 ut
1606 896 2026 979 susciperetur
2074 897 2340 960 summis
2394 896 2686 980 precibus

402 998 686 1063 ambiuit.
737 1017 1004 1080 cumque
1037 1000 1238 1064 multo
1273 1000 1572 1082 despectu
1605 1000 1861 1064 tandem
1894 1000 2121 1065 fuisset
2152 1001 2487 1082 admissuS,
2522 1002 2686 1083 quod

402 1103 640 1168 scilicet
670 1103 1021 1187 decrepitus
1056 1122 1242 1168 senex
1275 1108 1339 1169 et
1371 1105 1474 1187 qui
1508 1123 1763 1168 omnem
1795 1122 1975 1169 suam
2006 1106 2381 1189 peruixisset
2413 1109 2687 1170 aetatem

399 1209 641 1292 ingredi
688 1208 1058 1274 coenobium
1103 1210 1470 1292 postularet,
1534 1228 1656 1292 quo
1720 1214 1997 1294 tempore
2058 1211 2186 1276 iam
2234 1231 2312 1276 ne
2374 1212 2687 1276 deseruire

401 1313 652 1396 quidem
700 1313 830 1376 suis
876 1312 1310 1397 uoluptatibus
1355 1315 1767 1397 praeualeret,
1816 1333 1887 1379 ac
1934 1335 2011 1379 ne
2043 1315 2163 1380 hoc
2192 1317 2401 1399 ipsum
2434 1316 2688 1399 quidem

401 1436 592 1484 causa
633 1419 954 1502 religionis
1002 1423 1289 1500 expetere
1337 1438 1480 1482 eum
1530 1419 1910 1501 adsererent,
1959 1421 2068 1484 sed
2112 1421 2300 1485 famis
2348 1426 2413 1485 et
2441 1423 2689 1505 inopiae

401 1523 773 1612 necessitate
835 1523 1268 1604 const-rictum,
1334 1527 1404 1588 ut
1466 1525 1601 1588 seni
1662 1526 1943 1607 nullique
2004 1525 2174 1608 operi
2233 1527 2485 1608 penitus
2543 1530 2689 1610 apto

400 1627 566 1694 horti
626 1646 776 1692 cura
835 1628 1286 1712 diligentiaque
1347 1629 1702 1693 mandatur.
1783 1647 1973 1712 quam
2022 1629 2138 1694 sub
2187 1631 2307 1694 alio
2355 1631 2547 1694 fratre
2592 1631 2689 1696 iu·
2736 1633 2773 1687 4

401 1735 593 1814 niore,
640 1735 747 1816 qui
794 1752 938 1798 eum
972 1731 1094 1797 sibi
1127 1733 1435 1796 creditum
1467 1733 1801 1814 retinebat,
1851 1753 2142 1799 exercens
2186 1736 2275 1799 sic
2308 1735 2511 1800 eidem
2543 1735 2693 1801 sub-

401 1837 666 1902 debatur
714 1841 1014 1919 tantaque
1062 1836 1461 1902 oboedientia
1505 1839 1923 1904 desideratam
1956 1839 2337 1904 humilitatis
2373 1841 2693 1905 excolebat

401 1944 725 2023 uirtutem,
790 1946 864 2006 ut
921 1960 1046 2007 non
1096 1943 1298 2006 solum
1347 1961 1438 2023 ea,
1499 1961 1660 2026 quae
1708 1944 1783 2007 ad
1843 1943 2009 2008 horti
2056 1945 2445 2027 diligentiam
2500 1944 2695 2029 perti-

401 2047 657 2128 nebant,
705 2066 926 2111 uerum
961 2047 1155 2113 etiam
1185 2047 1482 2111 uniuersa
1511 2047 1737 2128 officia,
1786 2067 1941 2130 quae
1986 2052 2163 2113 erant
2196 2049 2439 2114 cunctis
2474 2068 2697 2132 aspera

403 2153 504 2216 uel
549 2152 810 2236 indigna
855 2155 1044 2234 atque
1093 2151 1170 2215 ab
1219 2151 1511 2215 omnibus
1559 2151 1949 2217 ducebantur
1995 2151 2255 2234 horrori,
2304 2157 2437 2218 tota
2470 2154 2695 2218 cotidie

403 2256 738 2322 sedulitate
784 2256 1121 2339 conpleret.
1171 2257 1472 2338 conplura
1517 2275 1665 2321 uero
1714 2258 1905 2321 etiam
1954 2261 2135 2322 nocte
2180 2275 2565 2340 consurgens
2605 2258 2697 2322 ita

402 2361 624 2426 furtim
672 2361 844 2426 nullo
893 2365 1054 2424 teste
1102 2361 1204 2424 nel
1251 2361 1498 2425 conscio
1546 2360 1823 2426 tenebris
1872 2361 2301 2427 occulentibus
2360 2361 2695 2443 efficiebat,

403 2469 475 2531 ut
518 2465 772 2550 penitus
821 2469 1140 2531 auctorem
1188 2467 1392 2549 operis
1439 2483 1623 2545 nemo
1672 2467 2181 2550 deprehenderet.
2262 2485 2531 2551 cumque
2577 2466 2698 2532 ibi—

406 2572 550 2635 dem
609 2572 880 2635 triennio
942 2572 1316 2635 delitescens
1377 2590 1488 2655 per
1553 2573 1915 2637 uniuersam
1970 2572 2335 2657 Aegyptum
2396 2574 2695 2657 dispersis

405 2675 637 2758 ubique
685 2675 988 2741 fratribus
1035 2681 1457 2758 quaereretur,
1508 2695 1544 2741 a
1591 2678 1861 2759 quodam
1910 2678 2167 2741 tandem
2212 2678 2409 2759 uisuS,
2466 2678 2572 2759 qui
2619 2679 2695 2743 de

403 2780 678 2864 Aegypti
724 2780 1010 2864 partibus
1058 2784 1462 2861 commearat,
1509 2782 1615 2844 uix
1660 2782 1867 2865 potuit
1904 2799 2015 2865 pro
2047 2782 2405 2846 humilitate
2437 2781 2694 2847 habitus

408 2886 504 2949 sui
551 2904 622 2949 ac
665 2886 912 2950 uilitate
961 2885 1151 2951 officii
1200 2884 1368 2967 quod
1413 2885 1673 2969 gerebat
1720 2888 1995 2969 agnosci.
2044 2906 2191 2951 nam
2242 2888 2484 2952 sarculo
2517 2888 2695 2952 deor·
2744 2888 2778 2942 5

408 3009 546 3053 sum
593 2991 892 3054 incuruus
935 2988 1190 3053 laxabat
1235 2989 1552 3054 holeribus
1600 2994 1852 3071 terram,
1900 2992 2123 3056 deinde
2172 2996 2413 3055 stercus
2461 2992 2695 3055 umeris

408 3096 535 3159 suis
584 3095 924 3159 aduectans
958 3112 1176 3159 eorum
1205 3094 1519 3159 radicibus
1551 3095 1896 3179 ingerebat.
1947 3114 2214 3179 cumque
2254 3096 2409 3160 haec
2440 3096 2695 3160 intuens

409 3199 597 3263 frater
659 3218 848 3282 super
895 3199 1214 3283 agnitione
1261 3200 1394 3262 eius
1441 3200 1801 3264 diutissima
1846 3199 2071 3264 fuisset
2116 3200 2531 3265 haesitatione
2589 3202 2696 3265 de-

494 3366 519 3419 1
570 3366 624 3417 et
667 3381 767 3420 om.
807 3365 860 3418 L
985 3362 1155 3417 credit
1202 3364 1254 3419 T
1369 3366 1402 3419 3
1442 3363 1644 3417 diutius
1687 3364 1764 3417 G.-
1810 3364 2107 3418 diutissime
2145 3366 2343 3419 HLTv
2462 3380 2590 3433 prae
2636 3367 2706 3420 H

408 3454 438 3507 5
476 3449 743 3504 ambiebat
766 3452 835 3506 H
938 3450 1176 3521 dispectu
1203 3452 1420 3506 H¹L¹T
1519 3453 1551 3506 6
1589 3468 1739 3504 suam
1775 3452 2089 3520 peruixisset
2126 3454 2355 3505 aetatem
2381 3453 2509 3507 LT:
2544 3468 2697 3506 suam

408 3538 648 3651 porrigi?
669 3583 898 3635 aetatem
925 3583 992 3636 H
1059 3581 1228 3635 uitam
1267 3598 1418 3635 suam
1453 3582 1769 3651 peruixisset
1804 3585 1975 3636 aetate
2004 3583 2057 3637 G
2083 3585 2209 3650 fort.
2238 3582 2379 3637 uitae
2418 3598 2543 3635 suae
2578 3598 2698 3651 per-

407 3668 624 3723 nixisset
669 3670 922 3722 aetatem:
961 3671 1030 3736 cf.
1075 3670 1137 3737 V,
1171 3672 1255 3737 38,
1291 3672 1322 3723 1
1466 3672 1496 3723 7
1542 3669 1833 3738 postolaret
1877 3671 1951 3725 L¹
2097 3672 2130 3725 8
2176 3668 2600 3738 uolumptatibus
2644 3672 2698 3725 L

406 3754 772 3809 uoluntatibus
797 3756 950 3810 Η1Τ1
1059 3754 1276 3823 quidem
1302 3774 1402 3811 om.
1429 3756 1483 3809 L
1593 3758 1657 3811 10
1684 3755 1818 3810 nulli
1844 3758 1984 3811 HL¹
2092 3756 2214 3810 abto
2233 3758 2319 3812 H¹
2416 3761 2476 3814 11
2507 3757 2611 3811 orti
2636 3758 2707 3812 H
2712 3768 2719 3772 ·

404 3885 597 3939 iuniori
634 3886 720 3939 Ηι
829 3887 893 3941 12
930 3884 1204 3939 ret-euehat
1240 3887 1322 3940 H¹
1432 3852 1745 3953 subffebatur
1770 3888 1838 3941 H
1941 3888 2004 3942 13
2042 3884 2373 3959 oboedientie
2400 3888 2453 3943 L
2560 3886 2697 3941 desi-

406 3971 586 4043 derate
624 3973 759 4027 HT:
796 3974 864 4041 cf.
895 3989 953 4041 p.
984 3977 1066 4041 68,
1091 3976 1162 4026 24
1304 3976 1369 4029 16
1416 3972 1603 4028 cottid.
1638 3975 1716 4028 L2
1860 3975 1923 4029 17
1970 3973 2241 4042 conpleuit
2286 3974 2566 4044 cumplura
2610 3976 2694 4029 H¹

405 4076 529 4113 uero
567 4078 667 4117 om.
706 4060 816 4114 L¹v
921 4076 1109 4127 uerum
1147 4060 1309 4114 etiam
1348 4062 1416 4115 H
1479 4078 1669 4114 uerum
1706 4061 1869 4114 etiam
1898 4062 1965 4116 Τ1
2107 4064 2174 4116 20
2213 4061 2514 4115 delitiscens
2545 4063 2695 4117 G¹L¹

407 4146 727 4201 deletescens
748 4148 832 4202 H¹
905 4144 1219 4201 deletiscens
1242 4149 1292 4202 T
1391 4149 1703 4202 uniuersum
1725 4149 1778 4201 L
1882 4150 1945 4203 21
1975 4144 2209 4216 undique
2230 4150 2281 4202 L
2378 4148 2614 4203 tamdem
2634 4150 2703 4204 H

406 4280 474 4333 22
509 4282 830 4333 commearet
864 4281 949 4334 Ηι
1078 4280 1146 4333 23
1183 4278 1326 4331 offici
1365 4280 1446 4333 Ηι
1572 4281 1639 4333 24
1678 4236 1907 4332 ἒίρήὶηιε
1944 4284 2140 4331 terram
2177 4277 2389 4331 laxabat
2426 4279 2477 4333 L
2594 4279 2696 4332 hu-

405 4364 566 4419 meris
601 4366 772 4421 HLT
871 4368 938 4421 25
975 4364 1257 4420 intendens
1295 4368 1364 4421 H
