3167 4975
492 459 619 523 194
1302 459 1621 512 Iohannis
1664 457 1963 514 Cassiani

574 635 657 699 H.
707 634 884 716 Quod
930 634 1270 699 cenodoxia
1313 653 1438 698 non
1484 635 1692 699 solum
1737 635 1799 698 in
1856 639 2034 716 parte
2095 635 2349 716 carnali,
2414 635 2521 700 sed
2584 635 2778 699 etiam

488 741 553 805 in
601 740 868 822 spiritali
911 740 1292 804 monachum
1335 741 1564 824 pulset.

574 845 691 910 111.
740 844 918 925 Quod
964 845 1299 910 cenodoxia
1345 845 1673 926 multiplex
1720 845 1805 908 sit
1850 863 1921 908 ac
1966 843 2389 909 multiformis,

574 949 726 1014 1111.
775 947 1098 1030 Quomodo
1143 949 1478 1014 cenodoxia
1523 949 1903 1014 monachum
1950 967 1987 1013 a
2031 949 2263 1013 dextris
2312 952 2374 1013 et
2418 967 2455 1013 a
2508 949 2781 1013 sinistris

487 1057 814 1140 inpugnet.
2864 1081 2895 1120 s

573 1159 652 1224 V.
701 1159 840 1240 Qua
883 1159 1325 1242 conparatione
1372 1161 1758 1224 monstretur
1803 1163 2029 1224 natura
2072 1159 2464 1224 cenodoxiae.

577 1265 688 1329 VI.
738 1264 916 1345 Quod
963 1263 1300 1329 cenodoxia
1343 1283 1458 1328 nec
1503 1263 1808 1328 beneficio
1856 1263 2212 1328 solitudinis
2260 1264 2679 1348 extinguatur.

577 1369 719 1434 VII.
770 1368 945 1451 Quod
1009 1368 1373 1450 cenodoxia,
1443 1387 1590 1432 cum
1652 1369 1891 1433 deiecta
1942 1369 2161 1450 fuerit,
2230 1369 2431 1432 acrius
2492 1373 2784 1452 resurgat

493 1475 570 1539 ad
614 1476 873 1539 luctam.

578 1578 753 1643 VIII.
802 1578 980 1659 Quod
1025 1577 1363 1642 cenodoxia
1406 1595 1522 1642 nec
1567 1578 1823 1642 heremo
1871 1596 1985 1641 nec
2031 1580 2237 1642 aetate
2286 1577 2625 1642 deferueat.
2842 1605 2899 1643 ιο

579 1683 787 1748 VIIII.
837 1682 1016 1763 Quod
1062 1682 1400 1747 cenodoxia
1442 1683 1847 1764 periculosior
1892 1683 1977 1746 sit
2021 1683 2365 1746 uirtutibus
2410 1683 2625 1746 mixta.

577 1789 656 1852 X.
689 1787 1062 1869 Exemplum
1109 1788 1276 1871 regis
1307 1787 1634 1868 Ezechiae,
1680 1787 2212 1870 quemadmodum
2254 1787 2378 1851 telo
2411 1787 2783 1851 cenodoxiae

494 1894 772 1958 deiectus
819 1893 1027 1956 fuerit.

578 1997 689 2062 XI.
737 1997 1112 2078 Exemplum
1157 1997 1323 2081 regis
1371 1996 1557 2061 Oziae
1606 1997 1886 2061 eiusdem
1932 1997 2135 2061 morbi
2180 1997 2322 2061 labe
2370 1997 2663 2079 superati.

579 2103 723 2167 XII.
772 2102 1042 2166 Diuersa
1087 2102 1447 2166 testimonia
1491 2105 1713 2166 contra
1757 2102 2179 2166 cenodoxiam.
2845 2129 2901 2166 15

579 2207 756 2272 XIII.
806 2205 1045 2287 Quibus
1093 2206 1294 2270 modis
1340 2207 1677 2271 cenodoxia
1724 2207 2100 2270 monachum
2144 2207 2371 2288 pulset.

581 2311 790 2377 XIIII.
840 2310 1380 2391 Quemadmodum
1431 2311 1767 2376 cenodoxia
1812 2311 2142 2376 clericatus
2188 2311 2455 2395 gradum
2488 2314 2788 2394 suggerat

496 2416 922 2481 ambiendum.

580 2522 717 2586 XV.
767 2520 1087 2602 Quomodo
1135 2521 1471 2586 cenodoxia
1518 2524 1799 2585 mentem
1843 2520 2129 2585 inebriet.

583 2625 753 2691 XVI.
803 2626 898 2690 De
945 2644 1037 2707 ec,
1084 2645 1272 2708 quem
1319 2646 1508 2691 senex
1555 2627 2003 2708 superueniens
2050 2626 2323 2708 repperit
2367 2627 2433 2689 in
2481 2626 2641 2689 cella
2684 2645 2789 2689 ce·
2846 2650 2907 2689 20

499 2731 796 2797 nodoxiae
843 2731 1124 2794 uanitate
1172 2730 1398 2795 deludi.

583 2836 785 2901 XVII.
836 2835 1014 2917 Quod
1061 2836 1244 2900 aliter
1289 2837 1447 2900 uitia
1493 2838 1697 2900 curari
1745 2855 1868 2900 non
1914 2837 2179 2919 possint,
2242 2836 2364 2899 nisi
2426 2854 2641 2900 eorum
2686 2854 2789 2899 ra-

497 2942 666 3006 dices
715 2944 778 3004 et
823 2959 1048 3005 causae
1095 2941 1328 3005 fuerint
1372 2941 1749 3023 publicatae.

585 3044 819 3110 XVIII.
857 3044 1033 3126 Quod
1079 3046 1424 3110 monachus
1473 3046 1672 3110 uitare
1720 3044 1945 3109 debeat
1989 3046 2285 3110 mulieres
2334 3050 2397 3109 et
2443 3045 2783 3126 episcopos,

585 3149 854 3215 XVIIII.
902 3150 1206 3214 Remedia
1249 3149 1475 3232 quibus
1523 3150 1923 3215 cenodoxiam
1972 3168 2267 3232 superare
2310 3150 2645 3232 possimus,
2850 3174 2908 3214 25

590 3342 616 3395 1
665 3338 954 3411 cenodoxia
989 3342 1042 3395 L
1184 3342 1218 3395 2
1261 3340 1318 3394 in
1367 3358 1467 3396 ont.
1505 3341 1627 3395 HT
1759 3344 1792 3395 3
1839 3339 2126 3411 cenodoxia
2162 3341 2215 3395 L
2257 3341 2510 3409 (passim)
2650 3340 2723 3395 sit
2758 3356 2795 3393 a

501 3428 687 3482 multis
725 3426 913 3481 formis
947 3428 1017 3483 H
1080 3427 1440 3482 multiformes
1468 3430 1544 3483 L¹
1650 3431 1685 3482 4
1722 3427 1863 3496 quod
1889 3429 1956 3483 H
2022 3426 2327 3496 quodmodo
2360 3428 2411 3481 T
2508 3431 2540 3483 6
2578 3428 2703 3495 quia
2726 3428 2799 3483 H

500 3518 722 3569 naturae
767 3516 821 3569 L
931 3518 962 3569 7
1011 3514 1286 3568 cinodoxia
1330 3516 1400 3571 H
1438 3516 1691 3585 (passim)
1798 3518 1863 3571 10
1908 3515 2151 3569 castitate
2192 3516 2312 3569 HT
2413 3518 2477 3570 12
2514 3530 2791 3583 quemam-

502 3602 722 3657 modum
759 3604 812 3658 L
921 3602 1198 3656 cinodoxia
1222 3603 1292 3657 H
1357 3601 1643 3657 cenodoxia
1676 3603 1729 3656 L
1840 3604 1903 3657 15
1943 3601 2097 3661 Oziac
2134 3602 2345 3655 diuersa
2368 3603 2423 3656 L
2531 3604 2594 3657 16
2626 3617 2791 3670 cyno-

501 3690 654 3743 doxia
700 3692 770 3746 H
904 3692 968 3745 1¹7
1015 3689 1300 3744 cenodoxia
1347 3690 1418 3745 T.-
1461 3689 1755 3758 cynodoxia
1790 3691 1867 3757 H,
1914 3708 2015 3745 om.
2054 3691 2142 3745 Lv
2290 3692 2349 3745 19
2394 3688 2683 3757 cynodoxia
2727 3690 2800 3745 H

500 3782 569 3833 20
605 3776 796 3831 cellula
831 3794 927 3831 sua
951 3779 1004 3832 L
1110 3780 1174 3833 21
1217 3776 1422 3832 deludit
1450 3779 1503 3832 L
1620 3780 1687 3832 22
1722 3777 1893 3847 possit
1924 3779 1977 3832 L
2109 3794 2291 3831 earum
2328 3778 2381 3831 L
2488 3779 2556 3832 23
2591 3774 2791 3845 plubli-

502 3868 616 3919 cate
662 3866 715 3919 L
847 3868 915 3920 24
965 3865 1194 3919 uitatare
1231 3865 1300 3919 H
1423 3864 1700 3934 episcopus
1738 3866 1855 3919 HT
1974 3866 2041 3919 25
2079 3863 2423 3932 cynodoxiam
2462 3864 2531 3918 H
2602 3879 2793 3916 caeno-

504 3951 658 4005 doxia
692 3954 746 4007 L
853 3968 1100 4020 superare
1145 3953 1284 4006 HT:
1331 3953 1499 4005 uitare
1535 3953 1623 4007 Lr
1721 3951 1921 4019 Incipit
1967 3950 2030 4004 de
2076 3951 2267 4020 spiritu
2306 3950 2617 4004 cenodoxiae
2654 3949 2796 4003 liber

503 4038 815 4092 undecimus
855 4040 906 4095 G
995 4038 1302 4107 Expliciunt
1337 4038 1500 4093 tituli.
1585 4038 1741 4108 Incisi
1776 4041 1949 4093 textus
1996 4036 2233 4091 eiusdem
2269 4037 2395 4091 libri
2430 4039 2483 4092 L
2524 4038 2667 4092 nihil
2704 4039 2793 4092 in-

502 4128 767 4195 scriptum
801 4127 864 4182 in
899 4127 969 4181 H

1443 4322 1853 4331 ..—
