<?xml version="1.0" encoding="UTF-8"?>
<!DOCTYPE html PUBLIC "-//W3C//DTD XHTML 1.0 Transitional//EN"
    "http://www.w3.org/TR/xhtml1/DTD/xhtml1-transitional.dtd">
<html xmlns="http://www.w3.org/1999/xhtml" xml:lang="en" lang="en">
 <head>
  <title>
</title>
<meta http-equiv="Content-Type" content="text/html;charset=utf-8" />
  <meta name='ocr-system' content='tesseract 3.04.00' />
  <meta name='ocr-capabilities' content='ocr_page ocr_carea ocr_par ocr_line ocrx_word'/>
</head>
<body>
  <div class='ocr_page' id='page_1' title='image "./corpusscriptoru28wissgoog_0337.png"; bbox 0 0 3167 4975; ppageno 0'>
   <div class='ocr_carea' id='block_1_1' title="bbox 1149 425 2668 492">
    <p class='ocr_par' dir='ltr' id='par_1_1' title="bbox 1149 425 2668 492">
     <span class='ocr_line' id='line_1_1' title="bbox 1149 425 2668 492; baseline 0.009 -13"><span class='ocrx_word' id='word_1_1' title='bbox 1149 427 1310 480; x_wconf 80' lang='lat' dir='ltr'>Inst.</span> <span class='ocrx_word' id='word_1_2' title='bbox 1347 425 1458 480; x_wconf 88' lang='lat' dir='ltr'>lib.</span> <span class='ocrx_word' id='word_1_3' title='bbox 1496 426 1593 490; x_wconf 86' lang='lat' dir='ltr'>XI,</span> <span class='ocrx_word' id='word_1_4' title='bbox 1634 429 1713 482; x_wconf 91' lang='lat'>19.</span> <span class='ocrx_word' id='word_1_5' title='bbox 1770 425 1893 482; x_wconf 80' lang='lat' dir='ltr'>XII.</span> <span class='ocrx_word' id='word_1_6' title='bbox 2540 427 2668 492; x_wconf 78' lang='grc'>205</span> 
     </span>
    </p>
   </div>
   <div class='ocr_carea' id='block_1_2' title="bbox 465 599 2669 682">
    <p class='ocr_par' dir='ltr' id='par_1_2' title="bbox 465 599 2669 682">
     <span class='ocr_line' id='line_1_2' title="bbox 465 599 2669 682; baseline 0 -18"><span class='ocrx_word' id='word_1_7' title='bbox 465 600 574 664; x_wconf 91' lang='lat' dir='ltr'>VI.</span> <span class='ocrx_word' id='word_1_8' title='bbox 623 600 800 680; x_wconf 85' lang='lat' dir='ltr'>Quod</span> <span class='ocrx_word' id='word_1_9' title='bbox 846 599 1172 682; x_wconf 82' lang='lat' dir='ltr'><strong>superbiae</strong></span> <span class='ocrx_word' id='word_1_10' title='bbox 1218 602 1462 682; x_wconf 87' lang='lat' dir='ltr'>uitium,</span> <span class='ocrx_word' id='word_1_11' title='bbox 1509 620 1655 665; x_wconf 90' lang='lat' dir='ltr'>cum</span> <span class='ocrx_word' id='word_1_12' title='bbox 1701 603 1783 665; x_wconf 92' lang='lat' dir='ltr'>sit</span> <span class='ocrx_word' id='word_1_13' title='bbox 1824 603 1889 666; x_wconf 92' lang='lat' dir='ltr'>in</span> <span class='ocrx_word' id='word_1_14' title='bbox 1935 601 2148 666; x_wconf 85' lang='lat' dir='ltr'>ordine</span> <span class='ocrx_word' id='word_1_15' title='bbox 2195 602 2669 666; x_wconf 87' lang='lat' dir='ltr'>conluctationis</span> 
     </span>
    </p>
   </div>
   <div class='ocr_carea' id='block_1_3' title="bbox 303 707 2189 789">
    <p class='ocr_par' dir='ltr' id='par_1_3' title="bbox 303 707 2189 789">
     <span class='ocr_line' id='line_1_3' title="bbox 303 707 2189 789; baseline 0.002 -23"><span class='ocrx_word' id='word_1_16' title='bbox 303 729 320 746; x_wconf 93' lang='lat'><strong>·</strong></span> <span class='ocrx_word' id='word_1_17' title='bbox 378 707 746 785; x_wconf 85' lang='lat' dir='ltr'>extremum,</span> <span class='ocrx_word' id='word_1_18' title='bbox 793 708 1073 786; x_wconf 91' lang='lat' dir='ltr'>tempore</span> <span class='ocrx_word' id='word_1_19' title='bbox 1121 709 1335 769; x_wconf 86' lang='lat' dir='ltr'>tamen</span> <span class='ocrx_word' id='word_1_20' title='bbox 1382 708 1446 769; x_wconf 87' lang='lat' dir='ltr'>et</span> <span class='ocrx_word' id='word_1_21' title='bbox 1489 707 1725 789; x_wconf 87' lang='lat' dir='ltr'>origine</span> <span class='ocrx_word' id='word_1_22' title='bbox 1770 707 2043 788; x_wconf 87' lang='lat' dir='ltr'>primum</span> <span class='ocrx_word' id='word_1_23' title='bbox 2093 707 2189 770; x_wconf 89' lang='lat' dir='ltr'>sit.</span> 
     </span>
    </p>
   </div>
   <div class='ocr_carea' id='block_1_4' title="bbox 295 1046 320 1085">
    <p class='ocr_par' dir='ltr' id='par_1_4' title="bbox 295 1046 320 1085">
     <span class='ocr_line' id='line_1_4' title="bbox 295 1046 320 1085; baseline 0 0"><span class='ocrx_word' id='word_1_24' title='bbox 295 1046 320 1085; x_wconf 85' lang='lat'>5</span> 
     </span>
    </p>
   </div>
   <div class='ocr_carea' id='block_1_5' title="bbox 375 806 2670 1393">
    <p class='ocr_par' dir='ltr' id='par_1_5' title="bbox 376 806 2669 978">
     <span class='ocr_line' id='line_1_5' title="bbox 464 806 2669 891; baseline 0.001 -20"><span class='ocrx_word' id='word_1_25' title='bbox 464 808 604 872; x_wconf 93' lang='lat' dir='ltr'>VII.</span> <span class='ocrx_word' id='word_1_26' title='bbox 639 806 817 888; x_wconf 84' lang='lat' dir='ltr'>Quod</span> <span class='ocrx_word' id='word_1_27' title='bbox 861 812 1108 872; x_wconf 88' lang='lat' dir='ltr'>tantum</span> <span class='ocrx_word' id='word_1_28' title='bbox 1155 811 1236 873; x_wconf 88' lang='lat' dir='ltr'>sit</span> <span class='ocrx_word' id='word_1_29' title='bbox 1280 809 1518 872; x_wconf 85' lang='lat' dir='ltr'>malum</span> <span class='ocrx_word' id='word_1_30' title='bbox 1567 808 1915 891; x_wconf 83' lang='lat' dir='ltr'>superbiae,</span> <span class='ocrx_word' id='word_1_31' title='bbox 1962 813 2033 874; x_wconf 91' lang='lat' dir='ltr'>ut</span> <span class='ocrx_word' id='word_1_32' title='bbox 2077 810 2283 891; x_wconf 90' lang='lat' dir='ltr'>ipsum</span> <span class='ocrx_word' id='word_1_33' title='bbox 2330 809 2517 874; x_wconf 91' lang='lat' dir='ltr'>deum</span> <span class='ocrx_word' id='word_1_34' title='bbox 2560 810 2669 874; x_wconf 85' lang='lat' dir='ltr'>ad-</span> 
     </span>
     <span class='ocr_line' id='line_1_6' title="bbox 376 911 1379 978; baseline 0.001 -3"><span class='ocrx_word' id='word_1_35' title='bbox 376 911 725 976; x_wconf 88' lang='lat' dir='ltr'>uersarium</span> <span class='ocrx_word' id='word_1_36' title='bbox 769 911 1001 977; x_wconf 88' lang='lat' dir='ltr'>habere</span> <span class='ocrx_word' id='word_1_37' title='bbox 1047 917 1379 978; x_wconf 87' lang='lat' dir='ltr'>mereatur.</span> 
     </span>
    </p>

    <p class='ocr_par' dir='ltr' id='par_1_6' title="bbox 375 1015 2670 1204">
     <span class='ocr_line' id='line_1_7' title="bbox 463 1015 2670 1100; baseline 0.001 -20"><span class='ocrx_word' id='word_1_38' title='bbox 463 1015 639 1081; x_wconf 88' lang='lat' dir='ltr'>VIII.</span> <span class='ocrx_word' id='word_1_39' title='bbox 689 1015 1234 1097; x_wconf 85' lang='lat' dir='ltr'>Quemadmodum</span> <span class='ocrx_word' id='word_1_40' title='bbox 1281 1017 1434 1081; x_wconf 90' lang='lat' dir='ltr'>deus</span> <span class='ocrx_word' id='word_1_41' title='bbox 1481 1017 1839 1100; x_wconf 84' lang='lat' dir='ltr'>superbiam</span> <span class='ocrx_word' id='word_1_42' title='bbox 1886 1018 2118 1082; x_wconf 88' lang='lat' dir='ltr'>diaboli</span> <span class='ocrx_word' id='word_1_43' title='bbox 2170 1020 2401 1083; x_wconf 90' lang='lat' dir='ltr'>uirtute</span> <span class='ocrx_word' id='word_1_44' title='bbox 2463 1019 2670 1082; x_wconf 90' lang='lat' dir='ltr'>humi-</span> 
     </span>
     <span class='ocr_line' id='line_1_8' title="bbox 375 1120 2180 1204; baseline 0.001 -20"><span class='ocrx_word' id='word_1_45' title='bbox 375 1120 568 1184; x_wconf 88' lang='lat' dir='ltr'>litatis</span> <span class='ocrx_word' id='word_1_46' title='bbox 616 1122 960 1202; x_wconf 81' lang='lat' dir='ltr'>extinxerit,</span> <span class='ocrx_word' id='word_1_47' title='bbox 1009 1124 1071 1185; x_wconf 88' lang='lat' dir='ltr'>et</span> <span class='ocrx_word' id='word_1_48' title='bbox 1117 1122 1364 1186; x_wconf 84' lang='lat' dir='ltr'>diuersa</span> <span class='ocrx_word' id='word_1_49' title='bbox 1411 1141 1597 1204; x_wconf 90' lang='lat' dir='ltr'>super</span> <span class='ocrx_word' id='word_1_50' title='bbox 1642 1122 1760 1187; x_wconf 91' lang='lat' dir='ltr'>hoc</span> <span class='ocrx_word' id='word_1_51' title='bbox 1806 1123 2180 1187; x_wconf 84' lang='lat' dir='ltr'>testimonia.</span> 
     </span>
    </p>

    <p class='ocr_par' dir='ltr' id='par_1_7' title="bbox 378 1223 2670 1393">
     <span class='ocr_line' id='line_1_9' title="bbox 463 1223 2670 1309; baseline 0.001 -21"><span class='ocrx_word' id='word_1_52' title='bbox 463 1224 672 1289; x_wconf 91' lang='lat' dir='ltr'>VIIII.</span> <span class='ocrx_word' id='word_1_53' title='bbox 723 1223 1265 1306; x_wconf 85' lang='lat' dir='ltr'>Quemadmodum</span> <span class='ocrx_word' id='word_1_54' title='bbox 1310 1244 1424 1291; x_wconf 93' lang='lat' dir='ltr'>nos</span> <span class='ocrx_word' id='word_1_55' title='bbox 1469 1243 1714 1309; x_wconf 89' lang='lat' dir='ltr'>quoque</span> <span class='ocrx_word' id='word_1_56' title='bbox 1762 1225 2119 1309; x_wconf 87' lang='lat' dir='ltr'>superbiam</span> <span class='ocrx_word' id='word_1_57' title='bbox 2175 1245 2467 1308; x_wconf 91' lang='lat' dir='ltr'>superare</span> <span class='ocrx_word' id='word_1_58' title='bbox 2525 1245 2670 1309; x_wconf 87' lang='lat' dir='ltr'>pos-</span> 
     </span>
     <span class='ocr_line' id='line_1_10' title="bbox 378 1347 593 1393; baseline 0 -1"><span class='ocrx_word' id='word_1_59' title='bbox 378 1347 593 1393; x_wconf 74' lang='lat' dir='ltr'>simus</span> 
     </span>
    </p>
   </div>
   <div class='ocr_carea' id='block_1_6' title="bbox 464 1432 2669 1517">
    <p class='ocr_par' dir='ltr' id='par_1_8' title="bbox 464 1432 2669 1517">
     <span class='ocr_line' id='line_1_11' title="bbox 464 1432 2669 1517; baseline -0 -19"><span class='ocrx_word' id='word_1_60' title='bbox 464 1435 541 1498; x_wconf 87' lang='lat' dir='ltr'>X.</span> <span class='ocrx_word' id='word_1_61' title='bbox 591 1432 766 1513; x_wconf 82' lang='lat' dir='ltr'>Quod</span> <span class='ocrx_word' id='word_1_62' title='bbox 813 1452 996 1499; x_wconf 92' lang='lat' dir='ltr'>nemo</span> <span class='ocrx_word' id='word_1_63' title='bbox 1041 1435 1238 1516; x_wconf 89' lang='lat' dir='ltr'>possit</span> <span class='ocrx_word' id='word_1_64' title='bbox 1279 1435 1727 1516; x_wconf 77' lang='lat' dir='ltr'>perfectionem</span> <span class='ocrx_word' id='word_1_65' title='bbox 1774 1437 2083 1500; x_wconf 91' lang='lat' dir='ltr'>uirtutum</span> <span class='ocrx_word' id='word_1_66' title='bbox 2130 1437 2230 1500; x_wconf 91' lang='lat' dir='ltr'>uel</span> <span class='ocrx_word' id='word_1_67' title='bbox 2292 1435 2669 1517; x_wconf 86' lang='lat' dir='ltr'>promissam</span> 
     </span>
    </p>
   </div>
   <div class='ocr_carea' id='block_1_7' title="bbox 271 1537 1929 1610">
    <p class='ocr_par' dir='ltr' id='par_1_9' title="bbox 271 1537 1929 1610">
     <span class='ocr_line' id='line_1_12' title="bbox 271 1537 1929 1610; baseline -0.002 -4"><span class='ocrx_word' id='word_1_68' title='bbox 271 1571 324 1610; x_wconf 76' lang='grc' dir='ltr'>ιο</span> <span class='ocrx_word' id='word_1_69' title='bbox 376 1537 828 1602; x_wconf 81' lang='lat' dir='ltr'>beatitudinem</span> <span class='ocrx_word' id='word_1_70' title='bbox 875 1540 1003 1602; x_wconf 90' lang='lat' dir='ltr'>suis</span> <span class='ocrx_word' id='word_1_71' title='bbox 1049 1542 1299 1603; x_wconf 89' lang='lat' dir='ltr'>tantum</span> <span class='ocrx_word' id='word_1_72' title='bbox 1345 1538 1582 1603; x_wconf 90' lang='lat' dir='ltr'>uiribus</span> <span class='ocrx_word' id='word_1_73' title='bbox 1631 1539 1929 1604; x_wconf 88' lang='lat' dir='ltr'>obtinere.</span> 
     </span>
    </p>
   </div>
   <div class='ocr_carea' id='block_1_8' title="bbox 380 1641 2669 1829">
    <p class='ocr_par' dir='ltr' id='par_1_10' title="bbox 380 1641 2669 1829">
     <span class='ocr_line' id='line_1_13' title="bbox 463 1641 2669 1724; baseline 0.001 -18"><span class='ocrx_word' id='word_1_74' title='bbox 463 1641 574 1706; x_wconf 93' lang='lat' dir='ltr'>XI.</span> <span class='ocrx_word' id='word_1_75' title='bbox 608 1643 981 1724; x_wconf 82' lang='lat' dir='ltr'>Exemplum</span> <span class='ocrx_word' id='word_1_76' title='bbox 1025 1644 1286 1707; x_wconf 87' lang='lat' dir='ltr'>latronis</span> <span class='ocrx_word' id='word_1_77' title='bbox 1335 1644 1466 1707; x_wconf 91' lang='lat' dir='ltr'>siue</span> <span class='ocrx_word' id='word_1_78' title='bbox 1505 1643 1713 1708; x_wconf 89' lang='lat' dir='ltr'>Dauid</span> <span class='ocrx_word' id='word_1_79' title='bbox 1759 1645 1858 1708; x_wconf 90' lang='lat' dir='ltr'>uel</span> <span class='ocrx_word' id='word_1_80' title='bbox 1906 1645 2248 1709; x_wconf 88' lang='lat' dir='ltr'>uocationis</span> <span class='ocrx_word' id='word_1_81' title='bbox 2296 1648 2544 1710; x_wconf 89' lang='lat' dir='ltr'>nostrae</span> <span class='ocrx_word' id='word_1_82' title='bbox 2592 1643 2669 1708; x_wconf 87' lang='lat' dir='ltr'>ad</span> 
     </span>
     <span class='ocr_line' id='line_1_14' title="bbox 380 1745 1408 1829; baseline 0.003 -21"><span class='ocrx_word' id='word_1_83' title='bbox 380 1745 476 1809; x_wconf 89' lang='lat' dir='ltr'>dei</span> <span class='ocrx_word' id='word_1_84' title='bbox 521 1747 788 1829; x_wconf 81' lang='lat' dir='ltr'>gratiam</span> <span class='ocrx_word' id='word_1_85' title='bbox 835 1745 1408 1812; x_wconf 78' lang='lat' dir='ltr'>demonstrandam.</span> 
     </span>
    </p>
   </div>
   <div class='ocr_carea' id='block_1_9' title="bbox 379 1849 2671 2036">
    <p class='ocr_par' dir='ltr' id='par_1_11' title="bbox 379 1849 2671 2036">
     <span class='ocr_line' id='line_1_15' title="bbox 465 1849 2671 1935; baseline 0.001 -21"><span class='ocrx_word' id='word_1_86' title='bbox 465 1849 608 1914; x_wconf 92' lang='lat' dir='ltr'>XII.</span> <span class='ocrx_word' id='word_1_87' title='bbox 645 1849 822 1932; x_wconf 85' lang='lat' dir='ltr'>Quod</span> <span class='ocrx_word' id='word_1_88' title='bbox 853 1851 1064 1916; x_wconf 91' lang='lat' dir='ltr'>nullus</span> <span class='ocrx_word' id='word_1_89' title='bbox 1097 1853 1178 1916; x_wconf 90' lang='lat' dir='ltr'>sit</span> <span class='ocrx_word' id='word_1_90' title='bbox 1222 1851 1420 1932; x_wconf 88' lang='lat' dir='ltr'>labor,</span> <span class='ocrx_word' id='word_1_91' title='bbox 1466 1853 1572 1934; x_wconf 91' lang='lat' dir='ltr'>qui</span> <span class='ocrx_word' id='word_1_92' title='bbox 1616 1853 1813 1935; x_wconf 77' lang='lat' dir='ltr'>possit</span> <span class='ocrx_word' id='word_1_93' title='bbox 1842 1853 2256 1935; x_wconf 87' lang='lat' dir='ltr'>repromissae</span> <span class='ocrx_word' id='word_1_94' title='bbox 2303 1853 2671 1918; x_wconf 85' lang='lat' dir='ltr'>beatitudini</span> 
     </span>
     <span class='ocr_line' id='line_1_16' title="bbox 379 1971 716 2036; baseline 0.006 -19"><span class='ocrx_word' id='word_1_95' title='bbox 379 1971 716 2036; x_wconf 78' lang='lat' dir='ltr'>conpararl.</span> 
     </span>
    </p>
   </div>
   <div class='ocr_carea' id='block_1_10' title="bbox 379 2059 2673 3087">
    <p class='ocr_par' dir='ltr' id='par_1_12' title="bbox 465 2059 2265 2144">
     <span class='ocr_line' id='line_1_17' title="bbox 465 2059 2265 2144; baseline 0.002 -22"><span class='ocrx_word' id='word_1_96' title='bbox 465 2059 640 2122; x_wconf 90' lang='lat' dir='ltr'>XIII.</span> <span class='ocrx_word' id='word_1_97' title='bbox 691 2059 963 2124; x_wconf 81' lang='lat' dir='ltr'>Traditio</span> <span class='ocrx_word' id='word_1_98' title='bbox 1011 2061 1327 2124; x_wconf 91' lang='lat' dir='ltr'>seniorum</span> <span class='ocrx_word' id='word_1_99' title='bbox 1375 2060 1449 2124; x_wconf 90' lang='lat' dir='ltr'>de</span> <span class='ocrx_word' id='word_1_100' title='bbox 1496 2061 1933 2144; x_wconf 88' lang='lat' dir='ltr'>consequenda</span> <span class='ocrx_word' id='word_1_101' title='bbox 1975 2063 2265 2144; x_wconf 88' lang='lat' dir='ltr'>puritate.</span> 
     </span>
    </p>

    <p class='ocr_par' dir='ltr' id='par_1_13' title="bbox 465 2161 2315 2244">
     <span class='ocr_line' id='line_1_18' title="bbox 465 2161 2315 2244; baseline 0.002 -18"><span class='ocrx_word' id='word_1_102' title='bbox 465 2163 673 2227; x_wconf 91' lang='lat' dir='ltr'>XIIII.</span> <span class='ocrx_word' id='word_1_103' title='bbox 723 2161 900 2244; x_wconf 85' lang='lat' dir='ltr'>Quod</span> <span class='ocrx_word' id='word_1_104' title='bbox 945 2164 1320 2228; x_wconf 87' lang='lat' dir='ltr'>adiutorium</span> <span class='ocrx_word' id='word_1_105' title='bbox 1366 2165 1465 2228; x_wconf 92' lang='lat' dir='ltr'>dei</span> <span class='ocrx_word' id='word_1_106' title='bbox 1512 2165 1941 2230; x_wconf 85' lang='lat' dir='ltr'>laborantibus</span> <span class='ocrx_word' id='word_1_107' title='bbox 1988 2167 2315 2231; x_wconf 83' lang='lat' dir='ltr'>tribuatur.</span> 
     </span>
    </p>

    <p class='ocr_par' dir='ltr' id='par_1_14' title="bbox 465 2267 2330 2351">
     <span class='ocr_line' id='line_1_19' title="bbox 465 2267 2330 2351; baseline 0.001 -19"><span class='ocrx_word' id='word_1_108' title='bbox 465 2267 600 2332; x_wconf 90' lang='lat' dir='ltr'>XV.</span> <span class='ocrx_word' id='word_1_109' title='bbox 647 2267 707 2332; x_wconf 92' lang='lat' dir='ltr'>A</span> <span class='ocrx_word' id='word_1_110' title='bbox 754 2268 979 2350; x_wconf 89' lang='lat' dir='ltr'>quibus</span> <span class='ocrx_word' id='word_1_111' title='bbox 1025 2269 1420 2351; x_wconf 86' lang='lat' dir='ltr'>perfectionis</span> <span class='ocrx_word' id='word_1_112' title='bbox 1467 2270 1639 2333; x_wconf 90' lang='lat' dir='ltr'>uiam</span> <span class='ocrx_word' id='word_1_113' title='bbox 1686 2270 1923 2334; x_wconf 89' lang='lat' dir='ltr'>discere</span> <span class='ocrx_word' id='word_1_114' title='bbox 1972 2270 2330 2336; x_wconf 88' lang='lat' dir='ltr'>debeamus.</span> 
     </span>
    </p>

    <p class='ocr_par' dir='ltr' id='par_1_15' title="bbox 379 2372 2669 2562">
     <span class='ocr_line' id='line_1_20' title="bbox 465 2372 2669 2458; baseline 0.001 -23"><span class='ocrx_word' id='word_1_115' title='bbox 465 2372 632 2436; x_wconf 87' lang='lat' dir='ltr'>XVI.</span> <span class='ocrx_word' id='word_1_116' title='bbox 680 2372 820 2436; x_wconf 92' lang='lat' dir='ltr'>Non</span> <span class='ocrx_word' id='word_1_117' title='bbox 866 2391 1048 2456; x_wconf 90' lang='lat' dir='ltr'>posse</span> <span class='ocrx_word' id='word_1_118' title='bbox 1096 2392 1208 2438; x_wconf 89' lang='lat' dir='ltr'>nos</span> <span class='ocrx_word' id='word_1_119' title='bbox 1257 2375 1390 2439; x_wconf 87' lang='lat' dir='ltr'>sine</span> <span class='ocrx_word' id='word_1_120' title='bbox 1436 2376 1861 2440; x_wconf 85' lang='lat' dir='ltr'>misericordia</span> <span class='ocrx_word' id='word_1_121' title='bbox 1908 2381 1970 2440; x_wconf 92' lang='lat' dir='ltr'>et</span> <span class='ocrx_word' id='word_1_122' title='bbox 2015 2376 2417 2458; x_wconf 87' lang='lat' dir='ltr'>inspiratione</span> <span class='ocrx_word' id='word_1_123' title='bbox 2462 2376 2559 2438; x_wconf 86' lang='lat' dir='ltr'>dei</span> <span class='ocrx_word' id='word_1_124' title='bbox 2592 2376 2669 2439; x_wconf 89' lang='lat' dir='ltr'>ad</span> 
     </span>
     <span class='ocr_line' id='line_1_21' title="bbox 379 2477 2128 2562; baseline 0.004 -23"><span class='ocrx_word' id='word_1_125' title='bbox 379 2477 585 2559; x_wconf 87' lang='lat' dir='ltr'>ipsum</span> <span class='ocrx_word' id='word_1_126' title='bbox 630 2477 909 2543; x_wconf 90' lang='lat' dir='ltr'>laborem</span> <span class='ocrx_word' id='word_1_127' title='bbox 955 2477 1327 2544; x_wconf 89' lang='lat' dir='ltr'>obtinendae</span> <span class='ocrx_word' id='word_1_128' title='bbox 1372 2479 1769 2562; x_wconf 88' lang='lat' dir='ltr'>perfectionis</span> <span class='ocrx_word' id='word_1_129' title='bbox 1818 2480 2128 2545; x_wconf 83' lang='lat' dir='ltr'>accedere.</span> 
     </span>
    </p>

    <p class='ocr_par' dir='ltr' id='par_1_16' title="bbox 380 2582 2670 2772">
     <span class='ocr_line' id='line_1_22' title="bbox 465 2582 2670 2667; baseline 0.001 -20"><span class='ocrx_word' id='word_1_130' title='bbox 465 2582 667 2647; x_wconf 89' lang='lat' dir='ltr'>XVII.</span> <span class='ocrx_word' id='word_1_131' title='bbox 683 2583 1068 2649; x_wconf 83' lang='lat' dir='ltr'>Testimouia</span> <span class='ocrx_word' id='word_1_132' title='bbox 1083 2583 1348 2665; x_wconf 89' lang='lat' dir='ltr'>diuersa,</span> <span class='ocrx_word' id='word_1_133' title='bbox 1367 2584 1592 2667; x_wconf 89' lang='lat' dir='ltr'>quibus</span> <span class='ocrx_word' id='word_1_134' title='bbox 1620 2586 1939 2649; x_wconf 89' lang='lat' dir='ltr'>euidenter</span> <span class='ocrx_word' id='word_1_135' title='bbox 1955 2585 2302 2650; x_wconf 86' lang='lat' dir='ltr'>ostenditur</span> <span class='ocrx_word' id='word_1_136' title='bbox 2318 2586 2423 2650; x_wconf 86' lang='lat' dir='ltr'>nih</span> <span class='ocrx_word' id='word_1_137' title='bbox 2432 2586 2469 2649; x_wconf 90' lang='lat' dir='ltr'>il</span> <span class='ocrx_word' id='word_1_138' title='bbox 2486 2603 2670 2667; x_wconf 91' lang='lat' dir='ltr'>posse</span> 
     </span>
     <span class='ocr_line' id='line_1_23' title="bbox 380 2687 2670 2772; baseline 0.001 -22"><span class='ocrx_word' id='word_1_139' title='bbox 380 2705 491 2751; x_wconf 91' lang='lat' dir='ltr'>nos</span> <span class='ocrx_word' id='word_1_140' title='bbox 516 2687 675 2770; x_wconf 91' lang='lat' dir='ltr'>quod</span> <span class='ocrx_word' id='word_1_141' title='bbox 709 2688 786 2751; x_wconf 89' lang='lat' dir='ltr'>ad</span> <span class='ocrx_word' id='word_1_142' title='bbox 820 2688 1088 2752; x_wconf 86' lang='lat' dir='ltr'>salutem</span> <span class='ocrx_word' id='word_1_143' title='bbox 1121 2692 1400 2753; x_wconf 85' lang='lat' dir='ltr'>nostram</span> <span class='ocrx_word' id='word_1_144' title='bbox 1432 2690 1707 2770; x_wconf 90' lang='lat' dir='ltr'>pertinet</span> <span class='ocrx_word' id='word_1_145' title='bbox 1737 2690 1870 2753; x_wconf 87' lang='lat' dir='ltr'>sine</span> <span class='ocrx_word' id='word_1_146' title='bbox 1904 2690 2205 2754; x_wconf 88' lang='lat' dir='ltr'>adiutorio</span> <span class='ocrx_word' id='word_1_147' title='bbox 2232 2689 2331 2753; x_wconf 92' lang='lat' dir='ltr'>dei</span> <span class='ocrx_word' id='word_1_148' title='bbox 2352 2688 2670 2772; x_wconf 89' lang='lat' dir='ltr'>perficere.</span> 
     </span>
    </p>

    <p class='ocr_par' dir='ltr' id='par_1_17' title="bbox 379 2791 2671 2984">
     <span class='ocr_line' id='line_1_24' title="bbox 465 2791 2671 2877; baseline 0.003 -22"><span class='ocrx_word' id='word_1_149' title='bbox 465 2792 701 2856; x_wconf 90' lang='lat' dir='ltr'>XVIII.</span> <span class='ocrx_word' id='word_1_150' title='bbox 751 2791 927 2873; x_wconf 85' lang='lat' dir='ltr'>Quod</span> <span class='ocrx_word' id='word_1_151' title='bbox 973 2813 1098 2859; x_wconf 91' lang='lat' dir='ltr'>non</span> <span class='ocrx_word' id='word_1_152' title='bbox 1146 2794 1348 2859; x_wconf 90' lang='lat' dir='ltr'>solum</span> <span class='ocrx_word' id='word_1_153' title='bbox 1409 2796 1474 2859; x_wconf 91' lang='lat' dir='ltr'>in</span> <span class='ocrx_word' id='word_1_154' title='bbox 1534 2798 1811 2860; x_wconf 87' lang='lat' dir='ltr'>naturali</span> <span class='ocrx_word' id='word_1_155' title='bbox 1870 2796 2249 2877; x_wconf 87' lang='lat' dir='ltr'>condicione,</span> <span class='ocrx_word' id='word_1_156' title='bbox 2313 2797 2419 2861; x_wconf 93' lang='lat' dir='ltr'>sed</span> <span class='ocrx_word' id='word_1_157' title='bbox 2483 2799 2671 2861; x_wconf 89' lang='lat' dir='ltr'>etiam</span> 
     </span>
     <span class='ocr_line' id='line_1_25' title="bbox 379 2897 2119 2984; baseline 0.003 -25"><span class='ocrx_word' id='word_1_158' title='bbox 379 2897 444 2959; x_wconf 91' lang='lat' dir='ltr'>in</span> <span class='ocrx_word' id='word_1_159' title='bbox 489 2897 796 2961; x_wconf 87' lang='lat' dir='ltr'>cotidiana</span> <span class='ocrx_word' id='word_1_160' title='bbox 841 2897 1302 2979; x_wconf 88' lang='lat' dir='ltr'>dispensatione</span> <span class='ocrx_word' id='word_1_161' title='bbox 1350 2899 1448 2963; x_wconf 90' lang='lat' dir='ltr'>dei</span> <span class='ocrx_word' id='word_1_162' title='bbox 1493 2902 1696 2984; x_wconf 86' lang='lat' dir='ltr'>gratia</span> <span class='ocrx_word' id='word_1_163' title='bbox 1742 2903 2119 2965; x_wconf 87' lang='lat' dir='ltr'>muniamur.</span> 
     </span>
    </p>

    <p class='ocr_par' dir='ltr' id='par_1_18' title="bbox 466 3000 2673 3087">
     <span class='ocr_line' id='line_1_26' title="bbox 466 3000 2673 3087; baseline 0.003 -24"><span class='ocrx_word' id='word_1_164' title='bbox 466 3000 736 3065; x_wconf 88' lang='lat' dir='ltr'>XVIIII.</span> <span class='ocrx_word' id='word_1_165' title='bbox 788 3000 965 3081; x_wconf 84' lang='lat' dir='ltr'>Quod</span> <span class='ocrx_word' id='word_1_166' title='bbox 1010 3003 1163 3067; x_wconf 87' lang='lat' dir='ltr'>haec</span> <span class='ocrx_word' id='word_1_167' title='bbox 1210 3003 1364 3067; x_wconf 89' lang='lat' dir='ltr'>fides</span> <span class='ocrx_word' id='word_1_168' title='bbox 1411 3004 1488 3067; x_wconf 88' lang='lat' dir='ltr'>ab</span> <span class='ocrx_word' id='word_1_169' title='bbox 1538 3006 1811 3087; x_wconf 91' lang='lat' dir='ltr'>antiquis</span> <span class='ocrx_word' id='word_1_170' title='bbox 1856 3005 2139 3087; x_wconf 81' lang='lat' dir='ltr'>patribus</span> <span class='ocrx_word' id='word_1_171' title='bbox 2187 3006 2417 3069; x_wconf 89' lang='lat' dir='ltr'>tradita</span> <span class='ocrx_word' id='word_1_172' title='bbox 2471 3006 2553 3070; x_wconf 90' lang='lat' dir='ltr'>sit</span> <span class='ocrx_word' id='word_1_173' title='bbox 2598 3006 2673 3070; x_wconf 90' lang='lat' dir='ltr'>de</span> 
     </span>
    </p>
   </div>
   <div class='ocr_carea' id='block_1_11' title="bbox 304 3105 746 3193">
    <p class='ocr_par' dir='ltr' id='par_1_19' title="bbox 304 3105 746 3193">
     <span class='ocr_line' id='line_1_27' title="bbox 304 3105 746 3193; baseline 0.002 -25"><span class='ocrx_word' id='word_1_174' title='bbox 304 3136 323 3169; x_wconf 85' lang='lat'>·.</span> <span class='ocrx_word' id='word_1_175' title='bbox 379 3105 582 3193; x_wconf 80' lang='lat' dir='ltr'>gratia</span> <span class='ocrx_word' id='word_1_176' title='bbox 630 3106 746 3169; x_wconf 91' lang='lat' dir='ltr'>dei.</span> 
     </span>
    </p>
   </div>
   <div class='ocr_carea' id='block_1_12' title="bbox 382 3210 2673 3799">
    <p class='ocr_par' dir='ltr' id='par_1_20' title="bbox 382 3210 2673 3397">
     <span class='ocr_line' id='line_1_28' title="bbox 466 3210 2673 3295; baseline 0.002 -22"><span class='ocrx_word' id='word_1_177' title='bbox 466 3210 604 3273; x_wconf 91' lang='lat' dir='ltr'>XX.</span> <span class='ocrx_word' id='word_1_178' title='bbox 655 3210 750 3273; x_wconf 90' lang='lat' dir='ltr'>De</span> <span class='ocrx_word' id='word_1_179' title='bbox 798 3228 890 3291; x_wconf 86' lang='lat' dir='ltr'>eo,</span> <span class='ocrx_word' id='word_1_180' title='bbox 954 3211 1058 3293; x_wconf 92' lang='lat' dir='ltr'>qui</span> <span class='ocrx_word' id='word_1_181' title='bbox 1118 3215 1371 3293; x_wconf 89' lang='lat' dir='ltr'>propter</span> <span class='ocrx_word' id='word_1_182' title='bbox 1432 3211 1895 3295; x_wconf 85' lang='lat' dir='ltr'>blasphemiam</span> <span class='ocrx_word' id='word_1_183' title='bbox 1956 3214 2220 3279; x_wconf 89' lang='lat' dir='ltr'>traditus</span> <span class='ocrx_word' id='word_1_184' title='bbox 2269 3218 2365 3278; x_wconf 91' lang='lat' dir='ltr'>est</span> <span class='ocrx_word' id='word_1_185' title='bbox 2422 3215 2673 3278; x_wconf 90' lang='lat' dir='ltr'>inmun-</span> 
     </span>
     <span class='ocr_line' id='line_1_29' title="bbox 382 3315 945 3397; baseline -0.002 -18"><span class='ocrx_word' id='word_1_186' title='bbox 382 3316 638 3379; x_wconf 90' lang='lat' dir='ltr'>dissimo</span> <span class='ocrx_word' id='word_1_187' title='bbox 685 3315 945 3397; x_wconf 88' lang='lat' dir='ltr'>spiritui.</span> 
     </span>
    </p>

    <p class='ocr_par' dir='ltr' id='par_1_21' title="bbox 382 3420 2673 3608">
     <span class='ocr_line' id='line_1_30' title="bbox 466 3420 2673 3506; baseline 0.002 -24"><span class='ocrx_word' id='word_1_188' title='bbox 466 3420 638 3483; x_wconf 90' lang='lat' dir='ltr'>XXI.</span> <span class='ocrx_word' id='word_1_189' title='bbox 672 3420 1045 3502; x_wconf 85' lang='lat' dir='ltr'>Exemplum</span> <span class='ocrx_word' id='word_1_190' title='bbox 1079 3420 1218 3485; x_wconf 89' lang='lat' dir='ltr'>Ioas</span> <span class='ocrx_word' id='word_1_191' title='bbox 1251 3422 1418 3504; x_wconf 89' lang='lat' dir='ltr'>regis</span> <span class='ocrx_word' id='word_1_192' title='bbox 1451 3422 1665 3503; x_wconf 86' lang='lat' dir='ltr'>Iudae,</span> <span class='ocrx_word' id='word_1_193' title='bbox 1714 3441 1834 3503; x_wconf 91' lang='lat' dir='ltr'>quo</span> <span class='ocrx_word' id='word_1_194' title='bbox 1867 3423 2215 3488; x_wconf 87' lang='lat' dir='ltr'>ostenditur</span> <span class='ocrx_word' id='word_1_195' title='bbox 2246 3424 2392 3506; x_wconf 90' lang='lat' dir='ltr'>quid</span> <span class='ocrx_word' id='word_1_196' title='bbox 2424 3426 2673 3505; x_wconf 88' lang='lat' dir='ltr'>propter</span> 
     </span>
     <span class='ocr_line' id='line_1_31' title="bbox 382 3524 1104 3608; baseline 0 -19"><span class='ocrx_word' id='word_1_197' title='bbox 382 3524 744 3608; x_wconf 84' lang='lat' dir='ltr'>superbiam</span> <span class='ocrx_word' id='word_1_198' title='bbox 789 3527 1104 3591; x_wconf 87' lang='lat' dir='ltr'>meruerit.</span> 
     </span>
    </p>

    <p class='ocr_par' dir='ltr' id='par_1_22' title="bbox 383 3628 2672 3799">
     <span class='ocr_line' id='line_1_32' title="bbox 469 3628 2672 3714; baseline 0.001 -21"><span class='ocrx_word' id='word_1_199' title='bbox 469 3630 674 3694; x_wconf 88' lang='lat' dir='ltr'>XXII.</span> <span class='ocrx_word' id='word_1_200' title='bbox 725 3628 996 3695; x_wconf 90' lang='lat' dir='ltr'>Omnem</span> <span class='ocrx_word' id='word_1_201' title='bbox 1043 3632 1318 3695; x_wconf 89' lang='lat' dir='ltr'>animam</span> <span class='ocrx_word' id='word_1_202' title='bbox 1353 3631 1691 3713; x_wconf 88' lang='lat' dir='ltr'>superbam</span> <span class='ocrx_word' id='word_1_203' title='bbox 1738 3631 1922 3696; x_wconf 87' lang='lat' dir='ltr'>subdi</span> <span class='ocrx_word' id='word_1_204' title='bbox 1968 3632 2349 3714; x_wconf 82' lang='lat' dir='ltr'>spiritalibus</span> <span class='ocrx_word' id='word_1_205' title='bbox 2381 3632 2672 3714; x_wconf 89' lang='lat' dir='ltr'>nequitiis</span> 
     </span>
     <span class='ocr_line' id='line_1_33' title="bbox 383 3734 808 3799; baseline 0 0"><span class='ocrx_word' id='word_1_206' title='bbox 383 3734 808 3799; x_wconf 85' lang='lat' dir='ltr'>inludendam.</span> 
     </span>
    </p>
   </div>
   <div class='ocr_carea' id='block_1_13' title="bbox 383 3941 2683 4523">
    <p class='ocr_par' dir='ltr' id='par_1_23' title="bbox 383 3941 2683 4445">
     <span class='ocr_line' id='line_1_34' title="bbox 475 3941 2681 4011; baseline 0 -14"><span class='ocrx_word' id='word_1_207' title='bbox 475 3944 500 3997; x_wconf 94' lang='lat'>1</span> <span class='ocrx_word' id='word_1_208' title='bbox 531 3942 937 3995; x_wconf 82' lang='lat' dir='ltr'>conluctationis</span> <span class='ocrx_word' id='word_1_209' title='bbox 967 3985 976 3995; x_wconf 96' lang='lat'>.</span> <span class='ocrx_word' id='word_1_210' title='bbox 1006 3985 1016 3996; x_wconf 95' lang='lat'>.</span> <span class='ocrx_word' id='word_1_211' title='bbox 1047 3987 1056 3997; x_wconf 94' lang='lat'>.</span> <span class='ocrx_word' id='word_1_212' title='bbox 1084 3944 1117 3997; x_wconf 89' lang='lat'>2</span> <span class='ocrx_word' id='word_1_213' title='bbox 1143 3942 1348 4011; x_wconf 88' lang='lat' dir='ltr'>origine</span> <span class='ocrx_word' id='word_1_214' title='bbox 1374 3960 1474 3997; x_wconf 82' lang='lat' dir='ltr'>om.</span> <span class='ocrx_word' id='word_1_215' title='bbox 1499 3943 1614 3997; x_wconf 85' lang='lat' dir='ltr'>HT</span> <span class='ocrx_word' id='word_1_216' title='bbox 1706 3945 1738 3997; x_wconf 88' lang='lat'><strong>3</strong></span> <span class='ocrx_word' id='word_1_217' title='bbox 1763 3941 1903 4011; x_wconf 90' lang='lat' dir='ltr'>quod</span> <span class='ocrx_word' id='word_1_218' title='bbox 1932 3946 2145 3996; x_wconf 85' lang='lat' dir='ltr'>tantum</span> <span class='ocrx_word' id='word_1_219' title='bbox 2171 3942 2302 3997; x_wconf 87' lang='lat' dir='ltr'>LT:</span> <span class='ocrx_word' id='word_1_220' title='bbox 2327 3946 2587 4011; x_wconf 83' lang='lat' dir='ltr'>quantum</span> <span class='ocrx_word' id='word_1_221' title='bbox 2615 3945 2681 3998; x_wconf 82' lang='lat' dir='ltr'><em>H</em></span> 
     </span>
     <span class='ocr_line' id='line_1_35' title="bbox 384 4027 2681 4099; baseline 0.002 -18"><span class='ocrx_word' id='word_1_222' title='bbox 384 4027 658 4097; x_wconf 80' lang='lat' dir='ltr'>superbiae</span> <span class='ocrx_word' id='word_1_223' title='bbox 696 4028 899 4083; x_wconf 85' lang='lat' dir='ltr'>malum</span> <span class='ocrx_word' id='word_1_224' title='bbox 927 4030 1041 4084; x_wconf 98' lang='lat' dir='ltr'>HT</span> <span class='ocrx_word' id='word_1_225' title='bbox 1142 4031 1203 4083; x_wconf 89' lang='lat' dir='ltr'>ut</span> <span class='ocrx_word' id='word_1_226' title='bbox 1239 4045 1334 4098; x_wconf 89' lang='lat' dir='ltr'>per</span> <span class='ocrx_word' id='word_1_227' title='bbox 1366 4029 1542 4097; x_wconf 86' lang='lat' dir='ltr'>ipsum</span> <span class='ocrx_word' id='word_1_228' title='bbox 1569 4028 1727 4082; x_wconf 86' lang='lat' dir='ltr'>deum</span> <span class='ocrx_word' id='word_1_229' title='bbox 1756 4030 1907 4099; x_wconf 61' lang='lat' dir='ltr'>(dnm</span> <span class='ocrx_word' id='word_1_230' title='bbox 1934 4031 2024 4098; x_wconf 88' lang='lat' dir='ltr'>H)</span> <span class='ocrx_word' id='word_1_231' title='bbox 2050 4031 2167 4084; x_wconf 84' lang='lat' dir='ltr'>HT</span> <span class='ocrx_word' id='word_1_232' title='bbox 2267 4034 2298 4085; x_wconf 84' lang='lat'>5</span> <span class='ocrx_word' id='word_1_233' title='bbox 2339 4029 2540 4083; x_wconf 90' lang='lat' dir='ltr'>diabuli</span> <span class='ocrx_word' id='word_1_234' title='bbox 2565 4032 2681 4085; x_wconf 87' lang='grc' dir='ltr'>ΠΤ</span> 
     </span>
     <span class='ocr_line' id='line_1_36' title="bbox 385 4114 2683 4184; baseline 0 -13"><span class='ocrx_word' id='word_1_235' title='bbox 385 4118 418 4171; x_wconf 84' lang='grc'><strong>6</strong></span> <span class='ocrx_word' id='word_1_236' title='bbox 455 4115 767 4169; x_wconf 84' lang='lat' dir='ltr'>extincxerit</span> <span class='ocrx_word' id='word_1_237' title='bbox 803 4118 870 4170; x_wconf 91' lang='lat' dir='ltr'><em>H</em></span> <span class='ocrx_word' id='word_1_238' title='bbox 999 4119 1029 4171; x_wconf 88' lang='lat'><strong>7</strong></span> <span class='ocrx_word' id='word_1_239' title='bbox 1068 4114 1540 4184; x_wconf 84' lang='lat' dir='ltr'>quemammodum</span> <span class='ocrx_word' id='word_1_240' title='bbox 1578 4117 1633 4171; x_wconf 91' lang='lat' dir='ltr'><em>L</em></span> <span class='ocrx_word' id='word_1_241' title='bbox 1771 4119 1834 4172; x_wconf 89' lang='lat'>10</span> <span class='ocrx_word' id='word_1_242' title='bbox 1870 4116 2075 4171; x_wconf 86' lang='lat' dir='ltr'>uiribus</span> <span class='ocrx_word' id='word_1_243' title='bbox 2111 4117 2191 4171; x_wconf 89' lang='lat' dir='ltr'>L:</span> <span class='ocrx_word' id='word_1_244' title='bbox 2236 4116 2527 4170; x_wconf 86' lang='lat' dir='ltr'>uirtutibus</span> <span class='ocrx_word' id='word_1_245' title='bbox 2566 4119 2683 4171; x_wconf 88' lang='lat' dir='ltr'>HT</span> 
     </span>
     <span class='ocr_line' id='line_1_37' title="bbox 383 4200 2677 4271; baseline 0.001 -16"><span class='ocrx_word' id='word_1_246' title='bbox 383 4200 632 4256; x_wconf 86' lang='lat' dir='ltr'>obtenere</span> <span class='ocrx_word' id='word_1_247' title='bbox 659 4204 727 4257; x_wconf 89' lang='lat' dir='ltr'><em>H</em></span> <span class='ocrx_word' id='word_1_248' title='bbox 792 4202 1030 4271; x_wconf 78' lang='lat' dir='ltr'>optinere</span> <span class='ocrx_word' id='word_1_249' title='bbox 1059 4205 1107 4259; x_wconf 92' lang='grc' dir='ltr'><em>Τ</em></span> <span class='ocrx_word' id='word_1_250' title='bbox 1211 4206 1275 4259; x_wconf 85' lang='grc'>12</span> <span class='ocrx_word' id='word_1_251' title='bbox 1301 4202 1706 4257; x_wconf 80' lang='lat' dir='ltr'>monstrandam</span> <span class='ocrx_word' id='word_1_252' title='bbox 1738 4206 1788 4257; x_wconf 89' lang='grc' dir='ltr'><em>Τ</em></span> <span class='ocrx_word' id='word_1_253' title='bbox 1892 4206 1955 4259; x_wconf 87' lang='grc'>13</span> <span class='ocrx_word' id='word_1_254' title='bbox 1980 4203 2310 4257; x_wconf 82' lang='lat' dir='ltr'>beatitudine</span> <span class='ocrx_word' id='word_1_255' title='bbox 2336 4206 2455 4259; x_wconf 84' lang='lat' dir='ltr'>HT</span> <span class='ocrx_word' id='word_1_256' title='bbox 2557 4208 2620 4259; x_wconf 87' lang='grc'>17</span> <span class='ocrx_word' id='word_1_257' title='bbox 2646 4224 2677 4257; x_wconf 79' lang='lat' dir='ltr'>a</span> 
     </span>
     <span class='ocr_line' id='line_1_38' title="bbox 383 4289 2683 4359; baseline 0.002 -16"><span class='ocrx_word' id='word_1_258' title='bbox 383 4289 578 4359; x_wconf 87' lang='lat' dir='ltr'>quibus</span> <span class='ocrx_word' id='word_1_259' title='bbox 615 4290 698 4345; x_wconf 81' lang='lat' dir='ltr'>L.-</span> <span class='ocrx_word' id='word_1_260' title='bbox 735 4290 824 4358; x_wconf 90' lang='lat' dir='ltr'>qui</span> <span class='ocrx_word' id='word_1_261' title='bbox 865 4292 932 4345; x_wconf 90' lang='lat' dir='ltr'><em>H</em></span> <span class='ocrx_word' id='word_1_262' title='bbox 1067 4307 1098 4343; x_wconf 81' lang='lat' dir='ltr'>a</span> <span class='ocrx_word' id='word_1_263' title='bbox 1133 4290 1222 4358; x_wconf 88' lang='lat' dir='ltr'>qui</span> <span class='ocrx_word' id='word_1_264' title='bbox 1265 4292 1316 4345; x_wconf 90' lang='grc' dir='ltr'><em>Τ</em></span> <span class='ocrx_word' id='word_1_265' title='bbox 1455 4294 1519 4346; x_wconf 87' lang='grc'>19</span> <span class='ocrx_word' id='word_1_266' title='bbox 1556 4290 1882 4345; x_wconf 83' lang='lat' dir='ltr'>obtinentiae</span> <span class='ocrx_word' id='word_1_267' title='bbox 1920 4292 1987 4345; x_wconf 88' lang='lat' dir='ltr'><em>H</em></span> <span class='ocrx_word' id='word_1_268' title='bbox 2122 4294 2190 4345; x_wconf 88' lang='grc'>22</span> <span class='ocrx_word' id='word_1_269' title='bbox 2236 4290 2537 4345; x_wconf 84' lang='lat' dir='ltr'>conditione</span> <span class='ocrx_word' id='word_1_270' title='bbox 2573 4294 2683 4347; x_wconf 87' lang='lat' dir='ltr'>LT</span> 
     </span>
     <span class='ocr_line' id='line_1_39' title="bbox 383 4377 2084 4445; baseline -0.002 -10"><span class='ocrx_word' id='word_1_271' title='bbox 383 4380 450 4435; x_wconf 79' lang='lat'>24</span> <span class='ocrx_word' id='word_1_272' title='bbox 489 4379 590 4431; x_wconf 91' lang='lat' dir='ltr'>hoc</span> <span class='ocrx_word' id='word_1_273' title='bbox 627 4378 696 4433; x_wconf 88' lang='lat' dir='ltr'><em>H</em></span> <span class='ocrx_word' id='word_1_274' title='bbox 794 4380 863 4433; x_wconf 86' lang='lat'>28</span> <span class='ocrx_word' id='word_1_275' title='bbox 901 4394 1004 4445; x_wconf 90' lang='lat' dir='ltr'>quo</span> <span class='ocrx_word' id='word_1_276' title='bbox 1040 4377 1122 4432; x_wconf 86' lang='lat' dir='ltr'>L.-</span> <span class='ocrx_word' id='word_1_277' title='bbox 1157 4377 1296 4445; x_wconf 87' lang='lat' dir='ltr'>quod</span> <span class='ocrx_word' id='word_1_278' title='bbox 1337 4379 1456 4432; x_wconf 85' lang='lat' dir='ltr'>HT</span> <span class='ocrx_word' id='word_1_279' title='bbox 1522 4381 1589 4432; x_wconf 84' lang='lat'>30</span> <span class='ocrx_word' id='word_1_280' title='bbox 1627 4377 1929 4445; x_wconf 83' lang='lat' dir='ltr'>superbiam</span> <span class='ocrx_word' id='word_1_281' title='bbox 1967 4379 2084 4432; x_wconf 88' lang='grc' dir='ltr'>ΠΤ</span> 
     </span>
    </p>

    <p class='ocr_par' dir='ltr' id='par_1_24' title="bbox 490 4469 2357 4523">
     <span class='ocr_line' id='line_1_40' title="bbox 490 4469 2357 4523; baseline 0.001 0"><span class='ocrx_word' id='word_1_282' title='bbox 490 4482 620 4523; x_wconf 84' lang='lat' dir='ltr'>xvn.</span> <span class='ocrx_word' id='word_1_283' title='bbox 650 4482 766 4523; x_wconf 71' lang='lat' dir='ltr'>em.</span> <span class='ocrx_word' id='word_1_284' title='bbox 800 4486 838 4523; x_wconf 85' lang='grc' dir='ltr'>ι.</span> <span class='ocrx_word' id='word_1_285' title='bbox 2297 4469 2357 4517; x_wconf 81' lang='lat'>2¹</span> 
     </span>
    </p>
   </div>
  </div>
 </body>
</html>
