3167 4975
2306 456 2609 514 LXXVII

401 632 594 697 Porro
641 634 712 695 ut
758 628 1094 714 probemus
1143 630 1381 711 quanta
1427 627 1766 692 auctoritas
1800 627 2079 691 familiae
2113 623 2271 710 ΝΡα
2302 626 2493 691 etiam
2540 626 2605 689 in

317 736 581 820 singulis
615 735 936 819 scriptoris
971 734 1182 798 uerbis
1215 732 1623 796 restituendis
1658 732 1743 795 sit
1774 730 2125 811 tribuenda,
2174 730 2411 812 aliquot
2442 730 2609 793 locos

314 840 416 905 hic
443 839 876 919 tractabimuS,
901 839 1228 921 plerosque
1253 836 1705 901 commentario
1732 837 1947 901 critico
1972 836 2371 899 reseruaturi.
2404 834 2455 913 Ι,
2482 833 2543 915 2,
2573 835 2604 896 1

315 945 380 1009 111
409 966 457 1029 Ρ
505 944 807 1009 traditum
855 948 953 1007 est
987 939 1397 1027 photiniani,
1445 941 1510 1005 in
1543 939 1631 1002 Μ
1648 937 2019 1022 futiniani,
2066 940 2133 1005 in
2176 936 2255 1001 N
2272 956 2421 1003 uero
2457 937 2608 1023 phi-

313 1047 589 1111 toniaci:
643 1049 710 1113 in
770 1066 892 1130 quo
939 1046 1098 1111 nihil
1144 1046 1312 1111 aliud
1358 1047 1554 1110 latere
1601 1062 1789 1127 quam
1828 1042 2205 1127 photiniaci
2259 1048 2325 1108 et
2376 1064 2485 1127 per
2542 1062 2609 1108 se

309 1150 634 1236 probabile
681 1156 779 1217 est
825 1154 888 1216 et
933 1152 1187 1234 insuper
1235 1148 1641 1213 confirmatur
1686 1148 1979 1213 Eucherii
2026 1149 2235 1213 codice
2277 1147 2607 1213 casinensi

307 1254 440 1319 439
487 1274 648 1321 saec.
681 1256 1037 1337 VHH-X,
1081 1254 1190 1318 ubi
1221 1255 1328 1318 fol.
1364 1251 1484 1315 78¹²
1514 1249 1843 1336 fotiniaci
1883 1253 2289 1318 nominantur
2320 1250 2607 1337 (Reiffer-

309 1360 526 1424 scheid
571 1359 767 1424 BPLI
797 1360 921 1425 1101.
955 1360 1037 1439 Π,
1071 1379 1131 1443 p.
1166 1356 1342 1441 369).
1374 1394 1458 1403 —
1490 1358 1574 1437 Π,
1608 1356 1671 1437 6,
1707 1355 1738 1418 1
1776 1366 1913 1419 tum
1950 1378 2003 1442 Ρ
2048 1362 2235 1439 10010,
2284 1366 2485 1420 totum
2520 1356 2605 1434 N,

311 1474 466 1527 tunc
511 1463 604 1526 Μ.
649 1502 736 1511 —
797 1465 914 1545 ΠΙ,
948 1463 1009 1545 3,
1045 1464 1076 1525 1
1129 1481 1255 1529 non
1302 1466 1400 1527 est
1445 1481 1554 1527 cur
1602 1480 1745 1526 cum
1790 1460 1877 1523 M
1914 1462 2224 1528 scribatur
2278 1459 2607 1526 (Ro-ictum

306 1567 662 1631 secundum
705 1589 994 1631 carnem:
1041 1568 1118 1632 ef.
1152 1567 1214 1649 3,
1247 1568 1307 1631 3.
1341 1565 1404 1647 5,
1438 1565 1496 1631 2.
1530 1604 1616 1613 —
1662 1566 1777 1648 ΙΠ,
1808 1566 1873 1645 4,
1904 1567 1947 1631 3
1977 1565 2277 1630 minione
2315 1588 2369 1651 Ρ
2414 1571 2603 1647 10010,

306 1672 597 1737 iussione
632 1671 792 1737 NM.
841 1710 928 1719 —
971 1672 1089 1753 ΙΙΙ,
1123 1672 1183 1753 6,
1221 1670 1252 1733 1
1303 1670 1502 1734 simul
1545 1692 1785 1733 nwcum
1830 1668 1915 1749 N,
1962 1692 2205 1734 mecum
2248 1668 2449 1734 simul
2481 1669 2603 1756 ΜΡ

307 1782 370 1842 01
433 1778 728 1862 Uulgata.
789 1815 876 1823 —
937 1778 1054 1859 ΙΠ,
1097 1776 1157 1857 6,
1198 1776 1238 1839 3
1299 1773 1777 1839 inaestimabili
1836 1774 2233 1839 maiestatem
2294 1774 2401 1839 dei
2462 1772 2605 1839 luce

294 1879 670 1967 fulyentem
705 1881 837 1967 ΝΡ,
871 1879 1386 1944 inextimabilem
1415 1878 1510 1957 DI,
1543 1880 1709 1945 unde
1736 1878 2281 1944 inaestimabilem
2308 1902 2346 1943 v
2370 1881 2599 1964 inepte.

307 2022 396 2032 —-
443 1986 561 2068 ΠΙ,
593 1986 654 2067 6,
689 1985 725 2048 7
763 1985 842 2049 Ν
861 1987 1032 2051 solus
1079 1987 1348 2052 formam
1393 1986 1693 2051 rariorem
1724 1984 2145 2077 semianimus
2186 1986 2483 2051 seruauit.
2516 2022 2603 2033 -—

311 2090 464 2155 ibid.
511 2088 889 2175 suffecitque
927 2112 978 2175 Ρ
1023 2096 1212 2171 10010,
1257 2087 1631 2175 sufficitque
1682 2088 1844 2153 NM.
1908 2126 1995 2137 -—
2038 2090 2157 2171 ΙΠ,
2190 2090 2251 2170 6,
2284 2088 2323 2153 8
2371 2088 2603 2153 christi

309 2193 448 2280 ΝΡ,
481 2194 767 2257 christus
793 2194 878 2256 M
894 2200 956 2260 et
978 2195 1284 2279 Uulgata:
1321 2195 1398 2258 cf.
1427 2194 1502 2275 V,
1527 2193 1591 2274 4,
1624 2194 1677 2257 1.
1714 2194 1889 2260 Oonl.
1916 2194 1967 2276 Ι,
1999 2193 2099 2277 19,
2124 2192 2184 2259 2.
2211 2232 2295 2241 -
2327 2195 2445 2275 ΙΠ,
2473 2194 2533 2275 7,
2559 2194 2600 2257 3

307 2296 416 2361 dei
441 2298 814 2364 Cassianum
848 2300 1074 2383 legisse
1106 2300 1171 2363 in
1204 2299 1339 2364 1000
1370 2298 1553 2363 Pauli
1583 2300 1663 2363 ad
1694 2300 1875 2364 Rom.
1906 2297 2007 2381 14,
2041 2298 2139 2379 10,
2174 2318 2297 2364 non
2328 2296 2599 2375 Christi,

307 2406 380 2467 ut
425 2401 512 2466 M
547 2422 691 2468 cum
738 2404 1016 2488 Uulgata
1059 2403 1272 2484 habet,
1321 2422 1395 2467 ex
1441 2404 1987 2488 argumentatione
2032 2404 2167 2468 eius
2212 2408 2406 2490 patet.
2456 2422 2600 2467 cum

307 2508 478 2572 enim
537 2508 802 2591 probare
863 2509 1058 2574 uellet
1111 2509 1390 2574 tribunal
1436 2508 1536 2573 dei
1565 2513 1661 2598 ,et
1706 2509 1941 2576 Christi
2002 2508 2169 2574 idem
2224 2529 2381 2590 esse,
2443 2509 2599 2574 duos

304 2612 476 2678 locos
524 2613 764 2678 similes
810 2614 1093 2697 protulit,
1155 2631 1422 2697 quorum
1469 2613 1536 2680 in
1582 2615 1777 2679 altero
1832 2614 2167 2679 tribunalis
2214 2613 2471 2695 Christi,
2532 2614 2597 2678 in

307 2717 508 2782 altero
567 2716 904 2782 tribunalis
967 2719 1064 2782 dei
1125 2719 1361 2784 mentio
1421 2717 1512 2783 fit.
1592 2720 1802 2801 itaque
1862 2719 2129 2803 colligit:
2197 2716 2388 2781 uideo
2450 2739 2595 2804 erqo

307 2843 518 2884 unum
579 2831 769 2907 atque
813 2821 986 2886 idem
1041 2821 1341 2886 tribunal
1399 2822 1504 2886 dei
1549 2821 1875 2908 futurum
1936 2844 2064 2887 00εο
2123 2822 2297 2908 quod
2346 2819 2597 2886 Christi

311 2931 376 2991 et
421 2927 586 2992 infra
628 2927 866 3011 pergit:
928 2927 1088 3011 quia
1147 2925 1484 3012 apostolus
1539 2927 1613 2990 in
1674 2927 1844 2992 alia
1900 2949 2015 2991 noe
2076 2926 2593 3013 manifestandae

303 3029 596 3114 epistula
641 3040 791 3094 ante
837 3029 1139 3095 tribunal
1192 3028 1510 3109 Christi,
1575 3032 1649 3094 in
1694 3031 1866 3095 alia
1924 3042 2073 3096 ante
2120 3029 2423 3096 tribunal
2470 3031 2594 3095 dei

302 3132 498 3197 dimit.
545 3171 632 3182 —-
678 3135 826 3201 ibid.
876 3139 940 3200 01
984 3135 1135 3217 IIII,
1173 3136 1272 3218 13,
1303 3135 1348 3199 4
1391 3137 1607 3203 flectet
1651 3135 1909 3222 (κάμψει)
1961 3135 2041 3200 Ν
2067 3141 2255 3220 10010,
2286 3135 2592 3222 flectetur

301 3237 426 3323 ΜΡ
473 3259 506 3304 0
551 3240 848 3324 Uulgata.
913 3277 996 3288 —-
1043 3241 1161 3322 III,
1199 3239 1300 3322 13,
1337 3239 1368 3302 l
1417 3239 1609 3304 deum
1652 3261 1871 3304 coram
1922 3240 2064 3326 ipse
2108 3241 2441 3328 confessus
2501 3240 2591 3304 sit

303 3341 439 3428 ΝΡ,
485 3365 706 3406 coram
753 3343 868 3407 deo
899 3343 992 3407 M.
1025 3381 1112 3392 —·-
1142 3346 1259 3426 ΙΙΙ,
1299 3344 1397 3427 14,
1430 3344 1472 3409 2
1515 3367 1718 3432 super
1750 3346 2030 3433 terram]
2060 3347 2139 3412 ef.
2175 3345 2348 3412 Conl.
2381 3346 2587 3428 XXII,

301 3445 406 3529 13,
437 3446 497 3513 3.
545 3485 632 3495 -—-·
675 3450 794 3531 III,
833 3447 932 3530 16,
965 3447 1006 3512 2
1052 3448 1412 3512 columbam
1457 3459 1516 3513 et
1565 3449 1657 3535 (et
1700 3469 1823 3516 om.
1857 3450 1977 3536 ΜΡ
2026 3455 2089 3516 01
2134 3451 2438 3536 Uulgata)
2482 3471 2587 3513 ue·

295 3551 578 3615 aientem
640 3553 1003 3638 (περιστερὰν,
1064 3555 1158 3616 καὶ
1203 3555 1532 3638 ἐρχόμενον)
1581 3554 1667 3618 N'.
1728 3593 1815 3602 —
1874 3557 2025 3638 IIII,
2058 3555 2119 3638 6,
2154 3555 2189 3618 7
2238 3554 2310 3618 i‘n
2354 3551 2586 3618 simili-

295 3655 527 3720 tudine
557 3655 668 3739 (τε
703 3659 760 3718 ἐν
791 3657 1124 3742 ὁμοιώματι)
1162 3656 1306 3745 ΝΡ.·
1350 3657 1426 3722 in
1461 3657 1969 3724 similitudinem
1999 3658 2084 3721 M
2106 3681 2139 3725 0
2172 3661 2463 3745 Uulgata.
2504 3695 2581 3705 —-

295 3759 448 3843 IIII,
481 3760 541 3844 7,
576 3760 618 3824 2
652 3784 705 3847 Ρ
769 3763 938 3827 solus
997 3784 1076 3826 ne
1124 3769 1268 3829 ante
1328 3785 1572 3828 necesse
1633 3767 1929 3830 seruauit.
1998 3801 2087 3812 —--
2144 3765 2295 3846 IIII,
2328 3764 2389 3846 9,
2421 3764 2461 3827 6
2509 3764 2586 3827 M

293 3865 511 3930 omisit
536 3865 723 3929 serui
755 3863 998 3952 (δοῦλοι)
1048 3871 1112 3932 01
1154 3873 1300 3953 post
1327 3868 1604 3932 manicis
1638 3869 1875 3934 addidit
1907 3880 2199 3956 peryent,
2246 3875 2582 3953 utrumque

292 3989 326 4033 0
349 3969 656 4054 Uulgata:
691 3970 770 4035 cf.
802 3969 900 4052 11,
930 3970 961 4032 1
999 3975 1062 4036 01
1093 3972 1286 4036 uerba
1317 3971 1557 4038 Graeca
1578 3973 1801 4038 Esaiae
1830 3973 1937 4055 45,
1973 3972 2073 4038 14.
2104 4011 2189 4020 —
2220 3975 2371 4056 ΙΠΙ,
2408 3973 2508 4057 11,
2540 3975 2583 4039 2

291 4094 447 4136 uere
493 4073 662 4136 enim
704 4096 970 4161 maynae
1029 4085 1185 4138 eunt
1229 4077 1382 4141 haec
1434 4077 1713 4141 uincula
1760 4087 1819 4141 et
1862 4076 2221 4164 ineffabilis
2276 4081 2579 4145 caritatis

297 4175 376 4240 N
395 4179 566 4244 solus
605 4183 804 4244 reete:
852 4201 1090 4266 maqna
1119 4179 1238 4266 ΜΡ
1271 4183 1501 4266 111οΡ10.
1547 4221 1633 4230 -
1680 4183 1830 4266 ΠΙΙ,
1867 4182 1966 4265 12,
1999 4183 2039 4248 3
2070 4205 2197 4247 non
2243 4194 2334 4248 est
2364 4195 2581 4249 autem

291 4282 616 4347 humanae
675 4283 818 4369 opis
887 4283 1203 4349 redimere
1253 4285 1584 4372 populum
1644 4310 1687 4351 a
1746 4287 2137 4373 captiuitate
2187 4291 2445 4374 peccati
2492 4314 2576 4378 p:

290 4407 454 4473 opus
503 4386 592 4464 N,
638 4409 786 4472 opes
833 4387 928 4452 M.
989 4425 1075 4436 --
1123 4391 1198 4473 V,
1231 4390 1291 4472 9,
1324 4391 1365 4456 3
1409 4403 1635 4478 neyato
1672 4415 1726 4478 Ρ
1771 4399 1967 4459 reete:
2026 4415 2189 4481 neqa
2252 4405 2325 4460 tu
2374 4395 2573 4462 NMv.
