3167 4975
2473 456 2665 513 VIIII

371 628 518 692 libri
579 628 910 692 duodecim
971 626 1048 688 de
1093 625 1422 689 institutis
1469 624 1917 689 coenobiorum
1977 636 2036 688 et
2084 624 2161 688 de
2220 635 2357 689 octo
2410 623 2663 710 princi-

366 730 638 817 palium
681 730 1008 793 uitiorum
1039 730 1363 794 remediis.
1411 732 1502 796 ita
1547 732 1717 795 enim
1764 732 1853 795 eis
1886 730 2355 795 inscribendum
2396 730 2664 811 uidetur,

373 856 760 919 quamquam
807 840 1058 920 propter
1089 836 1601 919 discrepantiam,
1648 854 1807 917 quae
1852 836 1917 900 in
1949 836 2233 900 codicum
2283 836 2485 899 titulis
2517 853 2665 900 con-

373 941 660 1024 spicitur,
723 944 787 1004 et
833 940 981 1023 quia
1025 939 1365 1005 Cassianus
1421 941 1554 1023 ipse
1602 939 1723 1004 sibi
1788 958 1911 1004 non
1957 943 2226 1021 constat,
2288 941 2443 1004 certi
2490 941 2665 1022 quie-

375 1064 568 1128 quam
623 1046 688 1109 in
733 1044 852 1109 hac
897 1064 964 1108 re
1025 1064 1236 1108 eruere
1285 1045 1623 1109 admodum
1684 1044 1937 1109 difficile
1985 1048 2098 1108 est.
2193 1063 2341 1109 nam
2386 1045 2551 1126 quod
2600 1046 2662 1109 in

373 1150 569 1233 praef.
637 1149 948 1213 secundae
993 1150 1190 1232 partis
1239 1148 1683 1214 Conlationum
1729 1148 1949 1214 scribit
2009 1146 2137 1211 illa
2182 1146 2493 1211 instituta
2538 1170 2663 1211 coe-

373 1252 742 1331 nobiorum,
798 1276 962 1339 quae
1018 1252 1357 1316 duodecim
1413 1251 1658 1317 libellis
1702 1300 1716 1315 .
1752 1301 1765 1316 .
1802 1300 1816 1315 .
1858 1251 2385 1338 conscripsimus,
2442 1272 2661 1317 ansam

373 1358 634 1442 praebet
689 1359 1048 1442 suspicandi
1110 1360 1364 1423 titulum
1421 1359 1626 1442 operis
1681 1359 1876 1423 fuisse
1937 1358 2015 1420 de
2061 1357 2385 1421 institutis
2446 1378 2664 1419 coeno-

374 1462 654 1539 bio-rum,
703 1467 773 1527 ut
803 1463 1042 1527 habent
1073 1463 1377 1528 edit-iones
1410 1464 1723 1547 uulgatae.
1774 1466 1993 1527 contra
2031 1463 2097 1528 in
2131 1464 2323 1547 praef.
2375 1464 2451 1527 ad
2486 1462 2661 1527 Gonl.

371 1588 434 1651 p.
471 1568 502 1631 I
548 1568 818 1651 legimus
873 1566 946 1629 in
993 1588 1214 1631 eorum
1273 1566 1687 1629 uoluminum
1722 1566 2172 1653 praefatione,
2221 1588 2384 1651 quae
2432 1565 2508 1629 de
2569 1566 2663 1628 in-

371 1670 630 1734 stitutis
691 1670 1138 1735 coenobiorum
1182 1680 1242 1735 et
1303 1670 1379 1734 de
1441 1680 1574 1735 octo
1628 1670 2125 1757 principalium
2182 1671 2511 1734 uitiorum
2570 1694 2663 1733 re-

371 1774 608 1839 mediis
679 1774 1016 1838 duodecim
1084 1774 1330 1839 libellis
1406 1775 1664 1839 domino
1730 1774 2101 1839 adiuuante
2171 1774 2421 1862 diyesta
2488 1785 2662 1839 sunt.

374 1881 613 1945 nullius
645 1882 948 1945 momenti
998 1882 1061 1945 in
1107 1882 1226 1946 hac
1256 1882 1623 1963 quaestione
1672 1900 1745 1945 ea
1776 1886 1925 1946 sunt
1971 1900 2129 1964 quae
2176 1882 2472 1966 leguntur
2502 1882 2659 1945 Inst.

371 1986 570 2069 praef.
618 1987 674 2068 g.
711 1985 752 2048 3
797 1984 1108 2047 instituta
1159 1985 1723 2062 monasteriorum,
1782 1989 1841 2067 ξ.
1876 1984 1912 2049 7
1963 1985 2275 2049 instituta
2322 2007 2399 2047 ac
2452 2006 2665 2047 mona-

369 2090 729 2152 ste-riorum
761 2088 1044 2177 reyulas,
1091 2094 1148 2171 ἓ.
1185 2090 1224 2152 8
1273 2090 1604 2181 instituta,
1652 2092 1703 2171 Ι,
1740 2090 1770 2153 1
1818 2090 1895 2154 de
1935 2090 2263 2153 institutis
2310 2112 2387 2152 ac
2418 2088 2665 2175 re9ulis

373 2193 939 2271 monasteriorum,
987 2196 1070 2276 ΙΙ,
1113 2194 1174 2276 9,
1221 2196 1250 2257 1
1303 2194 1761 2259 institutorum
1807 2194 1985 2275 ordo,
2034 2196 2119 2276 II,
2162 2195 2223 2276 9,
2256 2194 2296 2258 3
2342 2194 2433 2257 ad
2478 2194 2665 2257 insti-

373 2298 690 2362 tutionem
749 2298 1215 2376 coenobiorum,
1277 2301 1450 2365 Conl.
1486 2301 1627 2381 XX,
1666 2298 1721 2381 l,
1776 2300 1805 2361 1
1858 2304 1921 2365 et
1966 2298 2026 2380 2,
2070 2298 2111 2362 2
2156 2299 2229 2361 in
2290 2307 2523 2383 quarto
2572 2298 2665 2360 in·

369 2402 794 2467 stitutionum
856 2401 1042 2466 libro.
1115 2406 1215 2469 his
1277 2404 1445 2469 enim
1508 2404 1806 2469 omnibus
1866 2408 2117 2469 tantum
2178 2404 2371 2469 libros
2417 2404 2666 2468 I—HII

373 2510 660 2594 intellegi
707 2510 865 2589 uult,
921 2510 1149 2592 quibus
1195 2529 1262 2574 re
1307 2529 1458 2574 uera
1501 2528 1627 2574 non
1676 2511 1808 2594 agit
1853 2509 1977 2574 nisi
2022 2509 2096 2572 de
2144 2509 2665 2574 monasteriorum

373 2614 708 2678 institutis,
817 2633 1016 2696 neque
1079 2615 1280 2698 magis
1343 2614 1571 2678 auxilio
1635 2619 1784 2678 sunt
1844 2615 2087 2678 codices
2160 2632 2425 2696 quorum
2498 2614 2665 2678 tituli

374 2722 611 2783 extant.
665 2719 1038 2802 inscriptum
1081 2723 1178 2784 est
1209 2720 1272 2784 in
1312 2717 1454 2782 GS:
1501 2718 1578 2781 In
1612 2719 1726 2782 hoc
1756 2739 2023 2804 corpore
2054 2718 2471 2782 continentur
2504 2716 2667 2781 libri

374 2821 717 2886 duodecim
775 2843 930 2907 quos
987 2821 1298 2886 Cassiano
1359 2833 1625 2886 auctore
1678 2822 1883 2886 editos
1928 2823 2253 2900 nouimus,
2318 2822 2394 2886 id
2438 2831 2529 2886 est
2589 2822 2666 2886 de

373 2925 614 2989 habitu
643 2925 943 2990 monachi
981 2936 1038 2990 et
1073 2926 1150 2990 de
1194 2927 1501 2991 canonico
1545 2937 2023 2990 nocturnarum
2068 2927 2439 2990 orationum
2484 2937 2543 2990 et
2590 2925 2667 2990 de

370 3031 685 3095 canonico
711 3031 1116 3094 diurnarum
1137 3031 1574 3116 orationum1)
1607 3042 1665 3096 et
1691 3031 1768 3096 de
1792 3030 2117 3095 institutis
2144 3031 2667 3096 renuntiantium

371 3145 436 3199 et
492 3135 570 3200 de
631 3145 766 3199 octo
823 3134 1320 3221 principalibus
1375 3136 1601 3217 uitiis;
1662 3138 1724 3202 in
1772 3137 1859 3200 L:
1896 3133 2205 3200 Cassiani
2262 3135 2667 3199 massilitani

359 3242 496 3327 prs
562 3239 725 3304 libri
785 3241 862 3304 de
915 3239 1104 3304 abitu
1163 3242 1623 3304 monachorum
1668 3251 1727 3304 et
1788 3241 1867 3306 de
1920 3241 2228 3306 canonico
2291 3241 2665 3304 orationum

369 3355 570 3431 atque
593 3345 1010 3432 psalmorum
1039 3345 1225 3410 modo
1255 3345 1613 3410 secundum
1646 3348 1930 3434 eqyptios
1962 3369 2137 3410 unus
2170 3346 2665 3410 institutionum

459 3454 494 3490 l.

369 3453 642 3586 ,f‘ss'ffissl
685 3502 762 3567 de
823 3502 1078 3589 oriyine
1137 3513 1198 3567 et
1257 3502 1578 3589 qualitate
1625 3527 1664 3566 κ
1720 3526 1797 3567 ac
1854 3503 2159 3568 remediis
2221 3513 2354 3567 octo
2408 3502 2664 3590 princi-

367 3607 640 3694 palium
699 3606 1026 3670 uitiorum
1088 3606 1255 3671 libri
1313 3618 1446 3672 octo
1507 3608 1791 3672 eiusdem
1852 3607 1929 3672 de
1996 3607 2227 3671 ordine
2286 3608 2668 3670 monasterii

372 3710 552 3775 liber
594 3713 862 3796 unus;²)
912 3713 975 3777 in
1021 3711 1121 3774 H:
1186 3711 1434 3798 Incipit
1469 3711 1818 3798 praefatio
1871 3710 2181 3777 Cassiani
2226 3713 2297 3775 in
2346 3711 2540 3774 libris
2590 3709 2665 3776 de

371 3816 792 3880 institutione
851 3825 912 3878 et
972 3815 1208 3878 habitu
1267 3818 1743 3880 monachorum.
1762 3819 1810 3902 ³)
1903 3837 1981 3882 ne
2028 3817 2351 3882 Gennadio
2413 3817 2667 3899 quidem

370 3923 538 3987 alios
583 3922 706 3986 nisi
739 3925 1059 4006 separatos
1092 3923 1484 4007 singularum
1516 3923 1793 4006 partium
1828 3923 2045 3988 titulos
2078 3923 2427 3987 innotuisse
2474 3921 2669 3986 uerba

466 4147 510 4215 1)
549 4145 648 4200 sic!
683 4147 842 4204 modo
877 4147 1136 4202 omissum
1173 4150 1268 4204 est.

463 4233 510 4301 2)
550 4233 614 4286 Id
651 4239 734 4288 est
769 4234 983 4304 regulae
1020 4251 1153 4303 quae
1188 4234 1478 4304 Augustini
1515 4253 1629 4290 esse
1666 4236 1934 4290 dicuntur.

465 4321 510 4389 ³)
549 4321 688 4374 Mira
731 4325 812 4376 est
848 4323 963 4377 cod.
990 4323 1283 4378 Sessoriani
1320 4324 1614 4394 inscriptio,
1662 4325 1725 4378 de
1772 4339 1878 4394 qua
1922 4323 2030 4378 uid.
2068 4322 2446 4377 Reifferscheid
2485 4322 2668 4386 BPLI,

367 4407 482 4464 uol.
509 4407 560 4472 1,
583 4424 636 4478 p.
665 4411 761 4465 137
799 4413 854 4464 et
891 4411 1006 4466 139.
