3167 4975
511 434 636 499 120
1316 432 1633 487 Iohannis
1678 430 1985 486 Cassiani

505 612 847 696 adinplere,
905 589 959 675 si
1003 611 1322 693 prouisam
1368 608 1708 693 pudicitiae
1755 608 2142 673 soliditatem
2187 608 2380 672 fallax
2426 608 2643 672 noxiae
2690 625 2801 670 uo-

503 717 769 800 luptatis
815 717 1028 800 imago
1075 715 1436 798 corruperit.

593 821 767 886 VIII.
816 822 1040 904 Itaque
1094 820 1147 884 si
1209 820 1428 904 agonis
1491 818 1832 883 mundialis
1892 817 2318 883 intelleximus
2379 818 2797 902 disciplinam,

506 927 685 991 cuius
755 926 1038 1008 exemplo
1105 924 1332 990 beatus
1401 924 1723 1008 apostolus
1790 941 1905 988 nos
1967 923 2171 988 uoluit
2236 922 2510 1003 erudire,
2571 922 2797 987 docens

505 1034 744 1114 quanta
773 1030 838 1094 in
870 1030 982 1095 illa
1012 1029 1095 1094 sit
1135 1028 1512 1110 obseruatio,
1559 1032 1799 1112 quanta
1836 1027 2182 1112 diligentia,
2229 1029 2465 1109 quanta
2494 1027 2797 1108 custodia,
2878 1047 2905 1085 ⁵

507 1136 657 1218 quid
718 1153 832 1199 nos
895 1135 1227 1199 conueniet
1284 1134 1520 1215 facere,
1581 1151 1709 1216 qua
1767 1133 2041 1217 puritate
2109 1131 2423 1216 oportebit
2490 1132 2800 1197 custodire

505 1241 704 1306 nostri
751 1239 1026 1322 corporis
1073 1242 1270 1321 atque
1307 1239 1554 1303 animae
1602 1238 1983 1319 castitatem,
2030 1256 2185 1321 quos
2232 1255 2491 1302 necesse
2543 1239 2641 1302 est
2697 1255 2800 1301 co-

505 1346 658 1410 tidie
691 1343 1109 1409 sacrosanctis
1142 1344 1289 1428 agni
1321 1341 1616 1408 carnibus
1648 1342 1843 1423 uesci,
1886 1360 2041 1426 quas
2074 1341 2393 1406 neminem
2424 1341 2799 1407 inmundum

506 1450 868 1534 contingere
901 1448 1094 1513 etiam
1127 1448 1358 1512 ueteris
1389 1447 1548 1531 legis
1579 1449 1917 1531 praecepta
1944 1447 2367 1531 permittunt?
2422 1447 2489 1512 in
2518 1446 2799 1511 Leuitico

509 1573 781 1637 namque
815 1554 906 1618 ita
927 1551 1334 1638 praecipitur:
1369 1552 1610 1617 omnis
1644 1552 1960 1616 mundus
1991 1551 2483 1616 manducabit
2512 1569 2796 1617 carnes,
2859 1579 2905 1617 ιο

507 1665 579 1725 et
625 1659 872 1724 anima
915 1675 1425 1741 quaecumque
1471 1656 1886 1721 comederit
1914 1657 2005 1720 de
2037 1655 2395 1720 carnibus
2428 1655 2799 1720 sacrificii

507 1762 868 1829 salutaris
901 1762 1092 1845 quod
1123 1765 1240 1827 est
1277 1761 1591 1842 domini,
1637 1761 1714 1826 in
1759 1778 1903 1843 qua
1947 1764 2063 1826 est
2104 1760 2599 1840 inmunditia,
2643 1779 2801 1844 per-

506 1869 650 1933 ibit
694 1886 940 1933 coram
987 1867 1303 1932 domino.
1382 1869 1691 1950 quantum
1738 1869 1835 1930 est
1878 1865 2073 1951 igitur
2118 1865 2500 1950 integritatis
2546 1883 2799 1945 munuS,

507 1975 642 2037 siue
689 1991 814 2056 qua
867 1976 930 2037 et
991 1973 1102 2054 illi,
1165 1973 1286 2056 qui·
1333 1975 1514 2036 erant
1573 1971 1691 2035 sub
1753 1970 1952 2035 ueteri
2013 1974 2415 2051 testamento,
2478 1970 2799 2034 sacrificiis

506 2077 732 2162 typicis
787 2096 913 2142 non
972 2080 1264 2162 poterant
1323 2077 1650 2158 interesse,
1710 2079 1775 2140 et
1834 2077 1941 2158 qui
1986 2077 2205 2140 mundi
2260 2076 2448 2140 huius
2495 2075 2800 2160 corrupti-
2856 2101 2908 2140 ιε»

504 2183 698 2248 bilem
747 2201 1040 2248 coronam
1089 2183 1350 2268 cupiunt
1395 2183 1677 2267 adipisci,
1726 2187 2047 2265 nequeunt
2092 2184 2391 2248 coronari.

591 2287 800 2352 VIIII.
849 2289 1074 2370 Itaque
1118 2288 1290 2353 omni
1338 2288 1627 2353 custodia
1670 2289 1875 2352 cordis
1920 2289 2119 2353 nostri
2168 2293 2319 2353 sunt
2362 2289 2643 2354 latebrae
2672 2291 2801 2374 pri-

503 2394 700 2458 mitus
748 2393 1106 2477 expiandae.
1187 2393 1352 2476 quod
1401 2393 1566 2456 enim
1615 2392 1709 2456 illi
1756 2392 1819 2456 in
1868 2393 2142 2477 corporis
2202 2394 2477 2478 puritate
2539 2395 2801 2479 cupiunt

506 2500 784 2581 adsequi,
835 2492 948 2563 nos
997 2498 1298 2562 debemus
1345 2498 1540 2562 etiam
1590 2498 1653 2562 in
1700 2498 1946 2563 arcanis
1992 2498 2413 2564 conscientiae
2458 2500 2799 2584 possidere,

503 2605 566 2669 in
629 2623 756 2686 qua
815 2604 1107 2668 dominus
1169 2602 1405 2667 arbiter
1467 2606 1656 2685 atque
1725 2603 2107 2687 agonotheta
2170 2604 2452 2670 residens
2519 2623 2799 2689 pugnam
2854 2627 2907 2666 20

507 2728 729 2773 cursus
777 2712 839 2773 et
886 2707 1250 2772 certaminis
1295 2708 1496 2772 nostri
1541 2707 1773 2791 iugiter
1819 2710 2083 2791 spectat,
2128 2711 2203 2773 ut
2234 2726 2326 2789 ea,
2374 2710 2629 2791 quaein
2660 2727 2801 2792 pro—

503 2814 720 2897 patulo
781 2814 1108 2877 horremus
1169 2812 1532 2893 admittere,
1596 2832 1675 2876 ne
1728 2812 2107 2877 intrinsecus
2154 2813 2408 2895 quidem
2454 2815 2800 2878 coalescere

506 2919 760 2982 incauta
805 2917 1185 3002 cogitatione
1229 2918 1567 3000 patiamur,
1625 2920 1689 2982 et
1732 2918 1799 2981 in
1846 2918 2074 3000 quibus
2120 2918 2399 2984 humana
2444 2919 2798 3003 cognitione

507 3022 976 3105 confundimur,
1039 3042 1118 3087 ne
1176 3023 1423 3086 occulta
1467 3022 1723 3105 quidem
1769 3023 2127 3087 coniuentia
2185 3023 2557 3107 polluamur.
2638 3042 2797 3106 quae

499 3129 652 3193 licet
711 3129 913 3212 possit
972 3128 1302 3192 hominum
1363 3128 1701 3211 praeterire
1763 3128 2083 3208 notitiam,
2154 3132 2513 3193 sanctorum
2581 3133 2795 3194 tamen
2850 3158 2902 3198 25

503 3234 870 3316 angelorum
917 3232 1240 3316 ipsiusque
1299 3232 1750 3316 omnipotentis
1812 3231 1911 3295 dei
1974 3232 2324 3315 scientiam,
2386 3251 2576 3316 quam
2623 3236 2799 3299 nulla

501 3338 976 3421 subterfugiunt
1025 3339 1284 3419 secreta,
1329 3338 1525 3401 latere
1571 3355 1697 3401 non
1742 3337 1991 3421 poterit.

587 3442 664 3505 X.
717 3441 908 3507 Cuius
954 3441 1249 3525 puritatis
1299 3442 1416 3505 hoc
1463 3442 1582 3506 erit
1629 3441 1885 3506 euidens
1931 3442 2233 3508 indicium
2288 3460 2363 3507 ac
2417 3445 2603 3528 plena
2653 3462 2797 3526 pro-

502 3546 692 3627 batio,
740 3547 793 3610 si
833 3546 934 3610 uel
969 3546 1144 3610 nulla
1189 3546 1399 3629 imago
1445 3546 1736 3611 inliciens
1785 3547 2013 3629 quietis
2061 3547 2243 3612 nobis
2290 3551 2354 3612 et
2395 3547 2463 3613 in
2510 3566 2797 3632 soporem

710 3674 796 3744 10]
835 3674 962 3727 Len.
991 3678 1037 3739 7,
1068 3677 1274 3731 19—20
1300 3674 1502 3744 (Lxx).

590 3791 614 3842 1
645 3786 937 3856 adimplere
961 3788 1128 3843 AG'L
1207 3788 1527 3857 promissam
1551 3790 1622 3843 H
1694 3788 1987 3843 uoluntatis
2014 3790 2078 3843 H
2084 3792 2153 3844 1Τ
2226 3793 2258 3844 2
2286 3792 2639 3860 corrumperit
2662 3794 2731 3847 H
2732 3794 2802 3847 ¹1*

502 3876 535 3929 3
562 3873 927 3942 intellegimus
951 3875 1022 3930 H
1107 3878 1139 3930 6
1163 3875 1447 3928 conueniat
1471 3876 1539 3930 H
1632 3878 1691 3931 11
1721 3875 1892 3929 ederit
1917 3878 1986 3931 H
2072 3879 2135 3932 14
2173 3880 2227 3930 et
2254 3876 2499 3933 GHLT:
2522 3879 2684 3932 etiam
2710 3880 2797 3935 Av

507 3964 570 4016 17
609 3961 861 4031 primitus
902 3960 1136 4016 latebrae
1171 3962 1226 4017 L
1370 3965 1435 4018 19
1472 3962 1663 4017 debere
1700 3964 1755 4017 A
1896 3963 2058 4017 etiam
2095 3982 2195 4020 om.
2231 3964 2284 4019 L
2389 3965 2443 4018 in
2482 3966 2713 4035 arcanis]
2739 3966 2794 4020 in

501 4047 674 4100 cordis
712 4048 958 4101 archanis
992 4051 1061 4104 H
1122 4050 1180 4102 in
1215 4048 1390 4103 cordis
1422 4049 1477 4104 L
1604 4050 1925 4104 conscientia
1956 4052 2011 4104 L
2141 4053 2210 4106 20
2244 4050 2554 4119 agonitheta
2604 4054 2794 4109 G‘HL

500 4137 564 4188 21
618 4134 693 4204 et]
734 4138 893 4203 atque
929 4137 999 4190 H
1141 4138 1348 4205 spectat
1396 4135 1478 4191 Gr
1522 4142 1572 4193 et
1617 4137 1727 4193 duo
1771 4138 1923 4193 codd.
1972 4138 2126 4207 apud
2178 4138 2506 4208 Cayckium:
2554 4143 2795 4210 expectat

499 4222 711 4277 ASLT
775 4225 1015 4292 expectet
1058 4224 1127 4277 H
1260 4225 1329 4278 22
1378 4223 1625 4277 amittere
1670 4226 1723 4279 L
1866 4224 2145 4279 coaliscere
2188 4227 2243 4281 A
2386 4228 2455 4282 23
2496 4225 2553 4280 in
2588 4246 2631 4282 ε.
2670 4230 2701 4283 l.
2743 4228 2793 4283 G

498 4311 568 4364 24
595 4308 898 4364 conibentia
921 4310 1026 4365 GL
1097 4312 1163 4365 25
1189 4310 1395 4378 tamen]
1425 4327 1655 4380 namque
1675 4312 1728 4365 A
1799 4313 1869 4367 27
1898 4312 2303 4381 supterfugiunt
2328 4316 2381 4368 A
2452 4317 2521 4371 28
2545 4312 2709 4384 plana
2734 4316 2802 4370 H

498 4399 531 4453 9
567 4395 811 4451 inliciens
845 4398 957 4453 Ar.-
994 4395 1260 4467 decipiens
1303 4398 1552 4455 GHLTc
1656 4398 2053 4469 quiescentibus
2089 4402 2177 4457 Av
2282 4416 2467 4471 sopore
2504 4402 2557 4457 L
