3167 4975
276 1553 327 1590 1⁰

276 2072 327 2112 15

274 2596 329 2635 20

276 3120 332 3157 25

1176 417 1335 470 Inst.
1373 414 1484 469 lib.
1523 416 1598 479 11,
1639 417 1858 472 10—12.
2587 413 2668 478 27

377 611 489 676 pro
536 592 781 658 feruore
842 591 1100 675 spiritus
1162 592 1265 656 uel
1318 610 1429 675 pro
1492 609 1562 656 eo
1626 592 1792 675 quod
1853 591 2122 656 necdum
2182 591 2513 655 institutus
2578 592 2674 654 est

380 697 654 782 coeperit
712 697 972 762 modum
1032 697 1491 762 decantationis
1548 697 1864 776 excedere,
1927 694 2258 780 psallentis
2318 693 2672 778 progressio
2735 763 2745 773 .

380 802 645 867 senioris
698 801 1093 867 interciditur
1152 802 1401 886 plausu,
1462 820 1654 884 quem
1715 799 1872 865 dans
1935 818 2128 864 manu
2191 817 2306 864 sua
2365 799 2432 864 in
2493 797 2675 863 sedili

381 925 502 989 quo
550 907 728 971 sedet
772 910 1031 971 cunctos
1077 907 1232 971 facit
1278 907 1355 970 ad
1416 907 1766 970 orationem
1812 923 2210 988 consurgere,
2269 904 2426 968 illud
2473 903 2676 968 omni-

380 1011 583 1076 modis
629 1011 987 1096 prouidenS,
1049 1030 1127 1074 ne
1175 1011 1341 1093 quod
1386 1011 1672 1075 taedium
1718 1009 2083 1074 sedentibus
2143 1012 2480 1092 generetur
2534 1025 2676 1090 pro-

380 1116 627 1181 lixitate
655 1116 1067 1199 psalmorum,
1114 1133 1239 1198 qua
1268 1116 1323 1180 is
1356 1116 1464 1198 qui
1508 1117 1807 1179 decantat
1837 1132 1963 1179 non
1995 1113 2178 1178 modo
2223 1133 2334 1196 per
2366 1133 2432 1176 se
2465 1113 2676 1196 ipsum

379 1219 851 1304 intellegentiae
896 1221 1174 1286 fructum
1222 1220 1495 1300 amittat,
1548 1220 1658 1283 sed
1706 1219 1896 1283 etiam
1943 1238 2054 1302 per
2101 1218 2242 1282 illos
2287 1217 2525 1282 incidat
2567 1218 2676 1280 de-

381 1325 773 1404 trimentum,
807 1342 963 1406 quos
988 1325 1317 1388 fastidium
1343 1341 1647 1406 synaxeos
1673 1323 2000 1387 nimietate
2027 1341 2143 1386 sua
2163 1323 2316 1386 fecit
2337 1323 2670 1386 incurrere.

383 1429 539 1494 illud
585 1448 831 1512 quoque
878 1429 1045 1512 apud
1091 1447 1196 1493 eos
1244 1429 1417 1493 omni
1462 1428 1868 1493 obseruantia
1912 1427 2283 1507 custoditur,
2343 1429 2416 1490 ut
2461 1426 2526 1490 in
2573 1445 2671 1490 re-

383 1535 715 1617 sponsione
747 1534 1035 1599 alleluiae
1068 1534 1279 1598 nullus
1328 1534 1573 1598 dicatur
1616 1533 1902 1616 psalmus
1948 1532 2071 1596 nisi
2115 1532 2191 1612 is,
2239 1532 2348 1614 qui
2393 1531 2458 1595 in
2491 1531 2678 1596 titulo

383 1657 494 1703 suo
558 1639 845 1702 alleluiae
906 1639 1312 1722 inscriptione
1356 1641 1784 1722 praenotatur.
1863 1637 2254 1720 praedictum
2314 1655 2464 1701 uero
2525 1636 2677 1701 duo-

382 1743 713 1807 denarium
757 1744 1147 1826 psalmorum
1178 1761 1511 1807 numerum
1558 1743 1651 1807 ita
1693 1742 2004 1822 diuidunt,
2051 1744 2140 1821 ut,
2189 1742 2245 1807 si
2289 1741 2409 1805 duo
2441 1741 2676 1806 fuerint

382 1848 631 1928 fratreS,
680 1867 865 1912 senos
910 1848 1206 1930 psallant,
1264 1848 1320 1910 si
1365 1853 1513 1927 treS,
1562 1851 1920 1929 quaternos,
1978 1847 2032 1910 si
2078 1849 2394 1928 quattuor,
2443 1849 2674 1911 ternos.

382 1970 506 2034 quo
552 1971 813 2017 numero
870 1971 1217 2034 numquam
1266 1952 1475 2016 minus
1522 1952 1585 2015 in
1649 1951 2134 2035 congregatione
2180 1950 2540 2030 decantant,
2603 1969 2676 2014 ae

382 2057 659 2140 perinde,
723 2057 1115 2140 quantalibet
1162 2056 1502 2121 multitudo
1550 2057 1932 2137 conuenerit,
1995 2072 2342 2137 numquam
2405 2055 2675 2137 amplius

381 2162 663 2244 psallunt
708 2162 773 2226 in
820 2162 1037 2244 synaxi
1084 2179 1274 2243 quam
1319 2164 1616 2242 quattuor
1663 2161 1908 2224 fratres

468 2266 610 2330 XII.
659 2267 849 2330 Hunc
896 2284 1045 2330 sane
1092 2266 1465 2330 canonicum
1510 2285 1700 2348 quem
1752 2265 2176 2349 praediximus
2223 2264 2676 2330 duodenarium

380 2371 769 2454 psalmorum
804 2389 1139 2435 numerum
1164 2371 1277 2434 tali
1308 2371 1583 2454 corporis
1609 2371 1820 2452 quiete
1850 2371 2156 2451 releuant,
2185 2375 2262 2435 ut
2283 2370 2398 2434 has
2423 2369 2674 2433 easdem

382 2478 942 2561 congregationum
988 2477 1446 2542 sollemnitates
1506 2496 1579 2540 ex
1627 2496 1798 2541 more
1844 2476 2234 2541 celebrantes
2297 2475 2534 2558 absque
2583 2494 2676 2555 ec,

384 2582 492 2664 qui
539 2582 823 2646 dicturus
887 2584 951 2645 in
997 2584 1275 2646 medium
1336 2583 1620 2667 psalmos
1682 2582 2039 2662 surrexerit,
2101 2582 2312 2645 cuncti
2373 2580 2675 2645 sedilibus

384 2686 761 2751 humillimis
808 2686 1153 2752 insidentes
1201 2706 1239 2751 a
1284 2705 1435 2750 uoce
1483 2686 1812 2771 psallentis
1859 2686 2032 2751 omni
2079 2686 2280 2751 cordis
2329 2686 2676 2749 intentione

385 2792 796 2874 dependeant.
853 2792 945 2855 ita
989 2810 1261 2873 namque
1309 2792 1559 2855 ieiuniis
1608 2795 1671 2855 et
1715 2792 2073 2875 operatione
2120 2791 2314 2855 totius
2361 2790 2484 2853 diei
2531 2808 2678 2854 noc-

385 2897 591 2977 tisque
638 2895 1012 2976 lassescunt,
1072 2901 1165 2976 ut,
1227 2895 1347 2959 nisi
1394 2896 1826 2959 huiuscemodi
1879 2896 2218 2959 refectione
2281 2895 2676 2975 adiuuentur,
2781 2961 2788 2967 ,

387 3020 464 3065 ne
510 3000 677 3064 hunc
710 3000 961 3081 quidem
1008 3019 1343 3063 numerum
1375 3004 1617 3064 stantes
1651 3001 1894 3082 explere
1927 3000 2348 3083 praeualeant.
2429 3000 2676 3063 nullum
2724 3002 2760 3053 2

388 3106 623 3169 etenim
667 3109 920 3189 tempus
968 3104 1047 3169 ab
1094 3105 1297 3187 operis
1346 3105 1786 3169 exercitatione
1831 3123 2103 3169 uacuum
2151 3104 2418 3169 transire
2459 3122 2679 3168 conce-

386 3210 562 3289 dunt,
629 3210 777 3292 quia
822 3228 943 3273 non
1008 3209 1215 3273 solum
1262 3228 1355 3289 ea,
1418 3227 1577 3292 quae
1625 3209 1748 3273 diei
1810 3210 2103 3291 splendor
2149 3209 2450 3288 admittit,
2505 3210 2676 3273 omni

386 3314 692 3378 instant-ia
747 3314 1039 3379 manibus
1103 3332 1383 3377 exercere
1431 3315 1836 3394 contendunt,
1899 3314 2007 3377 sed
2056 3315 2248 3378 etiam
2306 3314 2417 3378 illa
2461 3331 2678 3397 opera-

386 3420 631 3483 tionum
661 3438 895 3502 genera
924 3418 1195 3483 sollicita
1224 3422 1436 3483 mente
1466 3419 1858 3501 perquirunt,
1890 3437 2049 3501 quae
2081 3438 2160 3483 ne
2191 3419 2390 3503 ipsius
2421 3418 2674 3501 quidem

386 3525 589 3588 noctis
620 3524 1033 3589 densissimae
1080 3522 1377 3587 tenebrae
1408 3523 1665 3587 ualeant
1695 3524 1995 3607 inpedire,
2043 3524 2367 3588 credentes
2401 3544 2467 3587 se
2499 3527 2677 3589 tanto

388 3628 818 3693 sublimiorem
880 3628 1257 3712 spiritalium
1306 3628 1908 3712 contemplationum
1968 3630 2242 3712 puritate
2289 3630 2522 3693 mentis
2583 3629 2678 3693 in-

472 3768 507 3823 2
544 3766 817 3837 coeperint
850 3766 905 3821 L
1012 3764 1229 3821 modom
1266 3767 1341 3820 L¹
1450 3765 1689 3820 excidere
1727 3767 1890 3822 H¹L¹
2004 3768 2038 3822 4
2077 3767 2283 3820 cunctis
2324 3766 2396 3821 6¹
2505 3767 2678 3821 omni-

386 3854 487 3909 bus
524 3854 699 3909 modis
734 3872 768 3909 v
874 3856 907 3909 6
942 3854 1071 3923 quia
1111 3854 1257 3909 (ι’ῑΗ
1368 3856 1399 3909 7
1436 3853 1630 3908 incidit
1667 3856 1736 3909 Π
1833 3858 1867 3911 8
1904 3855 2148 3923 synaxios
2189 3854 2264 3908 61¹
2335 3855 2579 3908 sinaxeus
2617 3856 2686 3908 H

389 3946 455 3999 10
492 3942 705 4013 alleluie
748 3942 849 3999 GS
882 3941 1063 3997 Paris.
1100 3944 1235 3997 260:
1270 3940 1486 3995 alleluia
1521 3942 1637 3997 HL
1755 3941 1931 4010 tytulo
1966 3942 2042 3997 L¹
2169 3944 2231 3997 11
2271 3941 2514 3995 alleluiae
2554 3942 2678 3996 GS:

385 4028 602 4083 alleluia
626 4029 741 4085 HL
850 4032 914 4085 15
948 4027 1173 4097 proinde
1198 4046 1231 4083 v
1342 4032 1406 4084 16
1438 4028 1674 4097 psallant
1697 4030 1813 4083 HL
1919 4028 2088 4083 sinaxi
2117 4028 2262 4083 (ΡΗ
2363 4032 2426 4083 17
2453 4028 2588 4081 XJII
2617 4030 2681 4082 ΙΙ

388 4121 455 4173 19
500 4116 777 4185 sollempn.
823 4116 877 4170 L
982 4118 1050 4171 20
1097 4116 1381 4169 resurrexit
1425 4118 1509 4171 H¹
1640 4116 1845 4170 cunctis
1887 4116 1960 4170 (3¹
2089 4119 2154 4172 21
2203 4115 2502 4170 insedentes
2539 4116 2678 4169 HL¹

384 4223 418 4259 a
456 4219 584 4257 uoce
624 4203 767 4258 GH.-
802 4201 869 4256 ad
906 4218 1091 4256 uocem
1117 4204 1199 4258 Lc
1306 4202 1371 4257 ab
1408 4219 1499 4257 ore
1532 4222 1565 4259 r
1671 4206 1737 4259 22
1777 4203 1966 4257 ieiunis
1993 4204 2068 4257 L¹
2175 4206 2244 4257 23
2279 4202 2566 4257 lassiscunt
2600 4204 2676 4257 L¹

385 4290 745 4345 cuiuscemodi
770 4291 838 4345 ΙΙ
935 4293 1005 4345 24
1042 4304 1137 4343 nec
1174 4291 1243 4345 H
1341 4290 1563 4359 implere
1598 4310 1633 4345 v
1736 4293 1804 4345 25
1841 4290 2133 4345 concidunt
2167 4291 2252 4344 H*
2358 4293 2426 4346 28
2462 4291 2552 4360 ne]
2586 4306 2676 4343 ne-

385 4394 489 4447 que
525 4378 595 4434 H
702 4380 771 4433 30
804 4377 1095 4447 puritatem
1128 4378 1217 4433 Lv
1320 4377 1521 4431 intuitu
1557 4396 1593 4433 v
