3167 4975
1322 449 1483 504 Inst.
1518 449 1720 519 praef.
2625 450 2668 514 5

376 625 663 709 ipsorum
694 625 940 690 incitati
970 626 1301 690 cotidianis
1334 625 1875 691 adhortationibus
1923 630 1988 691 et
2018 627 2317 710 exemplis
2350 627 2450 690 uel
2483 644 2668 710 agere

376 731 833 813 temptauimus
878 730 983 794 uel
1039 731 1373 795 didicimus
1417 732 1521 795 uel
1567 733 1710 796 uisu
1755 733 2169 815 percepimus,
2235 731 2494 796 minime
2539 731 2668 795 iam

372 854 713 920 possumus
760 836 838 900 ad
870 837 1188 920 integrum
1223 837 1514 917 retinere,
1562 840 1660 901 tot
1691 855 1996 902 annorum
2044 837 2293 901 circulis
2341 836 2418 900 ab
2453 853 2668 900 eorum

375 941 690 1005 consortio
724 943 786 1004 et
816 940 1167 1005 imitatione
1214 942 1710 1006 conuersationis
1754 941 2074 1021 abstracti,
2120 942 2490 1024 praesertim
2523 959 2668 1004 cum

286 1059 319 1099 ⁵
374 1045 605 1110 harum
648 1064 860 1109 rerum
904 1046 1065 1110 ratio
1110 1064 1508 1129 nequaquam
1553 1047 1756 1129 possit
1813 1047 2015 1112 otiosa
2061 1046 2468 1111 meditatione
2523 1046 2668 1110 doc-

374 1150 665 1232 trinaque
698 1149 1033 1214 uerborum
1065 1151 1165 1215 uel
1202 1151 1361 1214 tradi
1392 1151 1493 1215 uel
1542 1152 1827 1234 intellegi
1871 1152 1972 1214 uel
2005 1151 2310 1214 memoria
2341 1151 2666 1214 contineri.

374 1258 583 1319 totum
614 1272 887 1338 namque
931 1257 997 1320 in
1030 1256 1164 1320 sola
1210 1257 1592 1339 experientia
1621 1275 1862 1338 usuque
1909 1255 2218 1336 consistit,
2267 1259 2330 1318 et
2361 1255 2660 1336 quemad-

376 1360 635 1425 modum
667 1359 833 1423 tradi
864 1360 988 1423 nisi
1034 1361 1111 1424 ab
1146 1364 1396 1443 experto
1443 1379 1569 1425 non
1602 1365 1859 1443 queunt,
1908 1361 1997 1424 ita
2027 1379 2106 1424 ne
2145 1361 2380 1443 percipi
2412 1360 2666 1442 quidem

373 1465 477 1528 uel
522 1464 805 1548 intellegi
851 1465 973 1528 nisi
1021 1464 1098 1528 ab
1148 1483 1240 1546 eo,
1304 1467 1411 1548 qui
1458 1483 1533 1529 ea
1589 1466 1727 1548 pari
1774 1465 1979 1529 studio
2041 1483 2114 1529 ac
2161 1466 2384 1529 sudore
2445 1465 2666 1548 adpre-

258 1582 321 1622 10
374 1569 647 1632 hendere
693 1568 1127 1648 elaborauerit,
1189 1574 1485 1653 possunt:
1549 1588 1708 1652 quae
1755 1573 1969 1634 tamen
2025 1571 2078 1633 si
2127 1569 2477 1634 conlatione
2531 1569 2664 1652 iugi

373 1673 755 1757 spiritalium
799 1674 1077 1739 uirorum
1126 1675 1481 1756 frequenter
1526 1676 1813 1740 discussa
1873 1693 1998 1739 non
2045 1675 2282 1738 fuerint
2341 1679 2402 1738 et
2445 1674 2664 1758 polita,

370 1780 497 1842 cito
541 1797 797 1843 rursum
842 1780 1073 1843 mentis
1130 1781 1371 1844 incuria
1416 1780 1800 1845 dilabuntur.
1871 1780 2054 1844 tertio
2117 1781 2264 1862 quia
2307 1779 2370 1842 id
2431 1780 2662 1862 ipsum,

372 1883 538 1966 quod
570 1887 911 1966 utcumque
957 1901 1081 1949 non
1114 1903 1225 1967 pro
1274 1885 1497 1949 merito
1528 1886 1639 1965 rei,
1687 1886 1798 1949 sed
1837 1903 1949 1968 pro
1979 1885 2331 1968 praesentis
2363 1885 2664 1967 temporis

369 1989 544 2052 statu
590 2005 925 2070 possumus
970 1989 1311 2070 reminisci,
1374 1989 1698 2072 inperitior
1746 2007 1950 2053 sermo
1997 2008 2268 2073 congrue
2314 2007 2440 2053 non
2493 1990 2666 2053 ualet

254 2103 314 2145 1⁵
370 2092 699 2174 explicare.
759 2092 883 2156 huc
918 2094 1175 2173 accedit,
1224 2094 1387 2174 quod
1421 2113 1608 2176 super
1637 2095 1756 2158 hac
1785 2114 1854 2158 re
1899 2094 2020 2158 uiri
2052 2098 2116 2158 et
2159 2094 2294 2158 uita
2326 2092 2569 2157 nobiles
2601 2097 2664 2156 et

366 2215 657 2262 sermone
704 2197 1089 2280 scientiaque
1138 2200 1443 2280 praeclari
1489 2200 1693 2263 mult-a
1737 2199 1864 2262 iam
1911 2199 2212 2281 opuscula
2257 2198 2660 2280 desudarunt,

365 2304 660 2366 sanctum
722 2302 1033 2366 Basilium
1101 2307 1164 2367 et
1223 2303 1682 2385 Hieronymum
1753 2303 1889 2367 dico
1959 2303 2236 2384 aliosque
2304 2303 2658 2367 nonnullos·

366 2424 637 2489 quorum
670 2407 944 2471 anterior
976 2407 1445 2471 sciscitantibus
1479 2408 1780 2472 fratribus
1827 2427 2015 2492 super
2053 2408 2318 2471 diuersis
2349 2408 2662 2472 institutis

368 2513 473 2575 uel
522 2512 995 2593 quaestionibus
1044 2530 1169 2577 non
1218 2514 1423 2577 solum
1470 2514 1760 2595 facundo,
1807 2532 2030 2577 uerum
2077 2514 2270 2577 etiam
2303 2514 2660 2577 diuinarum

250 2632 313 2670 20
370 2618 825 2700 scripturarum
872 2618 1253 2683 testimoniis
1301 2620 1549 2702 copioso
1599 2637 1884 2683 sermone
1916 2619 2257 2702 respondit,
2306 2619 2465 2682 alius
2510 2637 2660 2683 uero

362 2740 492 2786 non
540 2721 743 2786 solum
792 2740 903 2786 suo
952 2723 1349 2787 elucubratos
1399 2724 1652 2807 ingenio
1700 2724 1893 2788 edidit
1939 2723 2153 2804 libroS,
2199 2742 2422 2787 uerum
2469 2724 2660 2787 etiam

366 2826 608 2891 Graeca
638 2827 857 2911 lingua
887 2828 1164 2911 digestos
1197 2828 1260 2891 in
1286 2826 1586 2892 Latinum
1611 2829 1804 2894 uertit
1829 2828 2160 2910 eloquium.
2223 2833 2367 2911 post
2391 2846 2658 2910 quorum

365 2934 502 2996 tam
543 2931 952 2996 exuberantia
982 2932 1375 3014 eloquentiae
1406 2932 1671 2997 flumina
1697 2952 1948 3015 possem
1997 2951 2122 2997 non
2155 2933 2448 2997 inmerito
2479 2952 2660 3016 prae-

368 3036 750 3121 sumptionis
784 3038 1009 3117 notari,
1052 3038 1105 3099 si
1138 3037 1370 3119 aliquid
1406 3038 1709 3102 stillicidii
1741 3038 1928 3101 huius
1962 3037 2192 3101 inferre
2223 3042 2658 3121 temptassem,

252 3152 307 3193 2⁵
368 3140 492 3205 nisi
540 3160 641 3205 me
672 3141 829 3205 haec
874 3140 1103 3205 fiducia
1132 3146 1277 3206 tuae
1326 3142 1682 3206 sanctitatis
1716 3144 2025 3207 animaret
2071 3148 2134 3208 et
2175 3144 2447 3226 sponsio,
2496 3145 2660 3226 quod

366 3246 471 3309 uel
516 3246 635 3310 tibi
679 3246 799 3310 hae
846 3264 1051 3331 nugae
1090 3248 1298 3310 forent
1344 3250 1636 3330 acceptae
1669 3248 2158 3330 qualescumque
2205 3252 2373 3328 sunt,
2419 3249 2523 3311 uel
2556 3267 2660 3312 eas

366 3351 839 3435 congregationi
892 3352 1161 3415 fratrum
1224 3352 1287 3415 in
1336 3352 1583 3415 nouello
1645 3356 1895 3415 tantum
1943 3354 2320 3417 monasterio
2381 3372 2660 3417 commo-

366 3456 647 3520 rantium
693 3456 1055 3538 deputares:
1113 3457 1240 3538 qui,
1300 3456 1353 3520 si
1398 3456 1547 3537 quid
1597 3474 1634 3521 a
1679 3456 1861 3520 nobis
1909 3457 2118 3520 minus
2165 3458 2430 3522 forsitan
2477 3462 2658 3523 caute

458 3630 483 3684 1
524 3632 579 3682 et
612 3646 714 3684 om.
742 3630 827 3683 Ηι
934 3628 1396 3683 adhortationibus
1435 3629 1717 3683 cotidianis
1743 3632 1902 3697 atque
1927 3630 1981 3683 L
2087 3633 2120 3685 2
2146 3629 2496 3684 temtauimus
2521 3632 2660 3685 H¹L

366 3716 661 3770 dedicimus
698 3716 862 3771 ΗῙΙι1
1012 3716 1336 3785 percipimus
1384 3718 1463 3771 H¹
1607 3720 1640 3771 3
1687 3716 1756 3769 ad
1800 3716 2070 3785 integrum
2117 3717 2224 3769 iam
2269 3733 2551 3785 possumus
2598 3720 2667 3773 Η

364 3806 601 3857 retenere
626 3804 709 3859 Ηι
815 3806 850 3859 4
876 3804 1300 3856 conuersationes
1326 3806 1403 3858 L¹
1510 3808 1542 3858 6
1568 3804 1840 3857 conteneri
1865 3806 1946 3857 H¹
2055 3807 2086 3859 8
2113 3820 2208 3857 nec
2235 3806 2407 3859 HL²v
2515 3807 2575 3860 11
2607 3809 2660 3859 ct

365 3890 595 3959 expolita
618 3891 687 3945 H
789 3893 852 3946 12
880 3888 1203 3944 delabuntur
1224 3892 1309 3945 H¹
1408 3892 1472 3946 14
1496 3892 1762 3959 possimus
1792 3891 1866 3945 G¹
1965 3892 2028 3945 15
2054 3890 2248 3943 nobilis
2273 3891 2348 3944 L¹
2449 3894 2510 3947 17
2535 3890 2658 3945 bas-

365 3976 547 4031 silium
572 3977 641 4032 H
641 3978 711 4032 ¹L
781 3976 1139 4030 hieronimum
1165 3978 1317 4033 codd.
1395 3980 1459 4033 19
1486 3977 1713 4031 facondo
1739 3978 1812 4031 L¹
1886 3980 1954 4033 20
1979 3977 2278 4030 testimonis
2304 3980 2379 4032 L¹
2450 3981 2516 4034 21
2545 3979 2657 4032 elu-

364 4062 619 4119 cubratus
655 4065 739 4119 H¹
812 4062 1150 4117 elocubratus
1186 4066 1261 4119 L¹
1334 4068 1401 4119 22
1439 4082 1598 4134 greca
1633 4066 1786 4120 codd.
1861 4064 2104 4132 degestos
2131 4066 2292 4119 H¹L¹
2363 4068 2431 4120 23
2456 4066 2654 4133 possim

363 4154 504 4208 H¹L
608 4154 677 4207 24
702 4151 917 4205 imferre
942 4153 995 4206 L
1102 4155 1420 4221 temptarem
1447 4154 1515 4206 H
1615 4156 1680 4207 25
1706 4153 1836 4205 haec
1867 4152 2020 4207 GL1:
2047 4150 2112 4204 ad
2138 4151 2268 4205 hacc
2293 4154 2370 4206 L2
2394 4159 2444 4206 ct
2469 4151 2517 4206 ‘4
2543 4152 2656 4208 ms.⁸

362 4240 518 4309 a1md
545 4238 845 4310 Cuyckium
882 4238 985 4291 nisi
1022 4239 1090 4292 ad
1125 4238 1255 4292 hacc
1294 4256 1378 4292 mc
1404 4241 1472 4294 H
1535 4239 1638 4293 nisi
1665 4256 1748 4291 me
1775 4240 1830 4292 et
1853 4239 1973 4307 (om.
2001 4239 2150 4307 haec)
2175 4258 2208 4293 r
2279 4242 2332 4293 et
2356 4256 2490 4294 eras.
2517 4242 2580 4294 in
2603 4242 2657 4295 L

364 4326 497 4394 quid
538 4326 611 4380 G¹
716 4328 785 4381 26
820 4326 919 4379 hee
943 4328 996 4381 L
1104 4326 1252 4395 sunt]
1281 4329 1457 4379 essent
1483 4328 1551 4381 H
1650 4330 1716 4381 27
1745 4326 2012 4379 fratruum
2037 4328 2121 4381 11¹
2227 4330 2294 4383 28
2323 4328 2474 4379 caute
2499 4326 2656 4380 forsi-

366 4416 461 4467 tan
498 4414 565 4468 H
594 4414 774 4483 (saepe
808 4415 1077 4470 uocabula
1110 4416 1175 4468 in
1210 4414 1279 4468 H
1307 4416 1535 4469 traiecta
1567 4420 1710 4483 sunt,
1757 4415 1902 4483 quod
1929 4416 2247 4483 plerumque
2287 4432 2402 4469 ‘non
2435 4416 2657 4483 notabo)
