3167 4975
440 403 526 468 20
1250 404 1567 458 Iohannis
1617 402 1917 472 Cassiani

441 584 506 645 et
547 581 819 664 gratiam
866 581 1071 645 sancti
1117 580 1375 665 spiritus
1423 599 1562 646 esse
1610 579 1938 645 definiunt.
2001 598 2150 646 nam
2196 600 2400 664 neque
2433 583 2734 647 salutaria

439 688 775 770 praecepta
819 685 1181 769 quempiam
1241 703 1425 770 posse
1486 684 2072 769 obtemperantibus
2134 687 2548 769 praestituere
2609 687 2733 752 nisi

443 809 608 871 eum,
658 790 766 872 qui
809 790 983 874 prius
1029 790 1343 854 uniuersis
1389 791 1702 855 uirtutum
1749 790 2098 874 disciplinis
2143 791 2336 876 fuerit
2365 791 2732 872 instructuS,

442 913 559 959 nec
604 892 900 960 oboedire
946 913 1327 977 quemquam
1389 895 1621 960 seniori
1666 913 1850 979 posse
1893 895 2018 958 nisi
2065 914 2230 976 eum,
2290 897 2398 977 qui
2443 914 2736 960 consum-

442 1004 653 1064 matus
700 1000 927 1064 timore
974 999 1075 1065 dei
1122 1004 1186 1065 et
1214 999 1596 1064 humilitatis
1643 999 1835 1064 fuerit
1872 999 2108 1064 uirtute
2152 1000 2488 1084 perfectus
2564 1000 2734 1065 ideo-

441 1123 563 1188 que
609 1104 1011 1169 diuersitates
1058 1107 1351 1189 typorum
1398 1122 1471 1168 ac
1514 1104 1880 1187 regularum
1925 1122 2035 1188 per
2081 1107 2320 1170 ceteras
2379 1105 2735 1188 prouincias

441 1209 757 1274 cernimus
804 1211 1160 1293 usurpatae,
1207 1209 1373 1291 quod
1403 1209 1775 1292 plerumque
1818 1209 2135 1273 seniorum
2182 1209 2600 1274 institutionis
2631 1229 2737 1274 ex-

440 1317 649 1398 pertes
682 1314 1084 1378 monasteriis
1114 1331 1405 1397 praeesse
1451 1313 1756 1378 audemus
1789 1317 1854 1378 et
1899 1312 2163 1378 abbates
2204 1331 2319 1378 nos
2367 1316 2514 1378 ante
2544 1331 2738 1397 quam

442 1418 781 1502 discipulos
826 1418 1093 1503 professi
1139 1418 1307 1500 quod
1350 1417 1606 1482 libitum
1661 1417 1853 1481 fuerit
1899 1418 2259 1499 statuimus,
2321 1418 2735 1502 promptiores

441 1526 796 1588 nostrorum
866 1523 1270 1588 inuentorum
1332 1522 1575 1607 exigere
1645 1522 1998 1588 custodiam
2059 1541 2248 1604 quam
2313 1522 2737 1588 examinatam

442 1628 753 1692 maiorum
798 1645 1049 1692 seruare
1095 1627 1466 1692 doctrinam.
1538 1627 1648 1692 sed
1694 1627 1844 1691 dum
1891 1627 2248 1692 orationum
2301 1628 2582 1709 modum,
2629 1628 2738 1710 qui

440 1732 847 1816 potissimum
870 1731 1098 1796 debeat
1121 1732 1443 1813 custodiri,
1468 1733 1762 1797 uolumus
1789 1731 2116 1816 explicare,
2150 1731 2460 1797 institutis
2484 1735 2737 1816 patrum

444 1837 689 1902 auidius
734 1837 1058 1920 prouocati
1102 1837 1551 1918 narrationem,
1608 1855 1800 1919 quam
1847 1835 1979 1900 suis
2033 1835 2516 1901 reseruabamus
2561 1836 2737 1917 lociS,

442 1959 852 2026 praepropero
901 1959 1159 2006 excessu
1204 1941 1666 2025 praeuenimuS.
1740 1959 1908 2006 nunc
1953 1940 2170 2023 itaque
2225 1941 2302 2005 ad
2346 1941 2739 2025 propositum

440 2049 855 2111 reuertamur.

529 2151 682 2216 ΙΠΙ.
713 2145 919 2235 Igitur
940 2171 1052 2235 per
1084 2150 1451 2216 uniuersam
1476 2153 1547 2214 ut
1570 2150 1847 2215 diximus
1870 2147 2236 2234 Aegyptum
2267 2153 2331 2214 et
2355 2149 2742 2214 Thebaidem

445 2255 865 2321 duodenarius
910 2257 1303 2340 psalmorum
1348 2273 1649 2319 numerus
1705 2258 1840 2320 tam
1887 2255 1952 2319 in
2009 2254 2388 2338 uespertinis
2437 2273 2630 2337 quam
2675 2255 2741 2319 in

444 2361 769 2426 nocturnis
802 2360 1335 2426 sollemnitatibus
1369 2359 1739 2440 custoditur,
1786 2359 1878 2423 ita
1908 2359 2237 2424 dumtaxat
2267 2363 2340 2424 ut
2383 2362 2529 2443 post
2573 2359 2742 2424 hunc

445 2467 603 2532 duae
662 2465 987 2548 lectioneS,
1056 2465 1288 2531 ueteris
1352 2464 1596 2531 scilicet
1654 2483 1726 2529 ac
1785 2463 1934 2529 noui
2003 2464 2374 2529 testamenti
2435 2463 2741 2549 singulae,

446 2571 931 2653 subsequantur.
990 2570 1096 2653 qui
1143 2571 1367 2635 modus
1416 2569 1766 2651 antiquitus
1799 2570 2180 2634 constitutus
2230 2569 2461 2633 idcirco
2505 2589 2617 2652 per
2648 2573 2743 2634 tot

446 2676 697 2741 saecula
740 2693 933 2758 penes
973 2678 1203 2740 cuncta
1246 2675 1500 2740 illarum
1544 2674 2015 2757 prouinciarum
2045 2673 2432 2761 monasteria
2475 2674 2743 2739 inteme-

444 2784 621 2846 ratus
683 2799 852 2844 nunc
911 2798 1109 2863 usque
1170 2780 1489 2864 perdurat,
1559 2779 1710 2861 quia
1767 2796 1896 2843 non
1956 2778 2240 2843 humana
2283 2778 2743 2845 adiuuentione

446 2888 725 2950 statutus
772 2902 809 2949 a
855 2884 1204 2949 senioribus
1236 2884 1626 2964 adfirmatur,
1675 2883 1786 2947 sed
1819 2883 2082 2947 caelitus
2129 2883 2340 2967 angeli
2377 2884 2742 2967 magisterio

444 2989 731 3073 patribus
774 2989 973 3053 fuisse
1020 2989 1283 3053 delatus.

530 3094 608 3159 V.
654 3094 821 3158 Nam
868 3111 1013 3157 cum
1057 3094 1123 3157 in
1183 3092 1543 3177 primordiis
1588 3091 1736 3155 fidei
1796 3091 1983 3176 pauci
2028 3092 2283 3174 quidem
2346 3094 2457 3158 sed
2517 3092 2744 3178 proba-

444 3199 679 3264 tissimi
734 3198 1183 3263 monachorum
1238 3198 1493 3262 nomine
1554 3200 1980 3279 censerentur,
2043 3197 2153 3279 qui
2213 3198 2378 3261 sicut
2423 3215 2462 3261 a
2517 3197 2742 3262 beatae

444 3304 783 3368 memoriae
816 3302 1209 3387 euangelista
1237 3301 1475 3382 Marco,
1523 3302 1632 3384 qui
1676 3302 1919 3385 primus
1951 3300 2370 3366 Alexandriae
2415 3301 2557 3366 urbi
2587 3320 2744 3386 pon-

444 3408 598 3472 tifex
628 3407 920 3491 praefuit,
954 3424 1240 3471 normam
1274 3426 1603 3491 suscepere
1635 3406 1912 3488 uiuendi,
1958 3425 2084 3471 non
2117 3407 2322 3471 solum
2353 3406 2466 3471 illa
2495 3408 2744 3491 magni-

443 3512 565 3577 fica
599 3511 978 3592 retinebant,
1026 3530 1187 3594 quae
1226 3511 1521 3595 primitus
1568 3511 1900 3575 ecclesiam
1941 3512 2044 3575 uel
2086 3511 2477 3576 credentium
2523 3512 2743 3576 turbas

445 3618 510 3682 in
554 3616 799 3681 actibus
842 3616 1267 3700 apostolorum
1310 3614 1583 3700 legimus
1615 3615 1968 3681 celebrasse
2017 3614 2573 3699 (multitudinis
2622 3616 2742 3681 sci-

653 3780 745 3849 30]
784 3779 903 3834 Act.
929 3780 980 3845 4,
1006 3782 1089 3835 32.

536 3932 561 3985 1
604 3928 824 3998 spiritus
850 3928 1021 3982 sancti
1046 3929 1162 3983 HL
1270 3926 1556 3981 deffiniuut
1580 3929 1657 3983 L¹
1761 3930 1796 3983 2
1819 3929 2152 3996 praestruere
2179 3929 2247 3982 H
2347 3930 2378 3982 7
2417 3944 2450 3981 a
2473 3928 2740 3982 seniorum

444 4016 783 4071 instItutione
820 4016 889 4070 H
954 4015 1221 4069 seniorum
1260 4015 1643 4069 constitutione
1680 4016 1732 4069 L
1874 4018 1928 4067 et
1971 4018 2150 4083 partes
2188 4016 2264 4069 L¹
2380 4016 2414 4070 8
2451 4014 2742 4069 audeamus

446 4104 585 4159 ΗΠ
692 4106 725 4157 9
750 4102 1110 4172 prumptiores
1136 4103 1219 4156 H¹
1330 4104 1395 4157 12
1420 4101 1688 4155 custodire
1724 4103 1798 4157 L*
1908 4103 2160 4171 patruum
2197 4103 2282 4157 11¹
2391 4103 2456 4157 14
2491 4118 2742 4171 praepro-

446 4189 597 4259 pero]
634 4206 729 4259 pro
755 4190 927 4259 operis
954 4190 1023 4244 H
1126 4192 1190 4244 16
1225 4188 1273 4243 V
1309 4190 1375 4244 H
1480 4192 1542 4245 17
1578 4189 1636 4242 in
1665 4196 1795 4259 post
1831 4192 1942 4241 tam
1980 4206 2080 4243 om.
2123 4188 2176 4243 G
2283 4190 2349 4245 18
2385 4188 2662 4257 sollempn.
2688 4190 2742 4244 L

447 4280 511 4333 21
559 4276 952 4346 prouintiarum
1002 4276 1107 4331 GL
1214 4278 1283 4331 24
1329 4275 1528 4329 dilatus
1564 4277 1619 4331 L
1725 4279 1792 4331 25
1829 4275 1906 4328 VI
1943 4276 2011 4329 H
2109 4278 2176 4331 27
2213 4275 2417 4345 primos
2453 4277 2530 4331 L¹
2635 4275 2740 4331 ale-

448 4363 697 4422 xandriae
739 4363 919 4421 G¹L¹.·
954 4362 1326 4419 alexandrinae
1367 4363 1663 4421 G²HL²Sv
1767 4364 1836 4421 28
1872 4362 2137 4433 suscipere
2178 4362 2416 4420 G¹H²L¹

2793 1541 2841 1581 10

2791 2065 2844 2105 15
