3167 4975
313 1589 364 1628 10

315 2119 366 2158 15

1213 457 1372 511 Inst.
1410 455 1521 511 lib.
1545 455 1642 520 VI,
1682 459 1901 512 15—19.
2586 453 2709 517 125

416 633 710 698 uidebit
755 633 986 698 deum.
1065 632 1169 697 hic
1216 651 1460 716 quoque
1508 631 1831 695 euidenter
1868 633 2003 695 sine
2036 631 2472 711 sanctimonia,
2518 647 2709 712 quam

418 739 577 803 solet
621 738 1051 820 integritatem
1099 737 1334 800 mentis
1375 736 1476 799 uel
1508 735 1849 818 puritatem
1883 736 2155 818 corporis
2189 736 2523 818 appellare,
2570 752 2711 817 pro-

417 841 736 906 nuntiauit
795 842 982 905 deum
1043 841 1296 925 penitus
1357 840 1556 904 uideri
1620 858 1745 904 non
1806 857 2009 922 posse.
2104 840 2415 921 siquidem
2484 843 2547 902 et
2606 839 2709 903 hic

418 947 706 1010 similiter
751 947 944 1011 infert
1005 947 1272 1010 eundem
1334 963 1592 1008 sensum
1655 943 2024 1027 explanans:
2096 963 2183 1007 ne
2252 945 2419 1026 quis
2484 943 2709 1007 forni-

417 1055 624 1115 cator
671 1054 800 1115 aut
843 1051 1204 1134 profanus
1251 1055 1332 1114 ut
1376 1051 1591 1114 Esau.

501 1155 704 1219 XVII.
753 1156 976 1238 Itaque
1037 1158 1346 1237 quantum
1409 1153 1680 1218 sublime
1742 1152 2137 1236 caelesteque
2200 1157 2297 1218 est
2357 1154 2709 1236 praemium

418 1259 751 1340 castitatis,
811 1263 989 1324 tanto
1035 1259 1429 1344 grauioribus
1487 1259 1989 1322 aduersariorum
2050 1258 2295 1322 insidiis
2356 1258 2707 1322 lacessitur.

419 1369 483 1428 et
526 1365 753 1429 idcirco
798 1365 1168 1449 propensius
1217 1363 1397 1428 nobis
1446 1366 1542 1426 est
1590 1380 1715 1426 non
1756 1363 1961 1426 solum
1993 1363 2382 1427 continentia
2412 1364 2707 1445 corporis,

419 1488 638 1533 uerum
685 1468 875 1532 etiam
925 1469 1214 1533 contritio
1261 1468 1463 1532 cordis
1512 1467 1793 1530 adsiduis
1840 1467 2194 1531 orationum
2224 1467 2568 1550 gemitibus
2602 1468 2709 1530 ad-

419 1573 718 1654 hibenda,
787 1577 861 1637 ut
929 1572 1214 1636 clibanus
1285 1572 1491 1636 carnis
1553 1574 1835 1652 nostrae,
1904 1589 2095 1652 quem
2155 1589 2263 1634 rex
2322 1571 2709 1654 Babylonius

421 1678 754 1741 incentiuis
802 1676 1282 1760 suggestionum
1329 1676 1679 1740 carnalium
1725 1675 2099 1739 succendere
2133 1693 2257 1739 non
2288 1675 2557 1757 desistit,
2606 1676 2711 1739 de-

421 1783 754 1846 scendente
802 1782 868 1845 in
914 1781 1101 1845 corda
1145 1785 1362 1844 nostra
1405 1799 1542 1844 rore
1592 1780 1795 1844 sancti
1842 1780 2101 1862 spiritus
2148 1781 2568 1863 extinguatur.

503 1885 739 1950 XVIII.
790 1885 880 1950 Ut
924 1885 1093 1948 enim
1137 1886 1302 1949 hanc
1349 1885 1626 1948 seniores
1674 1885 1853 1948 aiunt
1897 1884 2281 1967 adprehendi
2328 1901 2453 1948 non
2506 1904 2710 1967 posse,

421 1991 542 2055 nisi
587 1990 760 2073 prius
807 1989 1186 2053 humilitatis
1235 1990 1300 2053 in
1355 1989 1536 2052 corde
1600 1989 2012 2052 fundamenta
2070 1989 2307 2053 fuerint
2367 1991 2709 2070 conlocata,

421 2096 511 2159 ita
553 2114 632 2158 ne
679 2095 756 2158 ad
801 2095 1040 2158 fontem
1087 2094 1336 2177 quidem
1385 2111 1568 2157 uerae
1631 2094 1929 2156 scientiae
1988 2094 2303 2176 perueniri
2362 2112 2545 2177 posse
2608 2095 2713 2157 de-

423 2199 668 2280 finiunt,
730 2199 926 2263 donec
986 2198 1413 2282 penetralibus
1477 2198 1724 2261 animae
1786 2201 2035 2262 nostrae
2096 2199 2273 2262 radix
2333 2199 2475 2262 uitii
2522 2199 2710 2262 huius

419 2304 736 2384 insederit,
786 2309 849 2367 et
891 2303 1190 2386 possibile
1237 2303 1490 2384 quidem
1537 2321 1675 2364 esse
1722 2302 2151 2385 integritatem
2216 2303 2351 2366 sine
2414 2303 2711 2367 scientiae

420 2409 624 2492 gratia
666 2407 986 2491 repperiri,
1047 2406 1412 2491 inpossibile
1466 2424 1617 2469 uero
1664 2407 1993 2470 scientiam
2041 2407 2389 2491 spiritalem
2436 2409 2570 2471 sine
2619 2408 2713 2471 in-

421 2513 734 2596 tegritatis
783 2512 1157 2576 castimonia
1202 2512 1528 2595 possideri,
1592 2512 1741 2593 quia
1800 2516 1863 2576 et
1923 2513 2173 2576 diuersa
2235 2518 2383 2577 sunt
2442 2514 2606 2578 dona
2651 2518 2713 2577 et

423 2635 546 2681 non
593 2616 886 2681 omnibus
933 2634 1061 2680 una
1102 2616 1310 2700 gratia
1355 2617 1611 2698 spiritus
1660 2616 1859 2680 sancti
1906 2617 2223 2697 tribuitur,
2272 2619 2379 2681 sed
2412 2618 2489 2682 ad
2522 2638 2711 2700 quam

423 2740 491 2784 se
557 2722 988 2803 unusquisque
1056 2722 1262 2785 studio
1329 2722 1431 2784 uel
1494 2722 1806 2785 industria
1869 2738 1984 2784 sua
2044 2721 2303 2805 dignum
2370 2727 2711 2806 aptumque

420 2825 796 2908 praebuerit.
875 2824 1143 2907 denique
1190 2844 1334 2888 cum
1380 2825 1446 2889 in
1492 2824 1787 2889 omnibus
1850 2826 2147 2908 apostolis
2212 2827 2449 2890 sanctis
2511 2828 2711 2891 uirtus

421 2930 798 3013 integritatis
831 2930 1108 3012 perfecta
1132 2930 1327 2993 fuisse
1361 2930 1670 3010 credat-ur,
1705 2928 2130 2993 abundantius
2164 2934 2377 2994 tamen
2412 2932 2713 2995 scientiae

421 3035 656 3098 donum
703 3034 1069 3098 exuberauit
1112 3035 1176 3098 in
1221 3035 1450 3114 Paule,
1512 3035 1661 3117 quia
1722 3054 1789 3097 se
1852 3036 1929 3099 ad
1988 3034 2154 3099 hanc
2211 3039 2427 3117 aptum
2478 3037 2713 3100 sollerti

335 3172 362 3208 s.
421 3138 627 3202 studio
675 3142 860 3219 atque
906 3139 1219 3202 industria
1261 3139 1677 3220 praeparauit.

507 3243 775 3306 XVIIII.
825 3242 1049 3306 Fertur
1110 3243 1313 3306 sancti
1365 3243 1562 3305 Basili
1610 3242 2035 3307 Caesariensis
2098 3244 2369 3327 episcopi
2434 3245 2718 3309 districta

422 3347 765 3411 sententia:
829 3352 892 3411 et
937 3346 1288 3427 mulierem,
1343 3347 1568 3429 inquit,
1618 3347 1856 3431 ignore,
1906 3352 1968 3411 et
2012 3349 2190 3431 uirgo
2237 3368 2359 3412 non
2410 3368 2569 3413 sum.
2651 3351 2716 3413 in

421 3454 672 3515 tantum
717 3451 1029 3515 intellexit
1073 3452 1605 3533 incorruptionem
1662 3452 1865 3515 carnis
1929 3471 2053 3516 non
2115 3457 2247 3515 tam
2308 3454 2373 3516 in
2433 3454 2715 3518 mulieris

629 3588 686 3657 4]
726 3587 759 3641 l.
788 3604 831 3641 c.
863 3590 941 3643 16.
1054 3588 1142 3657 10]
1182 3588 1249 3642 cf.
1276 3588 1412 3642 Dan.
1439 3592 1488 3643 3.

513 3714 546 3764 6
580 3730 694 3765 ’11011
729 3711 1020 3780 (ἰίεί-ἱηῃ-ιιίε
1055 3711 1124 3764 Η
1223 3714 1256 3765 8
1292 3716 1418 3764 ante
1452 3714 1506 3761 et
1531 3712 1594 3764 in
1627 3711 1697 3764 H.
1724 3728 1841 3779 cap.
1881 3714 1949 3763 16
1980 3711 2180 3779 incipit
2285 3714 2318 3764 9
2355 3711 2583 3763 assiduis
2610 3714 2718 3767 AL

431 3802 494 3853 10
531 3798 868 3867 babyllonius
905 3800 958 3851 Λ
1031 3796 1334 3850 babilonius
1371 3800 1440 3851 H
1543 3802 1601 3853 ll
1648 3799 2053 3863 suggessionnm
2091 3800 2145 3851 A
2277 3798 2617 3851 ‹liscendente
2666 3801 2719 3851 in

425 3886 583 3937 corde
619 3888 688 3939 H
691 3888 702 3919 ¹
853 3888 916 3939 18
953 3884 1110 3937 XVII
1148 3886 1216 3938 H
1347 3885 1500 3937 aiunt
1536 3886 1769 3937 seniores
1805 3886 1944 3937 hanc
1980 3887 2033 3939 A
2172 3888 2235 3939 14
2273 3885 2528 3938 collocata
2567 3888 2718 3941 GSL

428 3975 495 4027 16
521 3971 884 4040 penetralibus
915 3972 992 4025 G.-
1015 3970 1433 4039 penetrabilibus
1459 3973 1708 4027 AH²LS
1752 3972 2132 4040 penetrabilius
2159 3974 2227 4026 ΙΙ
2230 3976 2241 4006 ¹
2320 3976 2379 4027 17
2408 3972 2652 4025 insiderit
2681 3977 2725 4029 S

425 4076 538 4111 esse
565 4078 665 4113 om.
696 4062 748 4113 Α
849 4058 1216 4123 integritatem
1245 4059 1476 4127 corporis
1503 4060 1554 4113 L
1655 4059 1906 4111 scientiae
1931 4060 2126 4128 ¹gratia]
2153 4060 2371 4112 scientia
2398 4063 2450 4114 A
2554 4064 2615 4115 18
2642 4078 2721 4113 re-

421 4145 586 4214 periri
639 4146 833 4201 G2HL
938 4149 1006 4199 20
1055 4145 1397 4198 distribuitur
1447 4147 1499 4199 L
1606 4150 1670 4202 21
1721 4146 1943 4213 quisque
1990 4146 2265 4199 studio..
2306 4190 2315 4199 .
2351 4148 2480 4215 1⁷11,
2518 4152 2549 4200 1
2598 4165 2717 4213 erga

424 4234 588 4285 doum
629 4236 680 4285 te
716 4239 903 4287 extant
939 4234 1001 4286 i'n
1030 4234 1076 4285 G
1182 4236 1250 4286 23
1285 4233 1506 4285 scientia
1535 4234 1589 4287 L
1695 4237 1760 4287 24
1801 4232 1983 4286 solerei
2012 4236 2075 4287 H
2082 4237 2093 4268 ¹
2168 4234 2347 4286 solerti
2375 4236 2427 4287 L
2534 4238 2601 4289 25
2629 4235 2721 4287 ad·-

421 4337 528 4388 que
557 4320 604 4375 0
695 4324 765 4375 2ss
788 4338 904 4374 mm
929 4321 1217 4390 distin-quit
1245 4322 1312 4374 H
1399 4321 1570 4373 fertur
1595 4364 1604 4373 .
1630 4364 1639 4373 .
1662 4364 1673 4374 .
1696 4321 1808 4389 epis
1833 4339 1988 4375 enan.
2010 4324 2072 4375 in
2104 4324 2149 4376 (2'
2240 4320 2397 4374 basili
2416 4324 2521 4375 A1:
2546 4322 2722 4375 basilii

422 4408 736 4463 A²GHLT
837 4406 1174 4459 cessariensis
1211 4409 1278 4461 H
1380 4408 1635 4461 destricta
1674 4409 1875 4464 0G¹L¹
1982 4412 2049 4462 27
2086 4408 2275 4475 inquid
2317 4410 2505 4463 CHT:
2538 4428 2638 4465 om.
2669 4412 2723 4463 A

531 4512 661 4552 XVII.
683 4514 798 4552 Cass.
823 4518 858 4552 1.
2347 4500 2409 4547 16
