3167 4975
566 454 695 519 334
1376 456 1694 511 Iohannis
1739 455 2041 511 Cassiani

565 631 908 695 inanimam
962 633 1291 696 materiam
1347 636 1410 696 et
1452 632 1760 715 figmenta
1802 631 2192 697 insensibilia
2236 631 2634 697 transtulisti.
2713 650 2851 716 pro-

564 736 712 799 fecit
756 735 1045 799 uidelicet
1090 736 1243 799 fides
1289 740 1400 801 tua
1446 740 1746 819 tempore,
1795 736 2055 819 profecit
2085 740 2312 818 aetate,
2357 737 2621 819 profecit
2650 756 2850 801 sacer-

564 840 748 904 dotio.
820 841 1087 905 deterior
1118 860 1305 905 senex
1350 860 1543 923 quam
1589 842 1906 923 quondam
1951 842 2271 925 paruulnS,
2321 860 2486 905 nunc
2517 846 2850 907 ueteranus

564 962 754 1027 quam
800 946 1171 1026 tirunculuS‚
1235 946 1501 1010 deterior
1562 947 1889 1030 episcopus
1937 965 2126 1029 quam
2183 946 2488 1029 incipiens
2535 947 2752 1026 factus
2787 966 2850 1010 es

563 1068 677 1113 nec
723 1050 1064 1133 discipulus
1110 1055 1445 1133 postquam
1492 1051 1794 1135 magister
1841 1070 1980 1115 esse
2025 1052 2305 1133 coepisti.
2921 1078 2942 1115 ε.

650 1155 824 1219 VIII.
889 1154 1011 1220 Sed
1078 1156 1404 1220 uideamus
1472 1160 1684 1220 cetera
1742 1174 1901 1238 quae
1969 1160 2336 1238 sequuntur.
2429 1155 2644 1220 dicens
2705 1174 2851 1239 ergo

562 1260 885 1344 symbolus
954 1260 1331 1324 dominum
1398 1261 1646 1325 Iesum
1715 1260 2097 1325 Christum
2166 1261 2378 1324 deum
2447 1279 2703 1325 uerum
2771 1280 2853 1324 ex

562 1366 693 1429 deo
760 1382 963 1446 uero,
1034 1366 1469 1430 homousion
1537 1366 1767 1448 patri,
1835 1384 1963 1447 per
2022 1384 2237 1447 quem
2298 1366 2602 1429 saecula
2667 1382 2852 1429 com-

561 1470 1157 1554 paginata.sunt
1217 1474 1289 1534 et
1348 1470 1594 1534 omnia
1639 1469 1832 1533 facta
1876 1470 1995 1533 hoc
2040 1469 2442 1552 inseparabili
2489 1470 2706 1533 statim
2751 1488 2852 1534 co-

562 1576 821 1639 nexione
862 1573 1207 1638 subiunxit:
1258 1574 1381 1656 qui
1425 1578 1732 1658 propter
1777 1591 1940 1655 nOS,
1986 1574 2208 1656 inquit,
2257 1575 2467 1638 uenit
2513 1578 2587 1639 et
2631 1577 2850 1638 natus
2903 1600 2946 1637 ιο

564 1682 678 1743 est
725 1698 806 1743 ex
851 1678 1091 1743 Maria
1134 1678 1453 1761 uirgine.
1531 1679 1636 1742 ille
1671 1696 1838 1761 ergo,
1885 1678 1994 1760 qui
2042 1678 2194 1742 deus
2227 1697 2436 1760 ueruS,
2483 1678 2587 1760 qui
2633 1679 2851 1743 homo-

562 1785 729 1848 usios
774 1783 957 1865 patri,
1018 1783 1125 1865 qui
1186 1786 1427 1846 creator
1488 1782 1900 1862 saeculorum,
1964 1784 2070 1864 qui
2117 1782 2315 1847 factor
2361 1784 2665 1863 omnium,
2723 1784 2849 1863 ille,

560 1889 841 1970 inquam,
908 1889 1082 1951 uenit
1147 1888 1213 1952 in
1280 1887 1586 1952 mundum
1657 1892 1720 1952 et
1788 1892 1974 1952 natus
2043 1892 2140 1952 est
2209 1906 2282 1951 ex
2341 1888 2546 1952 Maria
2611 1888 2850 1971 uirgine

563 1993 907 2057 secundum
952 1992 1104 2055 illud
1151 1992 1389 2055 scilicet
1433 1992 1616 2055 Pauli
1677 1993 1966 2073 apostoli:
2031 1997 2104 2057 at
2161 1992 2291 2057 ubi
2351 1994 2560 2057 uenit
2617 1992 2851 2074 pleni-

561 2097 738 2161 tudo
800 2100 1243 2179 temporum,
1314 2098 1521 2161 misit
1581 2098 1760 2161 deus
1822 2097 2070 2161 filium
2141 2116 2351 2161 suum
2419 2097 2700 2161 factum
2769 2116 2852 2159 ex
2905 2121 2946 2159 ιε,

564 2201 904 2281 muliere,
951 2200 1232 2264 factum
1279 2200 1413 2264 sub
1458 2200 1643 2285 lege.
1721 2201 1897 2265 uides
1944 2202 2253 2284 quomodo
2301 2202 2626 2284 scripturis
2659 2202 2852 2265 sacris

563 2305 831 2388 symboli
892 2309 1286 2369 sacramenta
1341 2306 1744 2370 conueniant:
1809 2307 2126 2387 apostolus
2183 2306 2384 2369 filium
2429 2306 2525 2369 dei
2589 2306 2850 2369 missum

563 2427 601 2473 a
643 2412 820 2492 patre
864 2410 1199 2492 praedicat,
1248 2409 1568 2494 symbolus
1616 2411 1866 2474 uenisse
1912 2410 2259 2475 coufirmat.
2341 2411 2457 2475 hoc
2505 2411 2675 2475 enim
2719 2416 2854 2475 erat

561 2533 967 2597 consequens,
1023 2518 1113 2596 ut,
1176 2533 1365 2597 quem
1422 2517 1686 2579 missum
1737 2515 2056 2597 apostolus
2105 2515 2456 2596 edocuerat,
2503 2515 2658 2579 fides
2704 2533 2851 2580 con-

560 2620 844 2685 fiteretur
902 2623 1117 2684 nostra
1184 2621 1452 2684 uenisse.
1552 2619 1774 2684 deinde
1843 2622 2162 2702 apostolus
2233 2621 2324 2684 ait
2387 2639 2469 2709 0³2¹
2537 2621 2851 2684 muliere
2899 2645 2947 2683 ευ

559 2725 867 2805 factum,
938 2723 1259 2807 symbolus
1329 2729 1541 2789 autem
1611 2726 1705 2788 ‘ex
1765 2725 1972 2789 Maria
2037 2726 2474 2808 procreatum’.
2575 2725 2849 2788 aduertis

557 2831 765 2913 itaque
810 2830 972 2912 quod
1017 2831 1155 2912 ipsa
1214 2829 1280 2893 in
1340 2829 1625 2912 symbolo
1687 2830 1998 2912 scriptura
2039 2829 2337 2912 loquitur,
2400 2847 2438 2892 a
2497 2847 2622 2911 qua
2681 2847 2850 2912 sym-

558 2935 739 2998 bolus
787 2935 918 3018 ipse
965 2954 1031 2998 se
1078 2934 1471 2998 descendisse
1518 2937 1806 2999 testatur.
1881 2933 2042 2998 bene
2091 2939 2303 2998 autem
2337 2934 2658 3016 apostolus
2704 2934 2849 2997 fac-

558 3045 713 3105 tum
780 3040 1063 3122 inquiens
1140 3059 1221 3104 ex
1298 3040 1610 3104 muliere
1677 3039 1914 3103 factum
1982 3057 2094 3121 pro
2163 3043 2309 3104 nato
2377 3039 2590 3122 posuit
2656 3038 2848 3102 diuini

558 3145 783 3227 eloquii
843 3144 1313 3224 consuetudine,
1374 3163 1497 3226 quo
1556 3144 1762 3208 factus
1817 3161 1928 3227 pro
1989 3147 2135 3210 nato
2190 3145 2442 3228 ponitur
2502 3143 2844 3207 secundum
2898 3167 2945 3206 25

556 3248 740 3312 illud:
802 3267 930 3330 pro
983 3249 1330 3331 patribus
1376 3251 1527 3312 tuis
1590 3249 1774 3312 facti
1836 3252 2013 3312 sunt
2073 3247 2214 3312 tibi
2275 3248 2451 3329 filii,
2512 3249 2614 3311 uel
2663 3248 2845 3311 illud:

556 3353 991 3434 priusquam
1035 3352 1415 3417 Abraham
1458 3352 1715 3434 fieret,
1765 3370 1895 3436 ego
1943 3371 2130 3416 sum:
2177 3353 2240 3415 in
2289 3370 2409 3434 quo
2449 3353 2686 3416 scilieet
2717 3353 2848 3415 eui·-

557 3456 775 3520 denter
834 3456 1062 3520 dixisse
1125 3457 1399 3521 noscitur
1455 3457 1839 3540 'priusquam
1893 3456 2222 3522 Abraham
2287 3459 2670 3536 nasceretur,
2731 3475 2846 3540 ego

766 3645 855 3714 14]
894 3644 1011 3700 Gal.
1035 3649 1086 3710 4,
1111 3647 1161 3702 4.
1270 3646 1362 3715 26]
1399 3647 1600 3708 Ps.44‚
1630 3649 1708 3702 17.
1817 3646 1910 3715 27]
1949 3646 2064 3700 Ioh.
2091 3650 2142 3712 a,
2168 3649 2252 3703 58.

645 3805 671 3858 1
710 3801 924 3856 inanem
960 3803 1036 3857 M
1140 3805 1174 3858 3
1218 3818 1367 3856 senes
1404 3803 1481 3858 M
1578 3801 1806 3857 condam
1843 3804 1918 3858 M
2016 3819 2158 3856 nunc
2203 3805 2486 3856 ueteranus
2531 3803 2659 3872 Np:
2703 3817 2844 3856 nunc

554 3889 809 3960 paruulus
845 3905 987 3943 nunc
1021 3892 1305 3944 ueteranus
1330 3890 1406 3944 M
1470 3906 1612 3944 nunc
1647 3889 1795 3959 peior
1829 3893 2116 3944 ueteranus
2141 3907 2174 3944 v
2275 3893 2310 3944 4
2335 3905 2473 3958 esses
2497 3890 2566 3945 N
2665 3893 2698 3944 5
2725 3889 2840 3958 nec]

556 3993 699 4032 nunc
726 3995 771 4047 p
900 3979 933 4032 6
968 3979 1219 4031 secuntur
1254 3979 1424 4047 NMp
1556 3979 1588 4032 '7
1627 3976 1931 4046 dominum]
1970 3975 2128 4030 deum
2167 3977 2235 4031 N
2359 3979 2392 4032 8
2429 3977 2707 4030 omousion
2743 3977 2842 4045 ΝΡ

552 4067 587 4118 9
633 4063 952 4118 connexione
996 4065 1100 4134 Mp
1254 4067 1318 4120 10
1364 4063 1674 4118 subiuncxit
1717 4065 1792 4118 M
1935 4067 1996 4120 11
2045 4063 2136 4132 qui
2183 4063 2337 4133 deus]
2385 4063 2562 4132 inquit
2609 4063 2736 4116 deus
2781 4063 2846 4117 N

554 4151 820 4205 omousios
855 4152 1023 4221 NMp
1167 4154 1232 4208 13
1278 4155 1360 4206 est
1402 4169 1502 4208 om.
1543 4152 1644 4206 Mv
1786 4154 1850 4208 15
1901 4151 2159 4220 temporis
2201 4152 2278 4206 M
2411 4153 2474 4206 17
2521 4149 2734 4204 simboli
2775 4151 2850 4205 M

553 4238 880 4292 conueniunt
914 4239 1016 4293 Mv
1141 4241 1207 4294 21
1248 4238 1447 4292 adertis
1484 4239 1561 4293 M
1680 4239 1748 4294 23
1791 4255 1846 4290 se
1882 4256 1983 4294 om.
2022 4239 2122 4308 ,ΝΡ
2231 4240 2410 4292 autem
2448 4256 2549 4294 om.
2588 4239 2664 4292 M
2759 4237 2838 4291 in-

553 4327 737 4394 quiens
783 4325 1057 4394 apostolus
1102 4325 1307 4380 factum
1342 4327 1418 4380 M
1516 4329 1582 4381 25
1629 4341 1732 4394 qua
1772 4343 1805 4381 v
1945 4327 2012 4381 27
2057 4324 2352 4379 habraham
2388 4327 2457 4381 N
2539 4323 2752 4378 abraam
2793 4341 2838 4394 p

551 4415 621 4468 28
657 4412 949 4467 habraham
988 4413 1056 4468 N
1156 4415 1462 4467 nasceretur
1499 4412 1716 4467 abraam
1747 4431 1790 4483 p
