3167 4975
428 445 512 510 48
1240 443 1557 497 Iohannis
1606 442 1906 498 Cassiani

520 623 751 686 XXXI.
820 622 1359 702 Quemadmodum
1409 620 1575 685 abba
1618 619 1902 685 Pinufius
1947 620 2241 684 reductus
2288 619 2353 684 in
2407 622 2725 685 monaste-

431 728 596 791 rium
660 746 846 791 suum
908 727 1150 791 modico
1213 731 1494 810 tempore.
1558 730 1980 791 commorat-us
2041 744 2293 790 rursum
2361 725 2594 808 fugerit
2659 725 2724 788 in

431 835 643 914 partes
691 831 903 914 Syriae
950 831 1369 896 Palaestinae.

518 937 781 1000 XXXII.
833 936 1005 1016 Quae
1050 939 1386 1020 praecepta
1446 936 1688 1000 dederit
1735 936 1900 1000 idem
1949 934 2144 999 abbas
2189 935 2478 999 Pinufius
2524 935 2725 1014 fratri,

432 1059 623 1123 quem
668 1042 733 1105 in
782 1060 892 1105 suo
940 1041 1321 1106 monasterio
1370 1041 1487 1104 sub
1536 1044 1754 1105 nostra
1798 1039 2142 1123 recipiebat
2187 1039 2562 1122 praesentia.
2805 1055 2832 1092 f»

520 1145 817 1209 XXXIII.
880 1145 1075 1227 Quod,
1140 1146 1303 1210 sicut
1360 1163 1593 1228 magna
1636 1144 2056 1208 remuneratio
2113 1145 2418 1209 monacho
2465 1142 2726 1208 debetur

434 1250 779 1314 secundum
824 1251 1292 1314 institutionem
1337 1254 1593 1333 patrum
1639 1249 1972 1329 laboranti,
2037 1249 2126 1312 ita
2188 1251 2251 1312 et
2295 1249 2484 1332 inerti
2529 1266 2730 1330 poena

434 1355 725 1419 similiter
772 1354 1105 1435 tribuatur,
1168 1357 1231 1418 et
1279 1354 1505 1418 idcirco
1553 1372 1677 1419 non
1725 1354 1950 1418 debeat
2013 1354 2154 1436 quis
2207 1357 2341 1418 tam
2387 1352 2571 1417 facile
2619 1353 2729 1416 ad-

434 1459 602 1523 mitti
650 1459 713 1523 in
762 1459 1161 1524 monasterio.

519 1563 849 1628 XXXIIII.
901 1564 1079 1645 Quod
1140 1563 1603 1629 abrenuntiatio
1667 1564 1823 1629 nihil
1887 1564 1972 1630 sit
2032 1564 2202 1629 aliud
2263 1581 2454 1646 quam
2510 1563 2729 1628 morti·
2784 1587 2834 1626 ιο

433 1667 640 1733 ficatio
688 1672 751 1732 et
797 1669 1005 1753 imago
1052 1668 1346 1733 crucifixi.

520 1773 776 1837 XXXV.
827 1773 1004 1853 Quod
1052 1792 1202 1838 crux
1249 1777 1466 1838 nostra
1510 1774 1699 1838 timor
1746 1773 1984 1837 domini
2031 1773 2130 1837 sit.

518 1878 807 1942 XXXVI.
859 1878 1038 1959 Quod
1080 1879 1465 1943 renuntiatio
1514 1879 1672 1943 nihil
1717 1877 1936 1962 prosit,
2001 1878 2055 1942 si
2103 1877 2302 1942 isdem
2356 1876 2586 1959 quibus
2633 1895 2729 1939 re-

438 1983 873 2047 nuntiauimus
918 1983 1311 2068 inplicemur.

520 2087 843 2152 XXXVII.
895 2087 1073 2168 Quod
1120 2088 1405 2152 diabolus
1453 2091 1669 2152 nostro
1716 2086 1826 2150 fini
1873 2105 2118 2168 semper
2158 2085 2488 2150 insidietur
2519 2089 2582 2149 et
2617 2104 2729 2150 nos
2785 2108 2834 2147 ιε,

432 2193 567 2256 eius
614 2197 804 2275 caput·
849 2192 1079 2276 iugiter
1125 2192 1459 2258 obseruare
1506 2191 1867 2257 debeamus,

518 2298 877 2361 XXXVIII.
942 2298 1037 2360 De
1083 2297 1505 2362 renuntiantis
1552 2297 2026 2380 praeparatione
2073 2296 2406 2360 aduersum
2456 2299 2730 2379 tempta-

432 2403 655 2483 tioneS,
704 2405 767 2466 et
812 2403 888 2466 de
934 2402 1151 2484 paucis
1197 2401 1540 2466 imitandis,

518 2507 907 2571 XXXVIIII.
950 2506 1082 2587 Quo
1117 2507 1332 2571 ordine
1368 2507 1507 2589 quis
1544 2507 1621 2571 ad
1651 2506 2101 2589 perfectionem
2137 2506 2346 2570 ualeat
2379 2507 2728 2589 peruenire,

430 2632 541 2695 per
601 2630 791 2693 quam
838 2612 913 2675 de
962 2612 1185 2676 timore
1230 2612 1329 2675 dei
1376 2611 1454 2675 ad
1515 2612 1842 2676 caritatem
1905 2614 2359 2694 consequenter
2405 2612 2721 2676 ascendat.
2780 2640 2835 2681 20

518 2716 645 2779 XL.
699 2715 875 2796 Quod
924 2734 1047 2779 non
1096 2716 1321 2780 debeat
1367 2715 1714 2780 monachus
1747 2716 2032 2800 exempla
2060 2716 2462 2799 perfectionis
2497 2736 2531 2781 a
2563 2718 2727 2781 mul-

432 2822 514 2885 tis
563 2826 869 2904 expetere,
919 2822 1027 2884 sed
1076 2820 1154 2885 ab
1202 2839 1326 2885 uno
1374 2821 1474 2885 uel
1520 2821 1756 2904 pauciS.

518 2926 681 2989 XLI.
753 2925 1033 3006 Quarum
1103 2926 1504 2991 debilitatum
1573 2926 2051 2990 similitudinem
2121 2926 2434 3009 suscipere
2504 2926 2728 2990 debeat

433 3032 537 3112 qui
585 3030 649 3095 in
698 3030 994 3096 coenobio
1042 3034 1481 3095 commoratur.

518 3136 713 3200 XLII.
765 3134 943 3215 Quod
1003 3134 1241 3199 bonum
1302 3135 1646 3219 patientiae
1710 3153 1858 3199 suae
1907 3153 2026 3198 non
2093 3134 2320 3199 debeat
2381 3134 2725 3198 monachus
2781 3165 2833 3204 25

432 3240 507 3302 de
556 3240 823 3303 aliorum
870 3258 1121 3323 sperare
1168 3240 1422 3320 uirtute,
1487 3240 1595 3303 sed
1658 3240 1732 3303 de
1781 3258 1894 3302 sua
1955 3240 2163 3321 potius
2225 3239 2724 3321 longanimitate.

519 3343 748 3407 XLIII.
813 3344 1274 3427 Recapitulatio
1336 3343 1761 3427 expositionis,
1823 3362 1933 3426 per
1995 3362 2184 3425 quam
2248 3344 2594 3408 monachus
2651 3344 2728 3407 ad

431 3449 883 3533 perfectionem
926 3449 1130 3532 possit
1176 3449 1529 3513 ascendere.

528 3712 553 3765 1
596 3706 760 3763 abbas
797 3708 884 3763 Lv
988 3708 1281 3777 pinuphius
1318 3710 1387 3763 H
1449 3667 1702 3778 ph¹3¹¹1>flus
1738 3709 1792 3764 L
1898 3710 1932 3764 2
1967 3708 2163 3762 iterum
2203 3708 2298 3764 112·
2420 3706 2628 3777 fugeret
2667 3708 2734 3764 H

429 3798 463 3851 3
489 3796 645 3849 siriae
670 3798 739 3850 H
826 3794 1119 3863 palestinae
1144 3796 1227 3850 L:
1256 3812 1355 3851 om.
1386 3797 1479 3851 Hv
1505 3799 1572 3865 cf.
1601 3798 1920 3864 Momnwen,
1947 3796 2128 3851 Boem.
2163 3796 2347 3850 Geseh..
2385 3796 2448 3864 V,
2467 3814 2596 3867 pay.
2625 3800 2728 3849 546

427 3885 461 3937 4
500 3881 719 3935 dederat
754 3882 824 3937 Η
920 3881 1195 3951 piniphius
1234 3883 1303 3936 H
1364 3883 1656 3951 phynufius
1693 3884 1746 3937 L
1853 3886 1884 3938 5
1923 3882 2214 3953 recipiabat
2249 3885 2301 3937 L
2373 3882 2628 3951 reciperat
2666 3884 2734 3937 Il

431 3973 462 4026 7
498 3972 755 4039 patruum
780 3970 848 4024 H
948 3968 1138 4022 inaerti
1180 3970 1247 4023 H
1348 3969 1538 4022 int-u*
1567 3972 1622 4024 L
1727 3986 1922 4039 poenas
1947 3971 2021 4025 L¹
2130 3974 2162 4027 8
2211 3970 2400 4023 debere
2446 3970 2514 4024 H
2612 3974 2722 4022 tam

429 4075 530 4111 om.
580 4058 674 4111 Hv
816 4060 847 4111 9
893 4072 955 4109 ea
999 4056 1054 4109 in
1094 4057 1163 4111 H
1299 4059 1359 4112 11
1411 4057 1650 4125 crucifigi
1687 4058 1762 4112 L¹
1910 4060 1974 4113 13
2021 4056 2161 4125 quod
2189 4056 2476 4126 ...prosit
2524 4074 2624 4111 om.
2665 4057 2732 4109 ΙΙ

430 4144 753 4197 renontiatio
787 4144 864 4197 L1
971 4142 1183 4197 hisdem
1209 4144 1262 4197 L
1361 4147 1425 4199 15
1452 4142 1701 4197 diabulus
1725 4146 1864 4199 HI)
1975 4148 2040 4199 16
2066 4144 2238 4214 capud
2263 4146 2338 4199 L¹
2445 4143 2726 4197 obseruare

428 4231 624 4298 iugiter
663 4229 838 4283 debm'
876 4232 945 4285 H
1066 4233 1131 4286 18
1166 4231 1369 4299 pauciis
1394 4232 1469 4285 L¹
1600 4234 1664 4285 19
1701 4231 1843 4299 quod
1873 4231 1946 4285 L¹
2061 4234 2129 4287 20
2168 4231 2264 4285 dni
2300 4234 2368 4287 H
2483 4232 2552 4284 22
2589 4229 2726 4282 exci-

427 4335 551 4388 pere
588 4320 658 4373 H
774 4322 843 4374 23
880 4320 1145 4387 suscipere
1184 4318 1522 4373 debilitatum
1562 4319 1970 4373 similit-udinem
2009 4320 2076 4373 H
2174 4322 2244 4375 24
2283 4321 2640 4373 commoratus
2672 4318 2726 4371 L

429 4408 499 4462 26
536 4405 629 4459 sed
667 4425 767 4461 om.
808 4406 875 4461 H
985 4409 1053 4462 28
1090 4406 1400 4475 Expliciunt
1438 4405 1672 4476 capitula
1712 4407 1780 4461 Η
1785 4428 1802 4459 .·
1837 4424 1939 4461 om.
1967 4408 2018 4461 L
