3167 4975
262 1614 315 1653 10

260 2134 315 2175 15

251 3179 313 3218 25

922 468 1149 519 eontra
1184 465 1563 521 Nestorium
1603 466 1714 521 lib.
1755 466 1858 529 111,
1900 467 2117 521 12—14.
2529 463 2656 527 279

368 645 472 727 qui
525 643 835 727 probauit.
912 642 1181 707 beatus
1245 663 1348 725 ee,
1411 643 1634 727 inquit,
1696 642 1946 709 Simon
2007 644 2153 707 Bar
2215 642 2423 723 Iona,
2485 641 2660 723 quia

369 765 533 813 0310
581 754 653 813 et
698 748 1006 832 sanguis
1052 767 1192 813 non
1238 750 1614 813 reuelauit
1659 749 1830 830 tibi,
1879 749 2005 812 sed
2051 746 2368 831 spiritus
2415 747 2656 830 patris

368 854 509 917 mei
570 852 691 934 qui
752 852 827 916 in
889 853 1121 916 caelis
1184 856 1313 917 est.
1395 872 1542 937 ergo
1601 854 1666 917 in
1728 854 1996 936 apostoli
2052 852 2214 917 dieto
2277 855 2341 917 et
2401 851 2656 935 spiritus

368 958 567 1022 saneti
614 961 677 1020 et
719 958 1067 1041 praesentis
1114 957 1225 1021 filii
1272 961 1335 1021 et
1380 957 1479 1021 (101
1525 959 1721 1041 patris
1767 956 2204 1021 testimonium
2234 955 2430 1020 uides,
2509 954 2656 1035 quid

370 1078 515 1145 ergo
578 1062 845 1144 amplius
908 1066 1017 1126 aut
1077 1062 1226 1143 quid
1288 1062 1491 1126 simile
1552 1063 1862 1144 requiris?
1921 1053 2084 1126 filius
2131 1060 2435 1141 laudauit,
2482 1064 2657 1142 pater

366 1166 669 1246 interfuit,
718 1170 971 1229 sanetus
1005 1167 1259 1249 spiritus
1290 1168 1613 1231 reuelauit.
1686 1167 1948 1249 apostoli
1981 1184 2126 1250 ergo
2173 1165 2410 1229 dietum
2458 1164 2651 1228 totins
2703 1172 2736 1225 3

369 1271 713 1335 diuinitatis
763 1275 860 1334 est
904 1272 1355 1351 testimonium,
1413 1273 1559 1353 quia
1601 1272 1766 1335 illius
1815 1290 2070 1335 necesse
2118 1274 2216 1335 est
2259 1271 2376 1333 hoo
2420 1270 2658 1333 dictum

368 1377 803 1441 auctoritatem
836 1375 1065 1439 habeat
1096 1394 1217 1457 quo
1260 1380 1509 1440 auctore
1554 1378 1876 1459 prooessit.
1953 1376 2218 1439 beatus
2267 1391 2413 1458 ergo
2457 1374 2660 1457 inquit

368 1500 473 1561 eS,
542 1480 793 1545 Simon
860 1481 1004 1545 Bar
1072 1480 1282 1562 Iona,
1350 1483 1523 1563 quia
1590 1500 1758 1545 0310
1829 1486 1899 1545 et
1967 1480 2273 1563 sanguis
2343 1498 2484 1544 non
2551 1498 2658 1542 re-

366 1586 657 1649 uelauit
702 1584 871 1665 tibi,
934 1586 1061 1649 sed
1122 1587 1435 1668 spiritus
1483 1586 1720 1669 patris
1769 1588 1909 1649 mei
1957 1586 2080 1667 qui
2123 1585 2196 1648 in
2244 1584 2476 1648 caelis
2523 1587 2654 1647 est.

369 1708 515 1773 ergo
560 1690 613 1753 si
642 1689 830 1753 Petro
876 1708 1003 1754 non
1049 1708 1191 1754 0310
1239 1694 1302 1755 et
1346 1691 1602 1773 sanguis
1649 1690 1958 1754 reuelauit
2001 1691 2124 1753 ista
2162 1690 2262 1753 uel
2311 1688 2657 1770 inspirauit,

366 1795 493 1858 iam
526 1794 839 1878 intellegis
888 1795 1024 1876 quis
1056 1796 1454 1877 inspirauerit
1498 1796 1630 1858 tibi.
1705 1795 1756 1857 si
1791 1794 1972 1858 illum
2004 1794 2259 1877 spiritus
2306 1793 2407 1856 dei
2453 1792 2660 1857 docuit

367 1899 472 1981 qui
519 1898 841 1964 Christum
904 1899 1091 1963 deum
1148 1918 1284 1963 esse
1332 1900 1656 1963 confessus
1713 1902 1826 1979 est,
1887 1898 2065 1962 uides
2113 1898 2276 1981 quod
2322 1901 2389 1961 tu
2437 1896 2658 1980 spiritu

368 2003 688 2067 daemonis
736 2003 953 2068 doetus
1001 2003 1085 2067 sis
1133 2005 1237 2085 qui
1282 2022 1511 2087 negare
1557 2004 1832 2086 potuisti.

454 2107 664 2171 XIIII.
692 2106 813 2173 Sed
844 2110 1059 2171 tamen
1090 2108 1329 2173 dictum
1360 2108 1515 2172 illud
1547 2108 1782 2172 domini
1813 2127 1933 2189 quo
1966 2107 2368 2172 conlaudauit
2395 2107 2656 2170 Petrum

369 2231 524 2293 quae
571 2213 737 2276 diet-a
785 2212 905 2276 alia
949 2216 1456 2294 consequuntur?
1499 2216 1571 2277 et
1617 2231 1778 2296 ego,
1824 2213 2045 2295 inquit,
2091 2212 2231 2276 tibi
2279 2212 2440 2275 dico
2489 2210 2660 2293 quia

369 2320 447 2379 tu
495 2336 569 2380 es
615 2316 913 2397 PetruS,
963 2320 1034 2380 et
1094 2336 1316 2401 super
1360 2318 1547 2381 113110
1593 2322 1884 2401 petram
1946 2317 2364 2381 aedificabo
2430 2316 2658 2379 eoele-

369 2422 557 2486 siam
624 2439 879 2485 meam.
972 2420 1149 2485 uides
1212 2422 1373 2505 quod
1436 2422 1674 2486 dietum
1733 2422 1907 2485 Petri
1969 2422 2266 2485 ecclesiae
2327 2420 2482 2484 fides
2543 2423 2655 2484 est.

369 2543 515 2610 ergo
578 2530 749 2590 extra
809 2527 1137 2590 eeclesiam
1198 2527 1281 2592 sit
1338 2545 1594 2590 neeesse
1656 2531 1752 2592 est
1811 2529 1916 2609 qui
1976 2527 2098 2590 fide
2167 2527 2466 2590 eeclesiae
2535 2545 2658 2590 non

368 2633 633 2694 tenetur.
714 2635 786 2693 et
831 2631 1003 2711 tibi,
1050 2631 1251 2712 inquit
1296 2633 1606 2710 dominuS‚
1668 2631 1854 2696 dabo
1915 2633 2169 2696 claues
2230 2632 2444 2714 regni
2503 2649 2659 2694 cae-

366 2735 626 2798 lorum.
717 2734 871 2798 fides
933 2735 1089 2798 haee
1149 2737 1393 2799 eaelum
1453 2737 1714 2816 meruit,
1777 2735 1929 2800 fides
1991 2737 2148 2800 haec
2208 2737 2416 2800 claues
2476 2735 2656 2818 regni
2705 2743 2740 2796 2

367 2839 657 2903 caelest-is
718 2841 973 2922 accepit.
1053 2839 1349 2923 intellege
1406 2859 1564 2923 quae
1627 2845 1688 2905 te
1749 2845 2066 2905 maneant.
2144 2841 2399 2904 introire
2463 2840 2658 2903 clauis

366 2943 554 3007 huius
616 2945 873 3007 ianuam
933 2961 1056 3008 non
1104 2946 1355 3027 poteriS,
1418 2947 1521 3026 qui
1574 2945 1764 3008 fidem
1827 2946 2022 3008 clauis
2085 2946 2266 3009 istius
2313 2944 2655 3027 denegasti.

368 3051 441 3112 et
501 3051 789 3130 portae,
850 3049 1073 3130 inquit,
1144 3049 1369 3113 inferi
1438 3067 1580 3113 non
1647 3049 2195 3131 praeualebunt
2262 3049 2660 3113 aduersum

366 3157 457 3216 te.
534 3155 751 3235 portae
797 3153 977 3217 inferi
1022 3153 1177 3216 fides
1214 3156 1309 3216 est
1345 3153 1824 3234 haereticorum,
1873 3155 2068 3218 immo
2112 3155 2386 3236 perfidia.
2460 3172 2659 3235 quan-

364 3260 503 3320 tum
554 3256 723 3320 enim
770 3275 807 3321 a
852 3258 1023 3321 03010
1068 3257 1313 3321 inferna
1358 3258 1613 3338 distant,
1661 3261 1906 3322 tantum
1955 3259 2031 3323 ab
2080 3277 2151 3323 eo
2199 3259 2306 3341 qui
2340 3259 2656 3323 Christum

366 3361 553 3425 deum
601 3362 923 3426 confessus
970 3363 1158 3427 fuerit
1201 3363 1255 3426 is
1303 3364 1406 3445 qui
1452 3369 1660 3447 negat.
1740 3382 1921 3446 quae
1981 3364 2378 3448 ligaueriS,
2438 3365 2658 3446 inquit,

364 3467 439 3530 in
488 3467 741 3547 terrie,
804 3467 1041 3550 ligata
1095 3471 1313 3532 erunt
1358 3467 1431 3531 in
1493 3469 1754 3532 caelis:
1819 3474 1892 3533 et
1951 3487 2457 3552 quaecumque
2517 3469 2659 3533 sol-

360 3572 567 3634 ueris
614 3590 836 3654 super
883 3575 1188 3653 terram,
1252 3576 1467 3637 erunt
1522 3573 1772 3638 soluta
1818 3577 1888 3638 et
1931 3574 2004 3638 111
2050 3574 2299 3639 caelis.
2379 3575 2656 3658 perfecta
2701 3583 2736 3636 3

580 3795 668 3865 16]
706 3795 1120 3862 Matth.16,18.
1230 3797 1322 3868 20]
1359 3797 1394 3851 1.
1422 3815 1464 3852 ο.
1496 3801 1575 3853 19.
1685 3799 1777 3869 24]
1815 3798 1849 3852 1.
1879 3815 1920 3852 ο.
1952 3801 2030 3855 18.
2138 3799 2230 3869 27]
2266 3800 2301 3853 1.
2330 3817 2372 3854 ο.
2404 3803 2483 3857 19.

456 3989 483 4042 1
524 4003 715 4055 symon
752 3989 827 4042 M
960 3991 993 4043 6
1030 3991 1243 4042 sanctus
1281 4007 1381 4045 om.
1424 3991 1497 4044 M
1635 3989 1855 4058 spiritns
1891 3993 2107 4043 sanctus
2138 4007 2214 4060 pv
2359 3995 2417 4047 11
2457 3991 2658 4045 reuela-

362 4078 563 4128 uerunt
622 4075 727 4128 ista
779 4079 833 4128 et
888 4076 1285 4144 inspirauernnt
1345 4079 1439 4132 Mn
1619 4081 1680 4132 14
1739 4076 1974 4130 doctnsis
2036 4079 2103 4132 N
2277 4082 2341 4134 15
2396 4080 2538 4147 quod
2595 4081 2668 4134 Μ

364 4165 435 4216 16
489 4162 615 4230 quia
667 4181 767 4219 om.
818 4165 890 4218 M
1027 4167 1090 4218 19
1145 4163 1307 4217 fidem
1363 4165 1494 4219 Nan
1637 4169 1704 4220 20
1755 4167 1900 4218 tenet
1944 4183 2012 4220 av
2156 4165 2404 4219 dominns
2451 4186 2552 4222 om.
2593 4169 2668 4222 M

362 4251 434 4305 22
460 4248 767 4317 intellegere
806 4253 877 4304 M
978 4253 1041 4305 24
1081 4250 1277 4303 inferni
1306 4253 1404 4306 Mv
1510 4257 1576 4307 25
1616 4251 1773 4304 inseri
1803 4271 1874 4321 p.-
1911 4251 2106 4305 inferni
2145 4255 2306 4308 NMv
2412 4258 2480 4309 26
2516 4255 2658 4308 enim

361 4353 466 4390 om.
509 4338 582 4391 M
704 4337 899 4390 inferni
938 4339 1013 4392 M
1132 4340 1199 4392 27
1236 4337 1321 4391 his
1360 4340 1435 4392 M
1555 4341 1624 4394 29
1669 4354 1828 4407 super
1863 4339 2086 4409 terram]
2122 4339 2178 4392 in
2217 4340 2373 4393 terris
2410 4342 2485 4396 M
2605 4345 2659 4396 et

362 4441 467 4480 om.
508 4425 584 4478 M
