3167 4975
530 443 659 510 304
1338 444 1657 499 Iohannis
1703 444 2004 501 Cassiani

519 620 919 684 iudicandum
966 638 1158 701 quam
1202 618 1546 684 iudicatum
1595 640 1731 685 esse
1777 622 2084 702 uideatur,
2132 623 2294 704 quia,
2342 640 2487 685 cum
2533 622 2814 687 eiusdem

520 726 743 790 erroris
790 726 895 805 siS,
943 744 1198 789 necesse
1247 728 1345 789 est
1385 726 1666 790 eiusdem
1714 745 1956 809 quoque
1989 729 2180 791 etiam
2226 726 2644 792 damnationis
2679 748 2816 791 esse

518 829 819 894 credaris:
884 834 956 893 ut
1016 847 1141 893 non
1188 830 1393 893 dicam
1455 831 1712 894 interim
1756 832 1933 912 illud,
1995 832 2159 913 quod
2205 832 2514 915 imperiali
2570 836 2816 895 statuae

518 935 707 998 deum
773 951 1145 1018 comparans
1212 935 1275 997 in
1344 938 1590 999 tantam
1659 936 1970 1019 sacrilegii
2046 936 2438 1020 impietatem
2507 954 2580 999 ac
2646 936 2816 1001 blas-

516 1040 834 1122 phemiam
880 1040 1235 1121 prorupisti,
1282 1042 1353 1103 ut
1396 1043 1563 1103 recte
1611 1040 1950 1105 admodum
1986 1042 2175 1105 etiam
2211 1042 2540 1124 Pelagium
2586 1042 2814 1123 ipsum,
2892 1066 2918 1105 ε,

517 1145 620 1227 qui
666 1162 866 1226 paene
899 1162 1116 1208 omnes
1162 1144 1485 1227 impietate
1522 1145 1762 1225 uicerit,
1811 1146 1929 1209 hac
1961 1146 2239 1209 amentia
2267 1146 2493 1209 uicisse
2525 1146 2811 1209 uidearis.

602 1250 722 1313 HI.
770 1249 885 1313 Ais
940 1267 1088 1333 ergo
1134 1249 1453 1314 Christum
1502 1250 1894 1316 theodochon
1939 1254 2284 1335 imaginem
2345 1250 2814 1333 appellandum,

516 1354 581 1418 id
627 1357 724 1418 est
769 1373 891 1419 non
937 1357 1191 1436 propter
1238 1374 1304 1417 se
1366 1374 1532 1435 eum,
1596 1358 1743 1438 quia
1803 1356 1886 1420 sit
1931 1356 2104 1437 deus,
2167 1355 2277 1419 sed
2326 1356 2472 1439 quia
2517 1356 2704 1419 deum
2751 1356 2816 1419 in

517 1479 584 1523 se
647 1461 992 1544 susceperit
1043 1460 1497 1524 honorandum.
1574 1462 1695 1525 hoc
1743 1462 1926 1526 modo
1973 1480 2119 1545 ergo
2167 1462 2318 1526 nihil
2363 1462 2528 1525 inter
2573 1479 2714 1524 eum
2753 1466 2817 1524 et

517 1582 735 1628 omnes
782 1565 887 1646 qui
932 1565 1191 1629 fuerunt
1236 1569 1487 1629 sanctos
1534 1565 1822 1630 homines
1879 1586 2016 1630 esse
2071 1566 2321 1645 assem,
2385 1567 2535 1647 quia
2593 1583 2813 1629 omnes

518 1669 733 1751 utique
782 1670 982 1732 sancti
1029 1669 1315 1733 homines
1363 1670 1553 1733 deum
1601 1670 1664 1733 in
1721 1690 1787 1734 se
1835 1671 2211 1750 habuerunt,
2275 1669 2588 1751 siquidem
2641 1672 2704 1733 01
2748 1670 2814 1733 10

516 1773 881 1856 patriarchis
944 1774 1129 1837 deum
1192 1774 1387 1837 fuisse
1458 1778 1520 1838 01
1579 1775 1644 1838 10
1705 1776 2025 1858 prophetis
2088 1776 2274 1839 deum
2335 1776 2618 1839 locutum
2687 1792 2812 1837 non

520 1878 900 1960 ignoramus
980 1895 1197 1942 omnes
1246 1878 1511 1960 denique
1560 1897 1684 1943 non
1731 1880 1866 1943 dico
1915 1880 2247 1963 apostoloS,
2311 1883 2641 1962 martyres,
2705 1878 2814 1941 sed

516 2000 735 2046 omnes
781 2000 1027 2064 quoque
1076 1986 1325 2047 sanctos
1372 1983 1469 2046 dei
1518 1986 1579 2047 et
1626 2002 1839 2048 seruos
1887 1985 1983 2048 dei
2030 1984 2260 2048 habere
2305 1984 2370 2047 in
2417 2002 2484 2047 se
2525 1984 2814 2065 spiritum

516 2087 614 2151 dei
678 2087 989 2151 credimus
1060 2088 1406 2151 secundum
1466 2088 1650 2151 illud:
1721 2106 1852 2152 uos
1922 2090 2120 2153 enim
2188 2088 2375 2152 estis
2445 2088 2814 2169 templum

518 2190 632 2254 dei
681 2190 869 2270 uiui,
932 2192 1131 2255 sicut
1185 2192 1373 2255 dixit
1417 2191 1626 2255 deus:
1689 2194 1863 2273 quia
1920 2192 2368 2257 inhabitabo
2427 2193 2500 2255 in
2561 2192 2690 2272 eiS‚
2753 2194 2816 2254 et

516 2295 776 2359 iterum:
832 2296 1147 2359 nescitis
1193 2296 1367 2377 quia
1412 2298 1774 2381 templum
1824 2297 1938 2361 dei
1985 2298 2170 2361 estis
2219 2300 2290 2360 et
2335 2297 2650 2378 spiritus
2697 2296 2815 2358 dei

515 2398 814 2463 habitat
870 2401 945 2463 in
1004 2399 1264 2464 uobis?
1327 2404 1391 2465 et
1433 2420 1546 2483 per
1592 2402 1710 2465 hoc
1757 2420 1975 2465 omnes
2022 2401 2089 2465 hi
2136 2401 2463 2465 theodochi
2513 2402 2682 2481 sunt,
2741 2418 2814 2463 ac

516 2505 605 2568 sic
650 2505 767 2568 hoc
814 2506 996 2570 modo
1042 2509 1299 2570 cunctos
1362 2507 1701 2571 admodum
1749 2507 1998 2572 Christo
2060 2507 2297 2571 similes
2361 2510 2425 2570 et
2469 2507 2583 2570 deo
2629 2523 2812 2589 pares

520 2609 688 2673 dicis.
768 2610 878 2674 sed
925 2610 1089 2674 absit
1132 2611 1286 2674 haec
1333 2610 1733 2675 abominandi
1781 2611 2006 2675 erroris
2053 2612 2366 2694 impietaS,
2421 2614 2493 2674 ut
2533 2611 2814 2673 facturae

514 2731 663 2777 suae
692 2714 911 2795 factor,
958 2718 1030 2778 ut
1060 2715 1314 2779 famulis
1350 2715 1479 2779 suis
1514 2716 1825 2796 dominuS,
1873 2721 1944 2780 ut
1975 2719 2262 2780 terrenae
2295 2715 2628 2798 fragilitati
2658 2715 2811 2778 deus

515 2819 907 2883 terrestrium
940 2823 1004 2882 et
1033 2819 1401 2883 caelestium
1434 2825 1810 2902 conparetur
1843 2824 1906 2884 et
1934 2821 2088 2884 haec
2121 2820 2176 2882 ei
2209 2839 2280 2882 ex
2325 2818 2648 2883 beneficiis
2681 2820 2811 2882 suis

514 2921 741 2986 iniuria
772 2921 901 3004 fiat,
951 2926 1038 3004 ut,
1081 2924 1227 3004 quia
1266 2922 1650 2988 habitatione
1700 2943 1812 2988 sua
1859 2925 2152 3007 dignatur
2196 2924 2539 3004 hominem,
2589 2923 2814 2986 idcirco

514 3024 682 3089 idem
727 3027 891 3109 quod
936 3027 1123 3091 homo
1170 3046 1307 3091 esse
1354 3028 1615 3092 dicatur.

604 3132 754 3196 IIII.
804 3131 965 3212 Quin
1012 3132 1207 3196 immo
1253 3132 1371 3196 hoc
1416 3133 1578 3196 inter
1625 3134 1805 3197 illum
1853 3133 2113 3197 interest
2159 3135 2222 3198 et
2265 3137 2516 3197 sanctos
2569 3150 2810 3212 omneS,

517 3237 679 3318 quod
708 3238 873 3300 inter
904 3236 1333 3300 habitaculum
1368 3241 1431 3301 01
1460 3237 1904 3319 habitatorem,
1952 3238 2116 3320 quod
2148 3240 2360 3320 utique
2391 3242 2465 3302 111
2495 3236 2816 3301 habitetur

517 3358 641 3404 non
687 3339 1031 3404 habitaculi
1078 3344 1195 3420 est,
1242 3341 1349 3404 sed
1397 3341 1792 3424 habitatoriS,
1841 3343 1905 3406 in
1945 3343 2120 3406 cuius
2154 3342 2397 3406 scilicet
2429 3341 2684 3406 arbitrio
2715 3345 2815 3405 est

518 3449 581 3509 et
613 3443 963 3509 aedificatio
1009 3444 1357 3509 habitaculi
1396 3449 1458 3509 et
1487 3465 1662 3528 usuS‚
1709 3446 1771 3510 id
1806 3450 1921 3526 est,
1969 3447 2072 3510 uel
2103 3450 2192 3528 111,
2241 3465 2384 3510 cum
2416 3447 2589 3527 uelit,
2634 3445 2814 3510 habi-

729 3625 817 3694 15]
854 3625 913 3679 11
948 3625 1067 3680 Cor.
1093 3629 1143 3692 6,
1172 3629 1253 3682 16.
1363 3627 1451 3697 17]
1488 3627 1517 3680 Ι
1555 3627 1675 3682 Cor.
1702 3631 1752 3692 3,
1779 3631 1861 3684 16.

606 3795 633 3847 1
662 3807 773 3845 esse
802 3809 903 3848 om.
920 3809 965 3861 Ρ
1070 3794 1105 3848 2
1130 3791 1525 3861 dampnationis
1550 3793 1718 3863 NMp
1814 3795 1848 3848 4
1875 3792 2154 3847 dominum
2179 3811 2250 3849 av
2352 3794 2586 3864 tantam]
2613 3796 2724 3848 tam
2749 3793 2818 3850 N

518 3881 550 3933 5
586 3877 899 3932 ammodum
934 3879 1001 3934 N
1137 3879 1313 3948 ipsum
1350 3899 1451 3934 om.
1492 3882 1567 3934 M
1702 3883 1736 3935 6
1773 3880 2078 3952 impietates
2115 3883 2191 3935 M
2325 3884 2355 3936 7
2392 3881 2716 3935 theotochon
2749 3882 2820 3936 N

516 3965 803 4018 theotocon
838 3967 944 4035 ΜΡ
1053 3969 1119 4022 13
1164 3967 1413 4020 martires
1450 3969 1555 4036 ΜΡ
1677 3969 1742 4022 14
1779 3971 1833 4021 et
1868 3984 2050 4021 seruos
2076 4011 2088 4023 .
2118 4011 2128 4022 .
2159 4011 2170 4022 .
2197 3969 2446 4038 spiritum
2485 3969 2571 4022 dei
2605 3987 2708 4025 om.
2747 3970 2820 4023 M

521 4055 583 4108 15
620 4052 765 4106 enim
802 4069 903 4108 om.
942 4055 1044 4109 Mv
1152 4056 1219 4108 16
1255 4053 1363 4107 dixi
1402 4055 1477 4108 Μ
1576 4054 1706 4108 deus
1745 4054 1878 4109 dixit
1915 4073 1984 4110 av
2089 4056 2216 4124 quia
2250 4073 2352 4112 om.
2379 4057 2456 4112 M
2555 4059 2620 4112 17
2659 4056 2814 4126 spiri-

516 4143 605 4192 tus
641 4139 750 4208 dei]
786 4140 875 4209 sps
903 4138 981 4194 §31
1004 4159 1049 4210 Ρ
1158 4143 1223 4196 18
1259 4140 1514 4195 thodochi
1538 4142 1608 4196 N
1607 4144 1622 4177 ¹
1697 4142 1966 4196 theotochi
1993 4143 2060 4198 N
2063 4145 2084 4179 ²
2153 4143 2396 4196 theodoci
2423 4145 2499 4197 M
2598 4147 2664 4199 19
2699 4159 2812 4196 am-

516 4225 739 4279 modum
776 4229 843 4282 N
976 4229 1045 4282 20
1089 4227 1473 4282 abhominandi
1509 4229 1680 4298 NMp
1821 4231 1889 4285 22
1936 4230 2240 4284 terestrium
2279 4231 2354 4285 M
2439 4229 2718 4302 celestium
2759 4233 2814 4283 01

516 4314 850 4368 terrestrium
880 4332 925 4384 Ρ
1048 4317 1117 4370 23
1151 4315 1244 4383 qui
1280 4316 1375 4370 Nv
1499 4315 1753 4382 dignatus
1791 4321 1868 4370 est
1899 4335 1943 4386 Ρ
2067 4320 2134 4372 25
2173 4318 2280 4371 1010
2309 4336 2354 4387 Ρ
2478 4320 2545 4372 27
2583 4317 2710 4370 licet
2747 4317 2822 4372 M

516 4403 585 4456 28
621 4400 889 4456 edificium
930 4403 1003 4456 M
1100 4417 1223 4455 cum
1260 4419 1361 4456 om.
1400 4405 1475 4457 M

2871 1590 2922 1628 lo

2871 2112 2921 2151 15
