3167 4975
1227 405 1557 458 nominum
1596 407 1660 459 et
1695 422 1918 460 rerum.
2611 405 2742 470 435

512 578 815 632 diuinarum
872 577 1257 646 scripturarum
1303 577 1543 632 testimo·
1701 577 1946 647 pellenda
1970 579 2013 632 I
2035 571 2213 641 VIIII,
2242 579 2322 632 13.
2397 595 2494 632 uae
2521 578 2740 633 tristitia

510 647 613 700 niis
648 664 707 700 ar
782 663 875 700 ens
908 649 963 701 et
988 647 1307 701 conuincens
1340 663 1428 700 eos
1461 663 1543 701 os·
1703 647 1946 700 salutaris
1977 663 2176 715 quaeue
2203 647 2362 700 morti
2388 663 2478 701 era
2502 649 2543 703 Ι
2559 647 2737 712 VIIII,

510 717 685 770 tendit
746 733 867 770 eum
892 717 1259 786 incorporeum
1284 716 1427 770 iuxta
1490 733 1543 769 a·
1705 718 1921 771 10—12.
1961 717 2210 770 tristitiae
2239 717 2454 787 spiritus
2479 717 2738 786 pernicio-

511 789 657 840 trum
681 785 843 840 fidem
870 785 1191 840 credendum
1217 802 1386 854 neque
1502 786 1544 838 's
1703 803 1793 839 sus
1827 788 1870 840 Ι
1895 785 2076 850 VIIII,
2105 788 2252 842 1—3.

510 855 725 909 omnino
786 854 1149 910 membrorum
1208 855 1544 910 lineamentis
1599 855 1822 924 trogalia
1845 857 2227 910 monachorum
2251 854 2640 924 Aegyptiorum
2667 857 2739 910 ci-

509 925 876 994 compositum‚
926 927 981 979 et
1023 924 1089 978 ob
1136 924 1192 979 id
1234 924 1368 978 nihil
1403 925 1451 978 ei
1488 924 1543 978 in
1703 941 1790 978 cer
1825 924 2044 979 frictum
2089 924 2136 980 G
2165 923 2316 988 VIII,
2349 927 2394 988 1,
2420 928 2468 980 2.

509 995 763 1074 creaturis
817 993 997 1075 simile·
1034 1011 1129 1064 per
1172 993 1542 1076 substantiam,
1599 996 1681 1046 tro
1721 994 1894 1076 elogia
1938 994 1985 1049 Ο
2013 993 2192 1074 XIHL
2223 996 2272 1056 8,
2301 997 2334 1050 3
2371 1001 2418 1048 et
2455 997 2502 1048 6.

508 1079 607 1186 1:35
616 1079 783 1187 ..az
796 1063 1541 1214 mastratis&
1597 1062 2206 1188 &manasseas
2227 1063 2478 1201 {33³3}
2513 1133 2736 1188 ...ab

508 1204 674 1256 tatem
694 1219 815 1256 suae
830 1202 1035 1257 dedisse
1054 1205 1299 1266 naturae;
1320 1202 1410 1256 sed
1430 1219 1541 1256 esse
1701 1207 1789 1256 tur
1824 1205 1866 1257 I
1893 1201 1937 1266 Ι,
1966 1205 2044 1258 10.
2083 1205 2152 1272 cf.
2183 1202 2312 1264 1111,
2343 1205 2421 1258 13.

507 1288 691 1326 omnes
716 1271 1099 1326 intellectuales
1121 1275 1339 1354 naturas
1357 1287 1540 1341 corpo-
1595 1271 1767 1340 Tyrus
1803 1274 1846 1328 I
1864 1289 1953 1342 pr.
1979 1273 2025 1340 §-
2058 1274 2100 1327 1.
2147 1272 2194 1328 C
2226 1271 2377 1336 VIII,
2403 1276 2452 1336 8,
2482 1274 2526 1326 1.

504 1357 892 1492 ffissssbflggsgz
908 1340 1540 1491 iflzrgolffslzlgffhpotlssffi?
1595 1409 1790 1465 Ualens
1827 1410 2114 1492 imperator
2157 1409 2204 1465 0
2234 1409 2435 1474 XVIII,
2462 1413 2510 1474 7,
2535 1415 2582 1468 8.

506 1481 607 1533 tati
626 1495 730 1534 non
751 1479 1033 1534 sublaceat.
1056 1479 1359 1550 paschalem
1378 1483 1539 1534 etiam
1595 1496 1688 1533 uas
1724 1479 1994 1556 electioms
2026 1479 2267 1550 (Paulus)
2309 1481 2356 1535 G
2383 1479 2484 1545 III,
2514 1483 2594 1544 15,
2624 1482 2649 1535 1
2687 1486 2735 1536 et

504 1565 793 1614 recursum,
836 1565 993 1618 quem
1028 1566 1224 1618 magna
1264 1549 1406 1618 apud
1441 1549 1539 1602 Ni·
1697 1566 1869 1620 saepe.

505 1635 681 1672 caeam
745 1619 977 1687 synodus
1070 1621 1155 1673 ost
1208 1637 1313 1672 xcv
1374 1634 1539 1672 annos
1596 1618 1821 1672 uenialia
1841 1619 2133 1699 peccatain
2149 1618 2249 1672 hac
2269 1617 2382 1672 uita
2401 1633 2508 1671 non
2527 1634 2639 1672 sem
2679 1635 2735 1672 er

508 1687 593 1755 agi
612 1688 669 1741 in
694 1691 929 1758 tempore
955 1691 1010 1743 et
1073 1688 1117 1742 ‘e
1136 1691 1191 1742 et
1206 1688 1333 1742 luna
1352 1704 1539 1742 secun·
1697 1688 1857 1741 uitari
1945 1690 2133 1742 ossunt
2184 1688 2231 1742 Ο
2273 1687 2374 1750 XI,
2421 1689 2501 1742 10.
2661 1688 2731 1752 II,

506 1755 803 1812 dumsuum
818 1761 1019 1812 statum
1036 1757 1325 1822 inuenerat,
1341 1757 1539 1812 additis
1699 1760 1850 1812 7—9.
1939 1757 2090 1820 XIII,
2127 1759 2280 1813 7—8.
2328 1755 2522 1824 quibus
2559 1757 2732 1811 modis

504 1825 823 1894 quibusdam
849 1827 1013 1897 ipsius
1045 1826 1355 1881 festiuitatis
1378 1827 1537 1881 ratio·
1698 1827 2103 1881 committantur
2133 1827 2181 1882 G
2199 1825 2314 1890 XX,
2343 1828 2420 1881 11.
2449 1825 2621 1890 XXII,
2651 1829 2730 1882 13.

505 1894 672 1978 nibus·
696 1899 750 1978 et
790 1895 1201 1976 expositionibus
1242 1896 1537 1951 Theodosio
1698 1912 1804 1949 non
1828 1900 1955 1950 sunt
2015 1895 2126 1948 arui
2152 1894 2432 1976 pendenda
2465 1895 2511 1950 0
2530 1895 2731 1976 XXIII,

398 1964 965 2116 thegffigsspxuffituffi
989 2009 1182 2089 ‘uirtus
1219 2035 1537 2115 discernitur
1697 1969 2122 2089 Ziaeloiilofflenung
2138 1967 2443 2114 Βὲιὶῗὲῐῗῖὃῖιὲῗ.
2462 1967 2732 2088 aggnmisissi:

502 2104 567 2158 ab
590 2105 785 2159 actuah
812 2104 1053 2168 CXIIII,
1074 2107 1120 2168 1,
1140 2107 1189 2160 3.
1220 2104 1537 2158 theoreticae
1733 2104 1920 2158 edlunt
1963 2119 2389 2157 commumonem
2437 2119 2642 2158 sacram
2691 2104 2738 2158 G

502 2174 641 2228 uitae
679 2174 1068 2228 commendatio
1112 2173 1160 2229 0
1191 2174 1233 2237 I,
1266 2177 1312 2231 8.
1352 2173 1536 2241 θεωρη-
1795 2173 1897 2237 ΙΠ,
1922 2175 2004 2228 21.

502 2241 607 2308 τικὴ
634 2243 691 2296 in
709 2258 813 2311 quo
834 2244 1089 2298 consistat
1115 2242 1353 2307 CXIIII,
1378 2246 1402 2299 1
1424 2259 1533 2312 sqq.
1591 2242 1884 2296 uenuudati
1929 2240 2140 2295 diabolo
2218 2241 2447 2295 uomodo
2485 2242 2732 2296 dicantur

500 2313 611 2366 eius
645 2315 825 2382 partes
860 2316 914 2367 et
956 2329 1151 2382 genera
1194 2312 1240 2368 0
1270 2311 1451 2375 XIIII,
1486 2315 1533 2369 8.
1693 2312 1934 2366 homines
1978 2312 2024 2367 0
2053 2311 2104 2364 X
2243 2351 2256 2374 ,
2287 2313 2363 2366 12.

499 2382 761 2450 quomodo
807 2382 1117 2450 adquiratur
1159 2382 1206 2437 0
1235 2381 1415 2446 XIIII,
1454 2385 1533 2437 10.
1592 2380 1812 2435 uerbum
1873 2385 2012 2435 recte
2072 2380 2268 2434 dicitur
2327 2396 2448 2433 caro
2516 2383 2732 2461 propter

500 2467 605 2506 non
642 2451 709 2506 ad
748 2451 941 2507 uiritur
966 2451 1067 2506 nisi
1105 2469 1137 2505 a
1170 2450 1317 2521 puris
1342 2451 1534 2507 menti·
1694 2467 1857 2506 unam
1911 2451 1966 2505 in
2012 2449 2224 2505 Christo
2271 2449 2624 2505 substantiam
2670 2451 2736 2506 N

498 2520 597 2575 bus
641 2522 689 2577 0
710 2469 899 2585 ‘lum
933 2524 1011 2577 10.
1045 2523 1260 2577 14—16.
1693 2520 1824 2585 IIII,
1853 2525 1884 2577 5
1911 2538 2021 2591 sqq.
2051 2520 2110 2601 V,
2137 2524 2183 2575 7.
2211 2518 2303 2583 VI,
2330 2522 2412 2576 22.

392 2590 599 2643 theoria
630 2590 919 2660 principale
954 2590 1153 2645 bonum
1192 2591 1247 2643 in
1284 2608 1337 2643 se
1373 2590 1535 2645 habet
1591 2590 1786 2645 ueritas
1805 2590 2069 2659 quomodo
2088 2588 2392 2657 indaganda
2420 2588 2623 2651 CXVI,
2649 2592 2726 2645 10.

508 2660 554 2715 C
583 2661 627 2724 I,
666 2665 714 2724 8,
752 2664 904 2717 2-3,
948 2663 1025 2715 12.
1084 2660 1315 2713 theoriae
1361 2662 1535 2714 cetera
1589 2660 1784 2714 ueteris
1837 2663 1892 2714 et
1937 2674 2102 2713 nouae
2152 2658 2284 2726 legis
2329 2659 2634 2727 conparatio
2688 2658 2735 2713 Ο

499 2730 677 2783 omnia
728 2729 1094 2799 postponenda
1150 2729 1196 2785 0
1244 2730 1446 2792 XXIII,
1483 2732 1530 2785 3.
1693 2728 1836 2793 XXI,
1861 2732 2013 2783 4—7.
2043 2730 2112 2783 32
2133 2746 2242 2809 sqq.

495 2799 619 2852 huic
657 2800 797 2853 uitae
840 2797 1162 2868 inpossibilis
1205 2815 1313 2851 non
1359 2803 1440 2853 cst
1491 2799 1538 2854 0
1586 2798 1778 2852 uiduae
1823 2797 1920 2852 sub
1964 2800 2262 2866 praepos1to
2307 2812 2424 2849 sum
2465 2795 2609 2849 tibus
2647 2813 2728 2851 ec-

496 2868 540 2931 I,
582 2870 659 2923 13.
708 2868 943 2923 theoriae
984 2868 1193 2921 assidue
1228 2884 1415 2922 uacare
1451 2868 1532 2922 in·
1691 2866 1996 2921 clesiasticis
2044 2866 2261 2921 aluntur
2315 2865 2363 2921 0
2456 2865 2606 2929 VIII,
2647 2868 2726 2927 14,

534 2936 743 2991 ossibile
779 2939 837 2991 in
872 2938 971 2991 hac
1007 2938 1121 2991 uita
1162 2937 1209 2994 Ο
1239 2936 1283 3001 Ι,
1311 2940 1529 2994 12-13.
1695 2938 1843 2992 1-3.

495 2954 699 3069 XXIII,
726 3009 883 3063 5.13.
1586 3005 1800 3075 uigiliae
1854 3007 2142 3058 nocturnae
2192 3006 2232 3058 I
2275 3003 2348 3067 ΙΙ,
2386 3006 2434 3067 3,
2479 3008 2519 3059 l.
2575 3005 2622 3060 G
2653 3005 2725 3067 Π,

392 3075 665 3129 theotocos
701 3075 813 3129 sola
844 3076 997 3145 uirgo
1020 3075 1191 3130 Maria
1214 3076 1279 3130 N
1306 3076 1379 3140 II,
1406 3080 1453 3131 2.
1480 3079 1527 3130 4.
1689 3078 1773 3139 26,
1799 3077 1847 3130 3.
1885 3073 2098 3142 uigiliae
2135 3072 2342 3127 sabbati
2377 3075 2420 3128 I
2442 3073 2545 3137 III,
2571 3078 2724 3130 8-9.

390 3144 655 3198 theriacae
692 3146 985 3200 remedium
1030 3146 1077 3201 Ο
1106 3144 1307 3209 XVIII,
1340 3147 1419 3207 16,
1450 3148 1527 3202 13.
1689 3144 1902 3213 uigiliae
1955 3143 2194 3212 priuatae
2249 3141 2619 3196 communibus
2672 3145 2728 3196 et

391 3214 615 3267 Thmuis
660 3214 849 3269 ciuitas
894 3214 1127 3284 Aegypti
1174 3214 1221 3270 C
1264 3214 1444 3279 XIIII,
1480 3217 1528 3279 4,
1690 3212 1954 3267 canonicis
1987 3210 2322 3266 subiciendae
2348 3214 2383 3267 1
2403 3211 2476 3275 Il,
2506 3214 2722 3268 12—15.

494 3286 543 3339 2.
579 3284 723 3349 XVI,
750 3288 793 3340 1.
1584 3282 1639 3337 ui
1710 3282 1868 3337 ‘nitas
1903 3282 2141 3335 uirorum
2184 3284 2488 3335 sanctorum
2524 3280 2724 3343 Heliae,

389 3352 623 3407 Thomas
647 3352 915 3423 apostolus
935 3354 1004 3409 N
1020 3352 1123 3417 III,
1152 3355 1231 3407 15.
1252 3350 1345 3416 VI,
1374 3356 1453 3418 19,
1479 3355 1526 3407 2.
1741 3352 2001 3416 ieremiae‚
2022 3350 2312 3413 Danihelis,
2343 3350 2598 3404 Iohannis
2621 3351 2723 3403 Ba-

389 3418 592 3491 θυμικὸν
628 3424 835 3477 animae
879 3422 927 3479 0
956 3422 1187 3485 XXIIII,
1215 3424 1297 3486 15,
1322 3425 1371 3477 3.
1685 3422 1880 3544 Vlism
1926 3424 1980 3475 et
2020 3419 2392 3489 Euangelistae
2439 3422 2479 3474 I
2511 3420 2554 3483 Ι,
2578 3425 2640 3500 ,1,
2673 3422 2722 3475 2.

389 3486 541 3571 θμμὸς
578 3493 707 3560 quid
744 3493 817 3546 sit
860 3491 907 3547 0
936 3491 998 3556 V,
1028 3494 1107 3555 11,
1135 3494 1181 3545 7.
1765 3532 1778 3555 ,
1803 3493 1853 3554 4,
1883 3494 1926 3546 1.
1979 3489 2027 3546 Ο
2056 3490 2200 3554 XXI,
2234 3492 2283 3552 4,
2309 3492 2356 3545 2.
2395 3490 2721 3557 uirginitatis

389 3563 585 3615 timens
638 3561 705 3615 ab
749 3563 961 3616 amante
1008 3559 1274 3629 quomodo
1319 3559 1531 3614 differat
1684 3560 1802 3614 laus
1845 3559 1892 3616 0
1921 3559 2093 3623 XXII,
2122 3562 2169 3615 6.

500 3630 548 3685 0
578 3631 671 3695 XI,
699 3633 888 3688 9—10.
1584 3629 1808 3685 uirtutes
1851 3628 2099 3683 caelestes
2141 3630 2264 3682 ante
2302 3626 2490 3681 muudi
2525 3626 2721 3696 princi—

390 3700 553 3753 timor
577 3704 791 3755 sanctus
816 3700 934 3768 quis
959 3700 1031 3754 sit
1062 3700 1109 3755 Ο
1126 3700 1219 3763 XI,
1249 3703 1327 3755 13.
1366 3700 1531 3753 timor
1684 3699 1836 3767 pium
1869 3716 1901 3752 a
1925 3698 2023 3751 deo
2047 3699 2250 3751 creatae
2276 3696 2425 3759 VIII,
2452 3699 2500 3750 7.
2539 3713 2722 3750 earum

493 3768 696 3823 domini
742 3769 929 3824 salutis
970 3769 1290 3839 principium
1327 3772 1367 3824 I
1396 3769 1526 3833 IIII,
1685 3769 1902 3893 {gmina
1926 3768 2138 3821 diuersa
2157 3765 2486 3837 explicantur
2512 3766 2558 3821 Ο
2571 3766 2722 3829 VIII,

388 3908 700 3961 Timotheus
736 3911 777 3963 Ι
806 3908 870 3974 X,
896 3912 944 3964 9.
992 3908 1039 3963 G
1069 3907 1237 3971 XVII,
1264 3910 1348 3971 20,
1376 3910 1424 3963 9.
1581 3905 1755 3960 uirtus
1809 3905 1920 3959 sola
1969 3905 2180 3974 proprie
2225 3902 2366 3957 bona
2410 3906 2492 3957 est
2542 3903 2590 3957 G'
2628 3903 2720 3968 VI,

386 3977 701 4031 traditiones
737 3978 1003 4031 seniorum
1040 3976 1333 4031 audiendae
1375 3976 1422 4032 C
1453 3977 1525 4043 II,
1686 3978 1734 4039 3,
1759 3978 1804 4030 l.
1823 3992 1918 4045 per
1935 3974 2102 4028 ardua
2119 3972 2328 4041 adquiri
2347 3972 2506 4026 debet
2530 3972 2719 4037 GIIII,

496 4049 575 4102 15.
1689 4047 1769 4108 12,
1793 4048 1840 4099 4.
1879 4043 2104 4098 uirtutes
2131 4042 2341 4096 facilius
2367 4042 2722 4109 adquiruntur

386 4116 671 4185 trapezitae
706 4116 847 4185 quod
884 4133 1077 4170 munus
1110 4116 1181 4169 sit
1222 4115 1269 4171 Ο
1298 4117 1341 4179 Ι,
1366 4119 1450 4181 20,
1479 4118 1522 4171 1.
1684 4129 1844 4182 quam
1881 4113 2016 4167 uitia
2061 4112 2193 4166 exsti
2260 4113 2419 4165 antur
2461 4110 2509 4165 0
2537 4111 2718 4175 XIIII,

387 4186 611 4240 tristitia
644 4186 785 4240 unde
820 4186 1023 4240 oriatur
1058 4187 1099 4240 I
1121 4185 1301 4249 VIIII,
1326 4188 1373 4240 4.
1414 4186 1525 4239 eius
1683 4186 1730 4239 3.
1767 4183 2029 4237 uirtutum
2055 4129 2386 4261 singull-grum
2409 4180 2665 4250 perfectio
2689 4198 2720 4233 a

489 4271 683 4323 genera
718 4256 826 4309 duo
859 4256 906 4310 Ο
925 4254 987 4320 V,
1011 4257 1090 4319 11,
1116 4258 1163 4310 8.
1203 4254 1524 4324 desperatio·
1685 4251 1908 4321 singulis
1949 4253 2044 4375 gui
2093 4252 2148 4305 in
2193 4268 2267 4305 eis
2320 4250 2584 4304 excellunt
2627 4267 2718 4320 pe-

490 4340 612 4379 nem
636 4324 790 4381 inicit
812 4327 852 4380 I
868 4324 1047 4389 VIIII,
1074 4328 1122 4381 9.
1166 4323 1431 4391 quomodo
1457 4324 1527 4377 sit
1685 4321 1846 4376 tenda
1881 4323 1924 4377 I
1999 4362 2012 4385 ,
2037 4324 2086 4376 4.
