<?xml version="1.0" encoding="UTF-8"?>
<!DOCTYPE html PUBLIC "-//W3C//DTD XHTML 1.0 Transitional//EN"
    "http://www.w3.org/TR/xhtml1/DTD/xhtml1-transitional.dtd">
<html xmlns="http://www.w3.org/1999/xhtml" xml:lang="en" lang="en">
 <head>
  <title>
</title>
<meta http-equiv="Content-Type" content="text/html;charset=utf-8" />
  <meta name='ocr-system' content='tesseract 3.04.00' />
  <meta name='ocr-capabilities' content='ocr_page ocr_carea ocr_par ocr_line ocrx_word'/>
</head>
<body>
  <div class='ocr_page' id='page_1' title='image "./corpusscriptoru28wissgoog_0223.png"; bbox 0 0 3167 4975; ppageno 0'>
   <div class='ocr_carea' id='block_1_1' title="bbox 39 0 3085 6">
    <p class='ocr_par' dir='ltr' id='par_1_1' title="bbox 39 0 3085 6">
     <span class='ocr_line' id='line_1_1' title="bbox 39 0 3085 6; baseline 0 0"><span class='ocrx_word' id='word_1_1' title='bbox 39 0 3085 6; x_wconf 95' lang='lat' dir='ltr'> </span> 
     </span>
    </p>
   </div>
   <div class='ocr_carea' id='block_1_2' title="bbox 1546 0 3085 3">
    <p class='ocr_par' dir='ltr' id='par_1_2' title="bbox 1546 0 3085 3">
     <span class='ocr_line' id='line_1_2' title="bbox 1546 0 3085 3; baseline 0 0"><span class='ocrx_word' id='word_1_2' title='bbox 1546 0 3085 3; x_wconf 95' lang='lat' dir='ltr'> </span> 
     </span>
    </p>
   </div>
   <div class='ocr_carea' id='block_1_3' title="bbox 1177 438 2652 503">
    <p class='ocr_par' dir='ltr' id='par_1_3' title="bbox 1177 438 2652 503">
     <span class='ocr_line' id='line_1_3' title="bbox 1177 438 2652 503; baseline 0.007 -11"><span class='ocrx_word' id='word_1_3' title='bbox 1177 439 1335 492; x_wconf 84' lang='lat' dir='ltr'>Inst.</span> <span class='ocrx_word' id='word_1_4' title='bbox 1373 438 1483 492; x_wconf 87' lang='lat' dir='ltr'>lib.</span> <span class='ocrx_word' id='word_1_5' title='bbox 1522 438 1585 502; x_wconf 90' lang='lat' dir='ltr'>V,</span> <span class='ocrx_word' id='word_1_6' title='bbox 1629 441 1845 494; x_wconf 82' lang='lat'>11-—14.</span> <span class='ocrx_word' id='word_1_7' title='bbox 2574 439 2652 503; x_wconf 85' lang='grc'>91</span> 
     </span>
    </p>
   </div>
   <div class='ocr_carea' id='block_1_4' title="bbox 266 611 2665 3419">
    <p class='ocr_par' dir='ltr' id='par_1_4' title="bbox 267 611 2661 1640">
     <span class='ocr_line' id='line_1_4' title="bbox 371 611 2657 698; baseline 0.002 -25"><span class='ocrx_word' id='word_1_8' title='bbox 371 611 550 674; x_wconf 86' lang='lat' dir='ltr'>fectis</span> <span class='ocrx_word' id='word_1_9' title='bbox 582 611 710 674; x_wconf 92' lang='lat' dir='ltr'>iam</span> <span class='ocrx_word' id='word_1_10' title='bbox 743 611 894 675; x_wconf 88' lang='lat' dir='ltr'>uiris</span> <span class='ocrx_word' id='word_1_11' title='bbox 943 615 1005 675; x_wconf 87' lang='lat' dir='ltr'>et</span> <span class='ocrx_word' id='word_1_12' title='bbox 1037 614 1418 695; x_wconf 77' lang='lat' dir='ltr'>experientia</span> <span class='ocrx_word' id='word_1_13' title='bbox 1448 615 1638 697; x_wconf 84' lang='lat' dir='ltr'>longa</span> <span class='ocrx_word' id='word_1_14' title='bbox 1667 613 1947 697; x_wconf 87' lang='lat' dir='ltr'>probatis</span> <span class='ocrx_word' id='word_1_15' title='bbox 1988 615 2282 698; x_wconf 82' lang='lat' dir='ltr'>congredi</span> <span class='ocrx_word' id='word_1_16' title='bbox 2310 615 2657 697; x_wconf 88' lang='lat' dir='ltr'>permissus</span> 
     </span>
     <span class='ocr_line' id='line_1_5' title="bbox 371 715 2656 800; baseline 0.001 -22"><span class='ocrx_word' id='word_1_17' title='bbox 371 715 558 778; x_wconf 83' lang='lat' dir='ltr'>fuerit</span> <span class='ocrx_word' id='word_1_18' title='bbox 611 716 1027 799; x_wconf 83' lang='lat' dir='ltr'>praesidentis</span> <span class='ocrx_word' id='word_1_19' title='bbox 1085 719 1387 798; x_wconf 81' lang='lat' dir='ltr'>examine,</span> <span class='ocrx_word' id='word_1_20' title='bbox 1452 738 1643 800; x_wconf 88' lang='lat' dir='ltr'>seque</span> <span class='ocrx_word' id='word_1_21' title='bbox 1686 738 1813 783; x_wconf 90' lang='lat' dir='ltr'>non</span> <span class='ocrx_word' id='word_1_22' title='bbox 1862 721 2067 782; x_wconf 89' lang='lat' dir='ltr'>solum</span> <span class='ocrx_word' id='word_1_23' title='bbox 2125 738 2343 800; x_wconf 87' lang='lat' dir='ltr'>parem</span> <span class='ocrx_word' id='word_1_24' title='bbox 2402 718 2656 782; x_wconf 87' lang='lat' dir='ltr'>uirtutis</span> 
     </span>
     <span class='ocr_line' id='line_1_6' title="bbox 370 821 2659 906; baseline 0.002 -24"><span class='ocrx_word' id='word_1_25' title='bbox 370 838 585 884; x_wconf 89' lang='lat' dir='ltr'>eorum</span> <span class='ocrx_word' id='word_1_26' title='bbox 618 821 882 884; x_wconf 84' lang='lat' dir='ltr'>adsidua</span> <span class='ocrx_word' id='word_1_27' title='bbox 913 822 1374 886; x_wconf 89' lang='lat' dir='ltr'>conluctatione</span> <span class='ocrx_word' id='word_1_28' title='bbox 1407 823 1789 906; x_wconf 87' lang='lat' dir='ltr'>probauerit,</span> <span class='ocrx_word' id='word_1_29' title='bbox 1824 843 2043 888; x_wconf 90' lang='lat' dir='ltr'>uerum</span> <span class='ocrx_word' id='word_1_30' title='bbox 2078 823 2269 887; x_wconf 89' lang='lat' dir='ltr'>etiam</span> <span class='ocrx_word' id='word_1_31' title='bbox 2302 823 2659 905; x_wconf 86' lang='lat' dir='ltr'>frequenter</span> 
     </span>
     <span class='ocr_line' id='line_1_7' title="bbox 371 925 2660 1010; baseline 0.001 -22"><span class='ocrx_word' id='word_1_32' title='bbox 371 925 533 989; x_wconf 88' lang='lat' dir='ltr'>inter</span> <span class='ocrx_word' id='word_1_33' title='bbox 557 926 672 990; x_wconf 91' lang='lat' dir='ltr'>hos</span> <span class='ocrx_word' id='word_1_34' title='bbox 697 945 940 1008; x_wconf 89' lang='lat' dir='ltr'>quoque</span> <span class='ocrx_word' id='word_1_35' title='bbox 965 927 1261 992; x_wconf 88' lang='lat' dir='ltr'>uictoriae</span> <span class='ocrx_word' id='word_1_36' title='bbox 1284 929 1563 1010; x_wconf 87' lang='lat' dir='ltr'>palmam</span> <span class='ocrx_word' id='word_1_37' title='bbox 1588 929 1778 993; x_wconf 89' lang='lat' dir='ltr'>fuerit</span> <span class='ocrx_word' id='word_1_38' title='bbox 1802 931 2195 1008; x_wconf 75' lang='lat' dir='ltr'>consecutuS,</span> <span class='ocrx_word' id='word_1_39' title='bbox 2229 930 2379 991; x_wconf 90' lang='lat' dir='ltr'>tunc</span> <span class='ocrx_word' id='word_1_40' title='bbox 2404 929 2660 992; x_wconf 91' lang='lat' dir='ltr'>demum</span> 
     </span>
     <span class='ocr_line' id='line_1_8' title="bbox 289 1031 2658 1116; baseline 0.001 -22"><span class='ocrx_word' id='word_1_41' title='bbox 289 1048 317 1086; x_wconf 76' lang='lat'>⁵</span> <span class='ocrx_word' id='word_1_42' title='bbox 370 1032 448 1094; x_wconf 85' lang='lat' dir='ltr'>ad</span> <span class='ocrx_word' id='word_1_43' title='bbox 495 1031 711 1114; x_wconf 87' lang='lat' dir='ltr'>agonis</span> <span class='ocrx_word' id='word_1_44' title='bbox 756 1033 1078 1115; x_wconf 87' lang='lat' dir='ltr'>praeclara</span> <span class='ocrx_word' id='word_1_45' title='bbox 1131 1033 1476 1096; x_wconf 86' lang='lat' dir='ltr'>certamina</span> <span class='ocrx_word' id='word_1_46' title='bbox 1522 1032 1865 1097; x_wconf 90' lang='lat' dir='ltr'>merebitur</span> <span class='ocrx_word' id='word_1_47' title='bbox 1912 1033 2259 1116; x_wconf 88' lang='lat' dir='ltr'>peruenire,</span> <span class='ocrx_word' id='word_1_48' title='bbox 2320 1033 2385 1096; x_wconf 92' lang='lat' dir='ltr'>in</span> <span class='ocrx_word' id='word_1_49' title='bbox 2430 1032 2658 1114; x_wconf 88' lang='lat' dir='ltr'>quibus</span> 
     </span>
     <span class='ocr_line' id='line_1_9' title="bbox 371 1136 2659 1219; baseline 0.001 -20"><span class='ocrx_word' id='word_1_50' title='bbox 371 1154 494 1200; x_wconf 90' lang='lat' dir='ltr'>non</span> <span class='ocrx_word' id='word_1_51' title='bbox 555 1137 678 1200; x_wconf 89' lang='lat' dir='ltr'>nisi</span> <span class='ocrx_word' id='word_1_52' title='bbox 739 1136 1082 1201; x_wconf 89' lang='lat' dir='ltr'>uictoribus</span> <span class='ocrx_word' id='word_1_53' title='bbox 1147 1140 1396 1200; x_wconf 83' lang='lat' dir='ltr'>tantum</span> <span class='ocrx_word' id='word_1_54' title='bbox 1459 1141 1521 1202; x_wconf 91' lang='lat' dir='ltr'>et</span> <span class='ocrx_word' id='word_1_55' title='bbox 1567 1136 1667 1201; x_wconf 88' lang='lat' dir='ltr'>his</span> <span class='ocrx_word' id='word_1_56' title='bbox 1714 1138 1821 1219; x_wconf 90' lang='lat' dir='ltr'>qui</span> <span class='ocrx_word' id='word_1_57' title='bbox 1883 1139 2230 1201; x_wconf 88' lang='lat' dir='ltr'>multarum</span> <span class='ocrx_word' id='word_1_58' title='bbox 2290 1155 2659 1201; x_wconf 89' lang='lat' dir='ltr'>coronarum</span> 
     </span>
     <span class='ocr_line' id='line_1_10' title="bbox 371 1241 2661 1323; baseline 0.001 -20"><span class='ocrx_word' id='word_1_59' title='bbox 371 1241 698 1323; x_wconf 87' lang='lat' dir='ltr'>stipendiis</span> <span class='ocrx_word' id='word_1_60' title='bbox 746 1243 1020 1306; x_wconf 88' lang='lat' dir='ltr'>decorati</span> <span class='ocrx_word' id='word_1_61' title='bbox 1083 1246 1232 1306; x_wconf 87' lang='lat' dir='ltr'>sunt</span> <span class='ocrx_word' id='word_1_62' title='bbox 1275 1242 1546 1305; x_wconf 79' lang='lat' dir='ltr'>facultas</span> <span class='ocrx_word' id='word_1_63' title='bbox 1595 1243 1955 1306; x_wconf 82' lang='lat' dir='ltr'>decertandi</span> <span class='ocrx_word' id='word_1_64' title='bbox 2002 1243 2377 1305; x_wconf 78' lang='lat' dir='ltr'>conceditur.</span> <span class='ocrx_word' id='word_1_65' title='bbox 2466 1243 2520 1306; x_wconf 92' lang='lat' dir='ltr'>si</span> <span class='ocrx_word' id='word_1_66' title='bbox 2564 1242 2661 1306; x_wconf 92' lang='lat' dir='ltr'>in-</span> 
     </span>
     <span class='ocr_line' id='line_1_11' title="bbox 371 1346 2659 1430; baseline 0.001 -22"><span class='ocrx_word' id='word_1_67' title='bbox 371 1346 726 1409; x_wconf 79' lang='lat' dir='ltr'>telleximus</span> <span class='ocrx_word' id='word_1_68' title='bbox 788 1347 1056 1410; x_wconf 87' lang='lat' dir='ltr'>carnalis</span> <span class='ocrx_word' id='word_1_69' title='bbox 1103 1347 1320 1430; x_wconf 86' lang='lat' dir='ltr'>agonis</span> <span class='ocrx_word' id='word_1_70' title='bbox 1368 1347 1743 1430; x_wconf 84' lang='lat' dir='ltr'>exemplum,</span> <span class='ocrx_word' id='word_1_71' title='bbox 1807 1347 2108 1430; x_wconf 88' lang='lat' dir='ltr'>spiritalis</span> <span class='ocrx_word' id='word_1_72' title='bbox 2164 1365 2407 1429; x_wconf 89' lang='lat' dir='ltr'>quoque</span> <span class='ocrx_word' id='word_1_73' title='bbox 2462 1351 2659 1410; x_wconf 86' lang='lat' dir='ltr'>certa-</span> 
     </span>
     <span class='ocr_line' id='line_1_12' title="bbox 371 1450 2659 1535; baseline 0 -22"><span class='ocrx_word' id='word_1_74' title='bbox 371 1450 559 1514; x_wconf 90' lang='lat' dir='ltr'>minis</span> <span class='ocrx_word' id='word_1_75' title='bbox 607 1469 764 1533; x_wconf 89' lang='lat' dir='ltr'>quae</span> <span class='ocrx_word' id='word_1_76' title='bbox 812 1451 1146 1535; x_wconf 84' lang='lat' dir='ltr'>disciplina</span> <span class='ocrx_word' id='word_1_77' title='bbox 1188 1452 1289 1515; x_wconf 88' lang='lat' dir='ltr'>uel</span> <span class='ocrx_word' id='word_1_78' title='bbox 1335 1452 1482 1516; x_wconf 90' lang='lat' dir='ltr'>ordo</span> <span class='ocrx_word' id='word_1_79' title='bbox 1518 1452 1602 1514; x_wconf 86' lang='lat' dir='ltr'>sit</span> <span class='ocrx_word' id='word_1_80' title='bbox 1648 1452 2091 1534; x_wconf 82' lang='lat' dir='ltr'>conparatione</span> <span class='ocrx_word' id='word_1_81' title='bbox 2138 1452 2326 1515; x_wconf 90' lang='lat' dir='ltr'>huius</span> <span class='ocrx_word' id='word_1_82' title='bbox 2359 1451 2659 1515; x_wconf 87' lang='lat' dir='ltr'>debemus</span> 
     </span>
     <span class='ocr_line' id='line_1_13' title="bbox 267 1573 726 1640; baseline -0.002 -20"><span class='ocrx_word' id='word_1_83' title='bbox 267 1581 318 1620; x_wconf 82' lang='grc' dir='ltr'>ιο</span> <span class='ocrx_word' id='word_1_84' title='bbox 373 1573 726 1640; x_wconf 83' lang='lat' dir='ltr'>agnoscere.</span> 
     </span>
    </p>

    <p class='ocr_par' dir='ltr' id='par_1_5' title="bbox 372 1660 2663 2059">
     <span class='ocr_line' id='line_1_14' title="bbox 455 1660 2661 1744; baseline 0 -20"><span class='ocrx_word' id='word_1_85' title='bbox 455 1660 631 1724; x_wconf 90' lang='lat' dir='ltr'>XIII.</span> <span class='ocrx_word' id='word_1_86' title='bbox 682 1661 942 1744; x_wconf 84' lang='lat' dir='ltr'>Oportet</span> <span class='ocrx_word' id='word_1_87' title='bbox 973 1679 1086 1725; x_wconf 90' lang='lat' dir='ltr'>nos</span> <span class='ocrx_word' id='word_1_88' title='bbox 1134 1680 1378 1743; x_wconf 89' lang='lat' dir='ltr'>quoque</span> <span class='ocrx_word' id='word_1_89' title='bbox 1411 1662 1687 1744; x_wconf 88' lang='lat' dir='ltr'>primum</span> <span class='ocrx_word' id='word_1_90' title='bbox 1734 1660 2093 1725; x_wconf 86' lang='lat' dir='ltr'>libertatem</span> <span class='ocrx_word' id='word_1_91' title='bbox 2126 1665 2409 1725; x_wconf 90' lang='lat' dir='ltr'>nostram</span> <span class='ocrx_word' id='word_1_92' title='bbox 2456 1661 2661 1725; x_wconf 88' lang='lat' dir='ltr'>carnis</span> 
     </span>
     <span class='ocr_line' id='line_1_15' title="bbox 372 1765 2663 1848; baseline -0 -19"><span class='ocrx_word' id='word_1_93' title='bbox 372 1765 756 1830; x_wconf 88' lang='lat' dir='ltr'>subiectione</span> <span class='ocrx_word' id='word_1_94' title='bbox 803 1771 1173 1831; x_wconf 89' lang='lat' dir='ltr'>monstrare.</span> <span class='ocrx_word' id='word_1_95' title='bbox 1255 1785 1292 1829; x_wconf 90' lang='lat' dir='ltr'>a</span> <span class='ocrx_word' id='word_1_96' title='bbox 1337 1785 1474 1848; x_wconf 92' lang='lat' dir='ltr'>quo</span> <span class='ocrx_word' id='word_1_97' title='bbox 1523 1766 1721 1830; x_wconf 89' lang='lat' dir='ltr'>enim</span> <span class='ocrx_word' id='word_1_98' title='bbox 1768 1767 1933 1848; x_wconf 88' lang='lat' dir='ltr'>quis</span> <span class='ocrx_word' id='word_1_99' title='bbox 1979 1766 2337 1846; x_wconf 87' lang='lat' dir='ltr'>uincitur,</span> <span class='ocrx_word' id='word_1_100' title='bbox 2386 1765 2542 1830; x_wconf 90' lang='lat' dir='ltr'>eius</span> <span class='ocrx_word' id='word_1_101' title='bbox 2591 1769 2663 1829; x_wconf 88' lang='lat' dir='ltr'>et</span> 
     </span>
     <span class='ocr_line' id='line_1_16' title="bbox 373 1861 2663 1952; baseline -0 -18"><span class='ocrx_word' id='word_1_102' title='bbox 373 1890 633 1934; x_wconf 90' lang='lat' dir='ltr'>seruus</span> <span class='ocrx_word' id='word_1_103' title='bbox 695 1874 830 1950; x_wconf 89' lang='lat' dir='ltr'>est,</span> <span class='ocrx_word' id='word_1_104' title='bbox 892 1875 982 1934; x_wconf 83' lang='lat' dir='ltr'>et:</span> <span class='ocrx_word' id='word_1_105' title='bbox 1046 1871 1287 1935; x_wconf 88' lang='lat' dir='ltr'>omnis</span> <span class='ocrx_word' id='word_1_106' title='bbox 1345 1871 1468 1952; x_wconf 90' lang='lat' dir='ltr'>qui</span> <span class='ocrx_word' id='word_1_107' title='bbox 1529 1861 2167 1952; x_wconf 64' lang='lat' dir='ltr'>facit&#39;peccatum</span> <span class='ocrx_word' id='word_1_108' title='bbox 2230 1889 2492 1934; x_wconf 89' lang='lat' dir='ltr'>seruus</span> <span class='ocrx_word' id='word_1_109' title='bbox 2548 1874 2663 1933; x_wconf 88' lang='lat' dir='ltr'>est</span> 
     </span>
     <span class='ocr_line' id='line_1_17' title="bbox 372 1975 2661 2059; baseline -0.001 -21"><span class='ocrx_word' id='word_1_110' title='bbox 372 1975 680 2058; x_wconf 90' lang='lat' dir='ltr'>peccati.</span> <span class='ocrx_word' id='word_1_111' title='bbox 760 1994 1024 2057; x_wconf 89' lang='lat' dir='ltr'>cumque</span> <span class='ocrx_word' id='word_1_112' title='bbox 1072 1993 1186 2040; x_wconf 89' lang='lat' dir='ltr'>nos</span> <span class='ocrx_word' id='word_1_113' title='bbox 1249 1975 1425 2038; x_wconf 89' lang='lat' dir='ltr'>nulla</span> <span class='ocrx_word' id='word_1_114' title='bbox 1479 1976 2021 2059; x_wconf 85' lang='lat' dir='ltr'>concupiscentiae</span> <span class='ocrx_word' id='word_1_115' title='bbox 2084 1975 2283 2058; x_wconf 90' lang='lat' dir='ltr'>turpis</span> <span class='ocrx_word' id='word_1_116' title='bbox 2344 1993 2661 2058; x_wconf 88' lang='lat' dir='ltr'>respersos</span> 
     </span>
    </p>

    <p class='ocr_par' dir='ltr' id='par_1_6' title="bbox 266 2079 2663 2794">
     <span class='ocr_line' id='line_1_18' title="bbox 269 2079 2661 2163; baseline 0 -21"><span class='ocrx_word' id='word_1_117' title='bbox 269 2103 320 2142; x_wconf 66' lang='grc' dir='ltr'>ιε»</span> <span class='ocrx_word' id='word_1_118' title='bbox 375 2080 638 2144; x_wconf 83' lang='lat' dir='ltr'>infamia</span> <span class='ocrx_word' id='word_1_119' title='bbox 683 2098 942 2144; x_wconf 85' lang='lat' dir='ltr'>examen</span> <span class='ocrx_word' id='word_1_120' title='bbox 989 2079 1320 2144; x_wconf 85' lang='lat' dir='ltr'>certamini</span> <span class='ocrx_word' id='word_1_121' title='bbox 1365 2080 1782 2163; x_wconf 87' lang='lat' dir='ltr'>praesidentis</span> <span class='ocrx_word' id='word_1_122' title='bbox 1836 2080 2153 2144; x_wconf 90' lang='lat' dir='ltr'>inuenerit</span> <span class='ocrx_word' id='word_1_123' title='bbox 2198 2099 2311 2143; x_wconf 89' lang='lat' dir='ltr'>nec</span> <span class='ocrx_word' id='word_1_124' title='bbox 2359 2080 2661 2143; x_wconf 88' lang='lat' dir='ltr'>fuerimus</span> 
     </span>
     <span class='ocr_line' id='line_1_19' title="bbox 373 2179 2663 2268; baseline -0.001 -20"><span class='ocrx_word' id='word_1_125' title='bbox 373 2183 450 2248; x_wconf 87' lang='lat' dir='ltr'>ab</span> <span class='ocrx_word' id='word_1_126' title='bbox 514 2203 584 2248; x_wconf 90' lang='lat' dir='ltr'>eo</span> <span class='ocrx_word' id='word_1_127' title='bbox 631 2189 702 2248; x_wconf 90' lang='lat' dir='ltr'>ut</span> <span class='ocrx_word' id='word_1_128' title='bbox 762 2185 928 2248; x_wconf 88' lang='lat' dir='ltr'>serui</span> <span class='ocrx_word' id='word_1_129' title='bbox 974 2179 1180 2249; x_wconf 70' lang='lat' dir='ltr'>carnis</span> <span class='ocrx_word' id='word_1_130' title='bbox 1227 2188 1290 2248; x_wconf 88' lang='lat' dir='ltr'>et</span> <span class='ocrx_word' id='word_1_131' title='bbox 1349 2184 1662 2268; x_wconf 88' lang='lat' dir='ltr'>ignobiles</span> <span class='ocrx_word' id='word_1_132' title='bbox 1708 2185 2075 2268; x_wconf 88' lang='lat' dir='ltr'>indignique</span> <span class='ocrx_word' id='word_1_133' title='bbox 2122 2183 2507 2267; x_wconf 79' lang='lat' dir='ltr'>Olympiacis</span> <span class='ocrx_word' id='word_1_134' title='bbox 2568 2184 2663 2246; x_wconf 89' lang='lat' dir='ltr'>ui-</span> 
     </span>
     <span class='ocr_line' id='line_1_20' title="bbox 372 2289 2662 2373; baseline -0 -21"><span class='ocrx_word' id='word_1_135' title='bbox 372 2290 603 2353; x_wconf 88' lang='lat' dir='ltr'>tiorum</span> <span class='ocrx_word' id='word_1_136' title='bbox 635 2289 1205 2354; x_wconf 87' lang='lat' dir='ltr'>conluctationibus</span> <span class='ocrx_word' id='word_1_137' title='bbox 1239 2289 1519 2370; x_wconf 88' lang='lat' dir='ltr'>iudicati,</span> <span class='ocrx_word' id='word_1_138' title='bbox 1565 2293 1719 2353; x_wconf 90' lang='lat' dir='ltr'>tunc</span> <span class='ocrx_word' id='word_1_139' title='bbox 1754 2289 2105 2373; x_wconf 90' lang='lat' dir='ltr'>poterimus</span> <span class='ocrx_word' id='word_1_140' title='bbox 2138 2291 2356 2352; x_wconf 88' lang='lat' dir='ltr'>contra</span> <span class='ocrx_word' id='word_1_141' title='bbox 2400 2307 2662 2352; x_wconf 88' lang='lat' dir='ltr'>coaeuos</span> 
     </span>
     <span class='ocr_line' id='line_1_21' title="bbox 371 2393 2663 2476; baseline -0 -19"><span class='ocrx_word' id='word_1_142' title='bbox 371 2397 638 2474; x_wconf 88' lang='lat' dir='ltr'>nostros,</span> <span class='ocrx_word' id='word_1_143' title='bbox 680 2393 742 2458; x_wconf 90' lang='lat' dir='ltr'>id</span> <span class='ocrx_word' id='word_1_144' title='bbox 775 2398 872 2458; x_wconf 89' lang='lat' dir='ltr'>est</span> <span class='ocrx_word' id='word_1_145' title='bbox 911 2395 1450 2476; x_wconf 86' lang='lat' dir='ltr'>concupiscentias</span> <span class='ocrx_word' id='word_1_146' title='bbox 1483 2395 1688 2458; x_wconf 88' lang='lat' dir='ltr'>carnis</span> <span class='ocrx_word' id='word_1_147' title='bbox 1722 2399 1785 2458; x_wconf 92' lang='lat' dir='ltr'>et</span> <span class='ocrx_word' id='word_1_148' title='bbox 1814 2398 2024 2459; x_wconf 87' lang='lat' dir='ltr'>motus</span> <span class='ocrx_word' id='word_1_149' title='bbox 2058 2412 2129 2457; x_wconf 91' lang='lat' dir='ltr'>ac</span> <span class='ocrx_word' id='word_1_150' title='bbox 2160 2393 2663 2476; x_wconf 85' lang='lat' dir='ltr'>perturbationes</span> 
     </span>
     <span class='ocr_line' id='line_1_22' title="bbox 373 2500 2659 2584; baseline 0 -21"><span class='ocrx_word' id='word_1_151' title='bbox 373 2500 618 2563; x_wconf 87' lang='lat' dir='ltr'>animae</span> <span class='ocrx_word' id='word_1_152' title='bbox 663 2500 821 2563; x_wconf 89' lang='lat' dir='ltr'>inire</span> <span class='ocrx_word' id='word_1_153' title='bbox 869 2504 1205 2565; x_wconf 88' lang='lat' dir='ltr'>certamen.</span> <span class='ocrx_word' id='word_1_154' title='bbox 1277 2500 1641 2584; x_wconf 86' lang='lat' dir='ltr'>inpossibile</span> <span class='ocrx_word' id='word_1_155' title='bbox 1687 2501 1857 2564; x_wconf 91' lang='lat' dir='ltr'>enim</span> <span class='ocrx_word' id='word_1_156' title='bbox 1904 2504 2001 2564; x_wconf 90' lang='lat' dir='ltr'>est</span> <span class='ocrx_word' id='word_1_157' title='bbox 2042 2503 2327 2563; x_wconf 88' lang='lat' dir='ltr'>saturum</span> <span class='ocrx_word' id='word_1_158' title='bbox 2374 2504 2659 2563; x_wconf 87' lang='lat' dir='ltr'>uentrem</span> 
     </span>
     <span class='ocr_line' id='line_1_23' title="bbox 266 2603 2662 2688; baseline 0.001 -22"><span class='ocrx_word' id='word_1_159' title='bbox 266 2628 321 2667; x_wconf 62' lang='grc' dir='ltr'>ιο</span> <span class='ocrx_word' id='word_1_160' title='bbox 370 2622 616 2688; x_wconf 83' lang='lat' dir='ltr'>pugnas</span> <span class='ocrx_word' id='word_1_161' title='bbox 664 2605 978 2669; x_wconf 86' lang='lat' dir='ltr'>interioris</span> <span class='ocrx_word' id='word_1_162' title='bbox 1023 2604 1300 2669; x_wconf 88' lang='lat' dir='ltr'>hominis</span> <span class='ocrx_word' id='word_1_163' title='bbox 1347 2605 1611 2688; x_wconf 87' lang='lat' dir='ltr'>experiri</span> <span class='ocrx_word' id='word_1_164' title='bbox 1658 2624 1773 2669; x_wconf 92' lang='lat' dir='ltr'>nec</span> <span class='ocrx_word' id='word_1_165' title='bbox 1819 2605 2001 2668; x_wconf 89' lang='lat' dir='ltr'>bellis</span> <span class='ocrx_word' id='word_1_166' title='bbox 2047 2603 2507 2668; x_wconf 87' lang='lat' dir='ltr'>robustioribus</span> <span class='ocrx_word' id='word_1_167' title='bbox 2555 2605 2662 2668; x_wconf 91' lang='lat' dir='ltr'>ad-</span> 
     </span>
     <span class='ocr_line' id='line_1_24' title="bbox 372 2707 2656 2794; baseline 0 -23"><span class='ocrx_word' id='word_1_168' title='bbox 372 2710 668 2792; x_wconf 86' lang='lat' dir='ltr'>temptari</span> <span class='ocrx_word' id='word_1_169' title='bbox 729 2711 992 2794; x_wconf 89' lang='lat' dir='ltr'>dignum</span> <span class='ocrx_word' id='word_1_170' title='bbox 1039 2714 1136 2773; x_wconf 88' lang='lat' dir='ltr'>est</span> <span class='ocrx_word' id='word_1_171' title='bbox 1198 2729 1364 2790; x_wconf 89' lang='lat' dir='ltr'>eum,</span> <span class='ocrx_word' id='word_1_172' title='bbox 1425 2710 1534 2791; x_wconf 88' lang='lat' dir='ltr'>qui</span> <span class='ocrx_word' id='word_1_173' title='bbox 1578 2712 1787 2792; x_wconf 88' lang='lat' dir='ltr'>potest</span> <span class='ocrx_word' id='word_1_174' title='bbox 1834 2710 1994 2773; x_wconf 89' lang='lat' dir='ltr'>deici</span> <span class='ocrx_word' id='word_1_175' title='bbox 2052 2710 2286 2773; x_wconf 91' lang='lat' dir='ltr'>leuiore</span> <span class='ocrx_word' id='word_1_176' title='bbox 2346 2707 2656 2772; x_wconf 58' lang='lat' dir='ltr'>conflictu„</span> 
     </span>
    </p>

    <p class='ocr_par' dir='ltr' id='par_1_7' title="bbox 373 2814 2664 3107">
     <span class='ocr_line' id='line_1_25' title="bbox 456 2814 2664 2898; baseline 0 -21"><span class='ocrx_word' id='word_1_177' title='bbox 456 2814 664 2878; x_wconf 86' lang='lat' dir='ltr'>XIHI.</span> <span class='ocrx_word' id='word_1_178' title='bbox 715 2816 930 2879; x_wconf 87' lang='lat' dir='ltr'>Prima</span> <span class='ocrx_word' id='word_1_179' title='bbox 990 2834 1136 2898; x_wconf 88' lang='lat' dir='ltr'>ergo</span> <span class='ocrx_word' id='word_1_180' title='bbox 1184 2814 1366 2879; x_wconf 89' lang='lat' dir='ltr'>nobis</span> <span class='ocrx_word' id='word_1_181' title='bbox 1414 2818 1509 2878; x_wconf 88' lang='lat' dir='ltr'>est</span> <span class='ocrx_word' id='word_1_182' title='bbox 1572 2815 1757 2898; x_wconf 84' lang='lat' dir='ltr'>gulae</span> <span class='ocrx_word' id='word_1_183' title='bbox 1804 2815 2103 2879; x_wconf 91' lang='lat' dir='ltr'>calcanda</span> <span class='ocrx_word' id='word_1_184' title='bbox 2156 2814 2664 2897; x_wconf 82' lang='lat' dir='ltr'>concupiscentia</span> 
     </span>
     <span class='ocr_line' id='line_1_26' title="bbox 373 2918 2662 3001; baseline 0 -20"><span class='ocrx_word' id='word_1_185' title='bbox 373 2922 434 2982; x_wconf 87' lang='lat' dir='ltr'>et</span> <span class='ocrx_word' id='word_1_186' title='bbox 467 2938 537 2983; x_wconf 90' lang='lat' dir='ltr'>eo</span> <span class='ocrx_word' id='word_1_187' title='bbox 585 2938 784 3001; x_wconf 88' lang='lat' dir='ltr'>usque</span> <span class='ocrx_word' id='word_1_188' title='bbox 832 2920 1226 2983; x_wconf 81' lang='lat' dir='ltr'>extenuanda</span> <span class='ocrx_word' id='word_1_189' title='bbox 1272 2938 1449 2983; x_wconf 87' lang='lat' dir='ltr'>mens</span> <span class='ocrx_word' id='word_1_190' title='bbox 1483 2937 1608 2983; x_wconf 91' lang='lat' dir='ltr'>non</span> <span class='ocrx_word' id='word_1_191' title='bbox 1656 2920 1859 2983; x_wconf 88' lang='lat' dir='ltr'>solum</span> <span class='ocrx_word' id='word_1_192' title='bbox 1892 2918 2162 2998; x_wconf 59' lang='lat' dir='ltr'>ieiuniis),</span> <span class='ocrx_word' id='word_1_193' title='bbox 2209 2937 2431 2981; x_wconf 91' lang='lat' dir='ltr'>uerum</span> <span class='ocrx_word' id='word_1_194' title='bbox 2472 2919 2662 2983; x_wconf 88' lang='lat' dir='ltr'>etiam</span> 
     </span>
     <span class='ocr_line' id='line_1_27' title="bbox 373 3021 2661 3107; baseline -0.001 -21"><span class='ocrx_word' id='word_1_195' title='bbox 373 3023 627 3107; x_wconf 82' lang='lat' dir='ltr'>uigiliis,</span> <span class='ocrx_word' id='word_1_196' title='bbox 659 3024 926 3089; x_wconf 90' lang='lat' dir='ltr'>lectione</span> <span class='ocrx_word' id='word_1_197' title='bbox 959 3043 1204 3106; x_wconf 90' lang='lat' dir='ltr'>quoque</span> <span class='ocrx_word' id='word_1_198' title='bbox 1238 3028 1300 3087; x_wconf 87' lang='lat' dir='ltr'>et</span> <span class='ocrx_word' id='word_1_199' title='bbox 1331 3024 1550 3087; x_wconf 89' lang='lat' dir='ltr'>crebra</span> <span class='ocrx_word' id='word_1_200' title='bbox 1579 3025 2037 3107; x_wconf 89' lang='lat' dir='ltr'>conpunctione</span> <span class='ocrx_word' id='word_1_201' title='bbox 2070 3024 2291 3103; x_wconf 87' lang='lat' dir='ltr'>cordis,</span> <span class='ocrx_word' id='word_1_202' title='bbox 2334 3024 2399 3087; x_wconf 92' lang='lat' dir='ltr'>in</span> <span class='ocrx_word' id='word_1_203' title='bbox 2432 3021 2661 3105; x_wconf 90' lang='lat' dir='ltr'>quibus</span> 
     </span>
    </p>

    <p class='ocr_par' dir='ltr' id='par_1_8' title="bbox 267 3128 2665 3419">
     <span class='ocr_line' id='line_1_28' title="bbox 267 3128 2661 3211; baseline 0 -21"><span class='ocrx_word' id='word_1_204' title='bbox 267 3160 322 3199; x_wconf 75' lang='lat'>25</span> <span class='ocrx_word' id='word_1_205' title='bbox 377 3148 440 3190; x_wconf 89' lang='lat' dir='ltr'>se</span> <span class='ocrx_word' id='word_1_206' title='bbox 487 3128 754 3192; x_wconf 85' lang='lat' dir='ltr'>forsitan</span> <span class='ocrx_word' id='word_1_207' title='bbox 807 3130 910 3193; x_wconf 86' lang='lat' dir='ltr'>uel</span> <span class='ocrx_word' id='word_1_208' title='bbox 956 3130 1231 3193; x_wconf 86' lang='lat' dir='ltr'>inlusam</span> <span class='ocrx_word' id='word_1_209' title='bbox 1293 3130 1394 3193; x_wconf 88' lang='lat' dir='ltr'>uel</span> <span class='ocrx_word' id='word_1_210' title='bbox 1439 3129 1677 3193; x_wconf 89' lang='lat' dir='ltr'>uictam</span> <span class='ocrx_word' id='word_1_211' title='bbox 1722 3128 2165 3207; x_wconf 86' lang='lat' dir='ltr'>reminiscitur,</span> <span class='ocrx_word' id='word_1_212' title='bbox 2228 3130 2661 3211; x_wconf 87' lang='lat' dir='ltr'>ingemescens</span> 
     </span>
     <span class='ocr_line' id='line_1_29' title="bbox 378 3233 2665 3315; baseline 0 -20"><span class='ocrx_word' id='word_1_213' title='bbox 378 3251 540 3296; x_wconf 90' lang='lat' dir='ltr'>nunc</span> <span class='ocrx_word' id='word_1_214' title='bbox 586 3234 838 3297; x_wconf 88' lang='lat' dir='ltr'>horrore</span> <span class='ocrx_word' id='word_1_215' title='bbox 883 3234 1203 3314; x_wconf 89' lang='lat' dir='ltr'>uitiorum,</span> <span class='ocrx_word' id='word_1_216' title='bbox 1267 3253 1432 3297; x_wconf 90' lang='lat' dir='ltr'>nunc</span> <span class='ocrx_word' id='word_1_217' title='bbox 1480 3234 1786 3298; x_wconf 87' lang='lat' dir='ltr'>desiderio</span> <span class='ocrx_word' id='word_1_218' title='bbox 1840 3233 2241 3315; x_wconf 87' lang='lat' dir='ltr'>perfectionis</span> <span class='ocrx_word' id='word_1_219' title='bbox 2290 3236 2351 3296; x_wconf 86' lang='lat' dir='ltr'>et</span> <span class='ocrx_word' id='word_1_220' title='bbox 2404 3233 2665 3315; x_wconf 89' lang='lat' dir='ltr'>integri-</span> 
     </span>
     <span class='ocr_line' id='line_1_30' title="bbox 376 3336 2665 3419; baseline 0 -20"><span class='ocrx_word' id='word_1_221' title='bbox 376 3337 522 3400; x_wconf 84' lang='lat' dir='ltr'>tatis</span> <span class='ocrx_word' id='word_1_222' title='bbox 571 3355 853 3418; x_wconf 88' lang='lat' dir='ltr'>accensa‚</span> <span class='ocrx_word' id='word_1_223' title='bbox 901 3339 1096 3402; x_wconf 91' lang='lat' dir='ltr'>donec</span> <span class='ocrx_word' id='word_1_224' title='bbox 1129 3338 1435 3402; x_wconf 90' lang='lat' dir='ltr'>eiusmodi</span> <span class='ocrx_word' id='word_1_225' title='bbox 1483 3338 1648 3401; x_wconf 90' lang='lat' dir='ltr'>curis</span> <span class='ocrx_word' id='word_1_226' title='bbox 1696 3356 1769 3401; x_wconf 87' lang='lat' dir='ltr'>ac</span> <span class='ocrx_word' id='word_1_227' title='bbox 1814 3336 2328 3401; x_wconf 83' lang='lat' dir='ltr'>meditationibus</span> <span class='ocrx_word' id='word_1_228' title='bbox 2362 3339 2665 3419; x_wconf 83' lang='lat' dir='ltr'>occupata</span> 
     </span>
    </p>
   </div>
   <div class='ocr_carea' id='block_1_5' title="bbox 465 3476 2665 3693">
    <p class='ocr_par' dir='ltr' id='par_1_9' title="bbox 465 3476 2665 3693">
     <span class='ocr_line' id='line_1_31' title="bbox 584 3476 1671 3545; baseline -0.003 -13"><span class='ocrx_word' id='word_1_229' title='bbox 584 3476 670 3545; x_wconf 84' lang='lat'>12]</span> <span class='ocrx_word' id='word_1_230' title='bbox 710 3477 768 3530; x_wconf 96' lang='lat' dir='ltr'>II</span> <span class='ocrx_word' id='word_1_231' title='bbox 793 3477 907 3530; x_wconf 87' lang='lat' dir='ltr'>Pet.</span> <span class='ocrx_word' id='word_1_232' title='bbox 936 3480 986 3540; x_wconf 86' lang='grc'>2,</span> <span class='ocrx_word' id='word_1_233' title='bbox 1015 3478 1095 3532; x_wconf 88' lang='grc'>19.</span> <span class='ocrx_word' id='word_1_234' title='bbox 1241 3477 1328 3545; x_wconf 88' lang='grc'>13]</span> <span class='ocrx_word' id='word_1_235' title='bbox 1369 3476 1483 3530; x_wconf 91' lang='lat' dir='ltr'>Ioh.</span> <span class='ocrx_word' id='word_1_236' title='bbox 1512 3478 1561 3539; x_wconf 88' lang='grc'>8,</span> <span class='ocrx_word' id='word_1_237' title='bbox 1590 3478 1671 3531; x_wconf 86' lang='grc'>34.</span> 
     </span>
     <span class='ocr_line' id='line_1_32' title="bbox 465 3585 2665 3693; baseline -0.002 -49"><span class='ocrx_word' id='word_1_238' title='bbox 465 3592 490 3644; x_wconf 91' lang='grc'>1</span> <span class='ocrx_word' id='word_1_239' title='bbox 531 3594 585 3643; x_wconf 88' lang='lat' dir='ltr'>et</span> <span class='ocrx_word' id='word_1_240' title='bbox 608 3608 709 3645; x_wconf 83' lang='lat' dir='ltr'>om.</span> <span class='ocrx_word' id='word_1_241' title='bbox 739 3591 808 3644; x_wconf 99' lang='lat' dir='ltr'><em>H</em></span> <span class='ocrx_word' id='word_1_242' title='bbox 905 3592 938 3644; x_wconf 87' lang='lat'><strong>3</strong></span> <span class='ocrx_word' id='word_1_243' title='bbox 963 3588 1296 3693; x_wconf 44' lang='lat' dir='ltr'>frequentiem</span> <span class='ocrx_word' id='word_1_244' title='bbox 1326 3589 1432 3643; x_wconf 81' lang='lat' dir='ltr'>GL</span> <span class='ocrx_word' id='word_1_245' title='bbox 1540 3592 1570 3644; x_wconf 80' lang='lat'><em>7</em></span> <span class='ocrx_word' id='word_1_246' title='bbox 1602 3587 1910 3641; x_wconf 82' lang='lat' dir='ltr'>conceditur</span> <span class='ocrx_word' id='word_1_247' title='bbox 1944 3585 2253 3641; x_wconf 81' lang='lat' dir='ltr'>decertandi</span> <span class='ocrx_word' id='word_1_248' title='bbox 2277 3589 2478 3643; x_wconf 82' lang='lat' dir='ltr'>AHTv</span> <span class='ocrx_word' id='word_1_249' title='bbox 2584 3588 2665 3640; x_wconf 90' lang='lat' dir='ltr'>in-</span> 
     </span>
    </p>
   </div>
   <div class='ocr_carea' id='block_1_6' title="bbox 377 3702 2674 4473">
    <p class='ocr_par' dir='ltr' id='par_1_10' title="bbox 377 3702 2674 4473">
     <span class='ocr_line' id='line_1_33' title="bbox 377 3702 2663 3771; baseline 0 -16"><span class='ocrx_word' id='word_1_250' title='bbox 377 3702 732 3757; x_wconf 81' lang='lat' dir='ltr'>tellexerimus</span> <span class='ocrx_word' id='word_1_251' title='bbox 774 3704 896 3758; x_wconf 76' lang='lat' dir='ltr'>GH</span> <span class='ocrx_word' id='word_1_252' title='bbox 961 3702 1327 3757; x_wconf 83' lang='lat' dir='ltr'>intellexemus</span> <span class='ocrx_word' id='word_1_253' title='bbox 1371 3704 1418 3757; x_wconf 88' lang='grc' dir='ltr'><em>Τ</em></span> <span class='ocrx_word' id='word_1_254' title='bbox 1555 3705 1617 3758; x_wconf 96' lang='grc'>11</span> <span class='ocrx_word' id='word_1_255' title='bbox 1656 3720 1769 3757; x_wconf 74' lang='lat' dir='ltr'>non</span> <span class='ocrx_word' id='word_1_256' title='bbox 1807 3702 2101 3771; x_wconf 72' lang='lat' dir='ltr'>distinquit</span> <span class='ocrx_word' id='word_1_257' title='bbox 2132 3702 2200 3756; x_wconf 90' lang='lat' dir='ltr'><strong><em>H</em></strong></span> <span class='ocrx_word' id='word_1_258' title='bbox 2336 3704 2547 3770; x_wconf 85' lang='lat' dir='ltr'>oportet</span> <span class='ocrx_word' id='word_1_259' title='bbox 2572 3744 2583 3755; x_wconf 91' lang='lat'>.</span> <span class='ocrx_word' id='word_1_260' title='bbox 2611 3744 2621 3754; x_wconf 93' lang='lat'>.</span> <span class='ocrx_word' id='word_1_261' title='bbox 2654 3743 2663 3755; x_wconf 86' lang='lat'><strong><em>.</em></strong></span> 
     </span>
     <span class='ocr_line' id='line_1_34' title="bbox 377 3788 2665 3859; baseline -0.001 -16"><span class='ocrx_word' id='word_1_262' title='bbox 377 3790 678 3845; x_wconf 85' lang='lat' dir='ltr'>libertatem</span> <span class='ocrx_word' id='word_1_263' title='bbox 703 3809 858 3845; x_wconf 70' lang='lat' dir='ltr'>enan.</span> <span class='ocrx_word' id='word_1_264' title='bbox 879 3792 942 3845; x_wconf 75' lang='grc' dir='ltr'>-ἱη</span> <span class='ocrx_word' id='word_1_265' title='bbox 973 3790 1018 3845; x_wconf 79' lang='lat' dir='ltr'><strong><em>C</em></strong></span> <span class='ocrx_word' id='word_1_266' title='bbox 1107 3790 1281 3859; x_wconf 87' lang='lat' dir='ltr'>primo</span> <span class='ocrx_word' id='word_1_267' title='bbox 1301 3792 1353 3845; x_wconf 89' lang='lat' dir='ltr'><strong><em>L</em></strong></span> <span class='ocrx_word' id='word_1_268' title='bbox 1452 3793 1514 3846; x_wconf 88' lang='grc'>12</span> <span class='ocrx_word' id='word_1_269' title='bbox 1542 3790 1684 3844; x_wconf 88' lang='lat' dir='ltr'>enim</span> <span class='ocrx_word' id='word_1_270' title='bbox 1710 3808 1811 3845; x_wconf 85' lang='lat' dir='ltr'>om.</span> <span class='ocrx_word' id='word_1_271' title='bbox 1833 3791 1888 3844; x_wconf 99' lang='lat' dir='ltr'><strong><em>A</em></strong></span> <span class='ocrx_word' id='word_1_272' title='bbox 1987 3793 2050 3845; x_wconf 90' lang='lat'>16</span> <span class='ocrx_word' id='word_1_273' title='bbox 2079 3788 2374 3859; x_wconf 85' lang='lat' dir='ltr'>olimpiacis</span> <span class='ocrx_word' id='word_1_274' title='bbox 2400 3791 2469 3843; x_wconf 87' lang='lat' dir='ltr'><em>H</em></span> <span class='ocrx_word' id='word_1_275' title='bbox 2554 3790 2665 3841; x_wconf 79' lang='lat' dir='ltr'>uic-</span> 
     </span>
     <span class='ocr_line' id='line_1_35' title="bbox 377 3878 2673 3934; baseline -0.001 -3"><span class='ocrx_word' id='word_1_276' title='bbox 377 3880 554 3932; x_wconf 84' lang='lat' dir='ltr'>torum</span> <span class='ocrx_word' id='word_1_277' title='bbox 590 3880 643 3934; x_wconf 91' lang='lat' dir='ltr'><strong><em>L</em></strong></span> <span class='ocrx_word' id='word_1_278' title='bbox 753 3882 816 3934; x_wconf 87' lang='lat'>18</span> <span class='ocrx_word' id='word_1_279' title='bbox 853 3882 1023 3931; x_wconf 84' lang='lat' dir='ltr'>motos</span> <span class='ocrx_word' id='word_1_280' title='bbox 1057 3880 1140 3933; x_wconf 81' lang='grc' dir='ltr'>11ι</span> <span class='ocrx_word' id='word_1_281' title='bbox 1253 3882 1315 3934; x_wconf 87' lang='lat'>19</span> <span class='ocrx_word' id='word_1_282' title='bbox 1353 3882 1434 3931; x_wconf 85' lang='lat' dir='ltr'>est·</span> <span class='ocrx_word' id='word_1_283' title='bbox 1467 3896 1566 3933; x_wconf 87' lang='lat' dir='ltr'>om.</span> <span class='ocrx_word' id='word_1_284' title='bbox 1598 3879 1674 3931; x_wconf 89' lang='lat' dir='ltr'>L¹</span> <span class='ocrx_word' id='word_1_285' title='bbox 1782 3880 2114 3931; x_wconf 85' lang='lat' dir='ltr'>saturantem</span> <span class='ocrx_word' id='word_1_286' title='bbox 2148 3879 2219 3933; x_wconf 88' lang='lat' dir='ltr'><em>H</em></span> <span class='ocrx_word' id='word_1_287' title='bbox 2282 3880 2581 3931; x_wconf 86' lang='lat' dir='ltr'>saturatum</span> <span class='ocrx_word' id='word_1_288' title='bbox 2624 3878 2673 3930; x_wconf 88' lang='lat' dir='ltr'><em>T</em></span> 
     </span>
     <span class='ocr_line' id='line_1_36' title="bbox 377 3963 2666 4033; baseline -0.001 -13"><span class='ocrx_word' id='word_1_289' title='bbox 377 3968 444 4020; x_wconf 84' lang='lat'>20</span> <span class='ocrx_word' id='word_1_290' title='bbox 479 3966 755 4020; x_wconf 86' lang='lat' dir='ltr'>interiores</span> <span class='ocrx_word' id='word_1_291' title='bbox 791 3967 866 4021; x_wconf 83' lang='lat' dir='ltr'>L¹</span> <span class='ocrx_word' id='word_1_292' title='bbox 993 3966 1258 4020; x_wconf 85' lang='lat' dir='ltr'>adtentari</span> <span class='ocrx_word' id='word_1_293' title='bbox 1293 3968 1348 4020; x_wconf 89' lang='lat' dir='ltr'><strong><em>L</em></strong></span> <span class='ocrx_word' id='word_1_294' title='bbox 1472 3969 1536 4021; x_wconf 89' lang='grc'>21</span> <span class='ocrx_word' id='word_1_295' title='bbox 1577 3981 1699 4018; x_wconf 91' lang='lat' dir='ltr'>eum</span> <span class='ocrx_word' id='word_1_296' title='bbox 1738 3965 1965 4033; x_wconf 86' lang='lat' dir='ltr'>dignum</span> <span class='ocrx_word' id='word_1_297' title='bbox 2001 3968 2083 4018; x_wconf 89' lang='lat' dir='ltr'>est</span> <span class='ocrx_word' id='word_1_298' title='bbox 2120 3968 2172 4019; x_wconf 93' lang='lat' dir='ltr'><strong><em>A</em></strong></span> <span class='ocrx_word' id='word_1_299' title='bbox 2303 3963 2490 4018; x_wconf 87' lang='lat' dir='ltr'>leuiori</span> <span class='ocrx_word' id='word_1_300' title='bbox 2526 3964 2666 4018; x_wconf 84' lang='lat' dir='ltr'>H¹L</span> 
     </span>
     <span class='ocr_line' id='line_1_37' title="bbox 378 4050 2674 4123; baseline -0.002 -15"><span class='ocrx_word' id='word_1_301' title='bbox 378 4055 444 4108; x_wconf 86' lang='lat'>22</span> <span class='ocrx_word' id='word_1_302' title='bbox 480 4052 618 4107; x_wconf 84' lang='lat' dir='ltr'>XIII</span> <span class='ocrx_word' id='word_1_303' title='bbox 656 4055 721 4108; x_wconf 88' lang='lat' dir='ltr'><em>H</em></span> <span class='ocrx_word' id='word_1_304' title='bbox 759 4056 784 4085; x_wconf 72' lang='lat'>⁵</span> <span class='ocrx_word' id='word_1_305' title='bbox 821 4055 1057 4123; x_wconf 88' lang='lat' dir='ltr'>primum</span> <span class='ocrx_word' id='word_1_306' title='bbox 1083 4055 1137 4108; x_wconf 88' lang='lat' dir='ltr'><strong><em>A</em></strong></span> <span class='ocrx_word' id='word_1_307' title='bbox 1245 4052 1394 4122; x_wconf 84' lang='lat' dir='ltr'>ergo]</span> <span class='ocrx_word' id='word_1_308' title='bbox 1433 4054 1576 4107; x_wconf 90' lang='lat' dir='ltr'>enim</span> <span class='ocrx_word' id='word_1_309' title='bbox 1612 4054 1699 4107; x_wconf 89' lang='lat' dir='ltr'>H:</span> <span class='ocrx_word' id='word_1_310' title='bbox 1734 4071 1835 4108; x_wconf 83' lang='lat' dir='ltr'>om.</span> <span class='ocrx_word' id='word_1_311' title='bbox 1862 4054 1971 4107; x_wconf 85' lang='lat' dir='ltr'>AT</span> <span class='ocrx_word' id='word_1_312' title='bbox 2074 4052 2329 4106; x_wconf 85' lang='lat' dir='ltr'>calcanda</span> <span class='ocrx_word' id='word_1_313' title='bbox 2364 4050 2519 4121; x_wconf 84' lang='lat' dir='ltr'>gulae</span> <span class='ocrx_word' id='word_1_314' title='bbox 2556 4051 2674 4105; x_wconf 87' lang='lat' dir='ltr'>HT</span> 
     </span>
     <span class='ocr_line' id='line_1_38' title="bbox 379 4138 2669 4209; baseline -0.002 -14"><span class='ocrx_word' id='word_1_315' title='bbox 379 4142 446 4195; x_wconf 87' lang='lat'>23</span> <span class='ocrx_word' id='word_1_316' title='bbox 471 4141 800 4195; x_wconf 84' lang='lat' dir='ltr'>extenuenda</span> <span class='ocrx_word' id='word_1_317' title='bbox 827 4142 972 4195; x_wconf 85' lang='lat' dir='ltr'>G¹H</span> <span class='ocrx_word' id='word_1_318' title='bbox 1071 4144 1138 4195; x_wconf 83' lang='lat'>24</span> <span class='ocrx_word' id='word_1_319' title='bbox 1163 4140 1444 4194; x_wconf 79' lang='lat' dir='ltr'>lectionem</span> <span class='ocrx_word' id='word_1_320' title='bbox 1469 4143 1546 4195; x_wconf 92' lang='lat' dir='ltr'>L¹</span> <span class='ocrx_word' id='word_1_321' title='bbox 1643 4140 1816 4193; x_wconf 88' lang='lat' dir='ltr'>cordis</span> <span class='ocrx_word' id='word_1_322' title='bbox 1843 4141 2229 4209; x_wconf 88' lang='lat' dir='ltr'>conpunctione</span> <span class='ocrx_word' id='word_1_323' title='bbox 2247 4142 2303 4194; x_wconf 89' lang='lat' dir='ltr'><strong><em>A</em></strong></span> <span class='ocrx_word' id='word_1_324' title='bbox 2405 4142 2459 4192; x_wconf 90' lang='lat' dir='ltr'>et</span> <span class='ocrx_word' id='word_1_325' title='bbox 2484 4138 2669 4191; x_wconf 84' lang='lat' dir='ltr'>erebra</span> 
     </span>
     <span class='ocr_line' id='line_1_39' title="bbox 379 4227 2667 4298; baseline -0 -16"><span class='ocrx_word' id='word_1_326' title='bbox 379 4230 764 4298; x_wconf 82' lang='lat' dir='ltr'>conpunctione</span> <span class='ocrx_word' id='word_1_327' title='bbox 788 4228 1013 4283; x_wconf 85' lang='lat' dir='ltr'>lectione</span> <span class='ocrx_word' id='word_1_328' title='bbox 1038 4243 1244 4298; x_wconf 81' lang='lat' dir='ltr'>quoque</span> <span class='ocrx_word' id='word_1_329' title='bbox 1270 4229 1444 4283; x_wconf 86' lang='lat' dir='ltr'>cordis</span> <span class='ocrx_word' id='word_1_330' title='bbox 1465 4230 1534 4283; x_wconf 91' lang='lat' dir='ltr'><em>H</em></span> <span class='ocrx_word' id='word_1_331' title='bbox 1621 4232 1688 4283; x_wconf 84' lang='lat'>25</span> <span class='ocrx_word' id='word_1_332' title='bbox 1714 4229 1760 4282; x_wconf 86' lang='lat' dir='ltr'>si</span> <span class='ocrx_word' id='word_1_333' title='bbox 1779 4230 1856 4283; x_wconf 91' lang='lat' dir='ltr'>L¹</span> <span class='ocrx_word' id='word_1_334' title='bbox 1949 4227 2195 4281; x_wconf 84' lang='lat' dir='ltr'>forsitam</span> <span class='ocrx_word' id='word_1_335' title='bbox 2216 4230 2269 4282; x_wconf 91' lang='lat' dir='ltr'><strong><em>A</em></strong></span> <span class='ocrx_word' id='word_1_336' title='bbox 2366 4227 2667 4281; x_wconf 85' lang='lat' dir='ltr'>conuictam</span> 
     </span>
     <span class='ocr_line' id='line_1_40' title="bbox 379 4314 2667 4385; baseline -0.001 -16"><span class='ocrx_word' id='word_1_337' title='bbox 379 4316 752 4371; x_wconf 86' lang='lat' dir='ltr'>reminiscatur</span> <span class='ocrx_word' id='word_1_338' title='bbox 777 4318 845 4371; x_wconf 89' lang='lat' dir='ltr'><em>H</em></span> <span class='ocrx_word' id='word_1_339' title='bbox 943 4317 1296 4385; x_wconf 85' lang='lat' dir='ltr'>ingemiscens</span> <span class='ocrx_word' id='word_1_340' title='bbox 1325 4317 1542 4371; x_wconf 81' lang='lat' dir='ltr'><strong><em>G²HL²</em></strong></span> <span class='ocrx_word' id='word_1_341' title='bbox 1646 4319 1715 4371; x_wconf 88' lang='grc'>26</span> <span class='ocrx_word' id='word_1_342' title='bbox 1752 4332 1907 4369; x_wconf 89' lang='lat' dir='ltr'>onere</span> <span class='ocrx_word' id='word_1_343' title='bbox 1947 4319 2000 4370; x_wconf 90' lang='lat' dir='ltr'><strong><em>A</em></strong></span> <span class='ocrx_word' id='word_1_344' title='bbox 2059 4316 2335 4369; x_wconf 85' lang='lat' dir='ltr'>horrorem</span> <span class='ocrx_word' id='word_1_345' title='bbox 2372 4316 2425 4369; x_wconf 92' lang='lat' dir='ltr'><strong><em>L</em></strong></span> <span class='ocrx_word' id='word_1_346' title='bbox 2530 4314 2667 4367; x_wconf 81' lang='lat' dir='ltr'>inte-</span> 
     </span>
     <span class='ocr_line' id='line_1_41' title="bbox 381 4406 682 4473; baseline 0.01 -16"><span class='ocrx_word' id='word_1_347' title='bbox 381 4406 576 4473; x_wconf 82' lang='lat' dir='ltr'>gritate</span> <span class='ocrx_word' id='word_1_348' title='bbox 612 4407 682 4460; x_wconf 88' lang='lat' dir='ltr'><em>H</em></span> 
     </span>
    </p>
   </div>
  </div>
 </body>
</html>
