<?xml version="1.0" encoding="UTF-8"?>
<!DOCTYPE html PUBLIC "-//W3C//DTD XHTML 1.0 Transitional//EN"
    "http://www.w3.org/TR/xhtml1/DTD/xhtml1-transitional.dtd">
<html xmlns="http://www.w3.org/1999/xhtml" xml:lang="en" lang="en">
 <head>
  <title>
</title>
<meta http-equiv="Content-Type" content="text/html;charset=utf-8" />
  <meta name='ocr-system' content='tesseract 3.04.00' />
  <meta name='ocr-capabilities' content='ocr_page ocr_carea ocr_par ocr_line ocrx_word'/>
</head>
<body>
  <div class='ocr_page' id='page_1' title='image "./corpusscriptoru28wissgoog_0460.png"; bbox 0 0 3167 4975; ppageno 0'>
   <div class='ocr_carea' id='block_1_1' title="bbox 546 446 2015 511">
    <p class='ocr_par' dir='ltr' id='par_1_1' title="bbox 546 446 2015 511">
     <span class='ocr_line' id='line_1_1' title="bbox 546 446 2015 511; baseline 0.002 -12"><span class='ocrx_word' id='word_1_1' title='bbox 546 446 673 511; x_wconf 80' lang='lat'>328</span> <span class='ocrx_word' id='word_1_2' title='bbox 1352 447 1668 501; x_wconf 84' lang='lat' dir='ltr'>Iohannis</span> <span class='ocrx_word' id='word_1_3' title='bbox 1714 448 2015 503; x_wconf 80' lang='lat' dir='ltr'>Cassiani</span> 
     </span>
    </p>
   </div>
   <div class='ocr_carea' id='block_1_2' title="bbox 534 624 2930 3536">
    <p class='ocr_par' dir='ltr' id='par_1_2' title="bbox 548 624 2834 813">
     <span class='ocr_line' id='line_1_2' title="bbox 548 624 2834 709; baseline 0.001 -22"><span class='ocrx_word' id='word_1_4' title='bbox 548 625 871 708; x_wconf 82' lang='lat' dir='ltr'>eligendae</span> <span class='ocrx_word' id='word_1_5' title='bbox 928 628 1175 689; x_wconf 86' lang='lat' dir='ltr'>tantum</span> <span class='ocrx_word' id='word_1_6' title='bbox 1237 625 1495 689; x_wconf 87' lang='lat' dir='ltr'>alterius</span> <span class='ocrx_word' id='word_1_7' title='bbox 1554 627 1646 689; x_wconf 88' lang='lat' dir='ltr'>rei</span> <span class='ocrx_word' id='word_1_8' title='bbox 1705 626 1949 709; x_wconf 86' lang='lat' dir='ltr'>copiam</span> <span class='ocrx_word' id='word_1_9' title='bbox 1995 624 2268 689; x_wconf 85' lang='lat' dir='ltr'>tribuam</span> <span class='ocrx_word' id='word_1_10' title='bbox 2331 629 2396 689; x_wconf 89' lang='lat' dir='ltr'>et</span> <span class='ocrx_word' id='word_1_11' title='bbox 2453 644 2650 689; x_wconf 88' lang='lat' dir='ltr'>unum</span> <span class='ocrx_word' id='word_1_12' title='bbox 2695 646 2834 708; x_wconf 88' lang='lat' dir='ltr'>per-</span> 
     </span>
     <span class='ocr_line' id='line_1_3' title="bbox 548 730 2833 813; baseline 0 -19"><span class='ocrx_word' id='word_1_13' title='bbox 548 730 807 794; x_wconf 87' lang='lat' dir='ltr'>mittens</span> <span class='ocrx_word' id='word_1_14' title='bbox 854 730 1123 794; x_wconf 86' lang='lat' dir='ltr'>alterum</span> <span class='ocrx_word' id='word_1_15' title='bbox 1154 749 1410 813; x_wconf 86' lang='lat' dir='ltr'>negem:</span> <span class='ocrx_word' id='word_1_16' title='bbox 1456 734 1792 813; x_wconf 88' lang='lat' dir='ltr'>utrumque</span> <span class='ocrx_word' id='word_1_17' title='bbox 1825 731 1996 795; x_wconf 90' lang='lat' dir='ltr'>enim</span> <span class='ocrx_word' id='word_1_18' title='bbox 2025 730 2125 811; x_wconf 91' lang='lat' dir='ltr'>do,</span> <span class='ocrx_word' id='word_1_19' title='bbox 2174 734 2512 812; x_wconf 84' lang='lat' dir='ltr'>utrumque</span> <span class='ocrx_word' id='word_1_20' title='bbox 2543 732 2833 795; x_wconf 87' lang='lat' dir='ltr'>concedo.</span> 
     </span>
    </p>

    <p class='ocr_par' dir='ltr' id='par_1_3' title="bbox 536 835 2930 2785">
     <span class='ocr_line' id='line_1_4' title="bbox 548 835 2831 917; baseline 0.001 -20"><span class='ocrx_word' id='word_1_21' title='bbox 548 837 613 897; x_wconf 86' lang='lat' dir='ltr'>et</span> <span class='ocrx_word' id='word_1_22' title='bbox 656 835 805 916; x_wconf 91' lang='lat' dir='ltr'>quid</span> <span class='ocrx_word' id='word_1_23' title='bbox 852 835 1160 899; x_wconf 82' lang='lat' dir='ltr'>‘concedo’</span> <span class='ocrx_word' id='word_1_24' title='bbox 1206 835 1457 899; x_wconf 82' lang='lat' dir='ltr'>dicam?</span> <span class='ocrx_word' id='word_1_25' title='bbox 1503 835 1581 898; x_wconf 89' lang='lat' dir='ltr'>ad</span> <span class='ocrx_word' id='word_1_26' title='bbox 1613 839 1948 917; x_wconf 85' lang='lat' dir='ltr'>utrumque</span> <span class='ocrx_word' id='word_1_27' title='bbox 1995 840 2078 914; x_wconf 88' lang='lat' dir='ltr'>te,</span> <span class='ocrx_word' id='word_1_28' title='bbox 2125 835 2374 898; x_wconf 89' lang='lat' dir='ltr'>etiamsi</span> <span class='ocrx_word' id='word_1_29' title='bbox 2405 835 2586 914; x_wconf 81' lang='lat' dir='ltr'>noliS,</span> <span class='ocrx_word' id='word_1_30' title='bbox 2633 836 2831 899; x_wconf 85' lang='lat' dir='ltr'>traho.</span> 
     </span>
     <span class='ocr_line' id='line_1_5' title="bbox 546 939 2834 1023; baseline 0.001 -21"><span class='ocrx_word' id='word_1_31' title='bbox 546 942 880 1021; x_wconf 86' lang='lat' dir='ltr'>utrumque</span> <span class='ocrx_word' id='word_1_32' title='bbox 926 939 1095 1003; x_wconf 86' lang='lat' dir='ltr'>enim</span> <span class='ocrx_word' id='word_1_33' title='bbox 1142 940 1208 1003; x_wconf 90' lang='lat' dir='ltr'>in</span> <span class='ocrx_word' id='word_1_34' title='bbox 1254 939 1539 1023; x_wconf 80' lang='lat' dir='ltr'>symbolo</span> <span class='ocrx_word' id='word_1_35' title='bbox 1586 959 1724 1004; x_wconf 87' lang='lat' dir='ltr'>esse</span> <span class='ocrx_word' id='word_1_36' title='bbox 1771 940 1824 1003; x_wconf 91' lang='lat' dir='ltr'>si</span> <span class='ocrx_word' id='word_1_37' title='bbox 1885 939 2002 1019; x_wconf 85' lang='lat' dir='ltr'>uiS,</span> <span class='ocrx_word' id='word_1_38' title='bbox 2065 942 2310 1021; x_wconf 85' lang='lat' dir='ltr'>oportet</span> <span class='ocrx_word' id='word_1_39' title='bbox 2355 939 2563 1021; x_wconf 89' lang='lat' dir='ltr'>sapias</span> <span class='ocrx_word' id='word_1_40' title='bbox 2609 940 2834 1004; x_wconf 88' lang='lat' dir='ltr'>uolun-</span> 
     </span>
     <span class='ocr_line' id='line_1_6' title="bbox 544 1044 2907 1127; baseline 0.001 -20"><span class='ocrx_word' id='word_1_41' title='bbox 544 1044 769 1107; x_wconf 87' lang='lat' dir='ltr'>tarius:</span> <span class='ocrx_word' id='word_1_42' title='bbox 832 1046 885 1108; x_wconf 82' lang='lat' dir='ltr'>si</span> <span class='ocrx_word' id='word_1_43' title='bbox 944 1064 1069 1109; x_wconf 90' lang='lat' dir='ltr'>non</span> <span class='ocrx_word' id='word_1_44' title='bbox 1130 1046 1247 1124; x_wconf 81' lang='lat' dir='ltr'>uiS,</span> <span class='ocrx_word' id='word_1_45' title='bbox 1308 1064 1562 1109; x_wconf 90' lang='lat' dir='ltr'>necesse</span> <span class='ocrx_word' id='word_1_46' title='bbox 1619 1047 1716 1109; x_wconf 90' lang='lat' dir='ltr'>est</span> <span class='ocrx_word' id='word_1_47' title='bbox 1760 1045 2128 1127; x_wconf 88' lang='lat' dir='ltr'>conpellaris</span> <span class='ocrx_word' id='word_1_48' title='bbox 2175 1044 2432 1108; x_wconf 85' lang='lat' dir='ltr'>inuituS.</span> <span class='ocrx_word' id='word_1_49' title='bbox 2511 1044 2834 1127; x_wconf 82' lang='lat' dir='ltr'>symbolus</span> <span class='ocrx_word' id='word_1_50' title='bbox 2883 1072 2907 1111; x_wconf 88' lang='lat'><strong>5</strong></span> 
     </span>
     <span class='ocr_line' id='line_1_7' title="bbox 544 1147 2833 1231; baseline 0 -19"><span class='ocrx_word' id='word_1_51' title='bbox 544 1147 793 1231; x_wconf 88' lang='lat' dir='ltr'>quippe,</span> <span class='ocrx_word' id='word_1_52' title='bbox 838 1152 911 1213; x_wconf 86' lang='lat' dir='ltr'>ut</span> <span class='ocrx_word' id='word_1_53' title='bbox 955 1151 1098 1231; x_wconf 78' lang='lat' dir='ltr'>sciS,</span> <span class='ocrx_word' id='word_1_54' title='bbox 1146 1170 1218 1213; x_wconf 86' lang='lat' dir='ltr'>ex</span> <span class='ocrx_word' id='word_1_55' title='bbox 1258 1150 1586 1215; x_wconf 87' lang='lat' dir='ltr'>collatione</span> <span class='ocrx_word' id='word_1_56' title='bbox 1621 1168 1848 1214; x_wconf 89' lang='lat' dir='ltr'>nomen</span> <span class='ocrx_word' id='word_1_57' title='bbox 1881 1150 2136 1231; x_wconf 81' lang='lat' dir='ltr'>accepit.</span> <span class='ocrx_word' id='word_1_58' title='bbox 2199 1149 2360 1231; x_wconf 89' lang='lat' dir='ltr'>quod</span> <span class='ocrx_word' id='word_1_59' title='bbox 2397 1149 2566 1213; x_wconf 90' lang='lat' dir='ltr'>enim</span> <span class='ocrx_word' id='word_1_60' title='bbox 2597 1148 2833 1214; x_wconf 80' lang='lat' dir='ltr'>Graece</span> 
     </span>
     <span class='ocr_line' id='line_1_8' title="bbox 543 1253 2832 1334; baseline 0.003 -22"><span class='ocrx_word' id='word_1_61' title='bbox 543 1254 821 1329; x_wconf 69' lang='grc' dir='ltr'><strong>σύμβολος</strong></span> <span class='ocrx_word' id='word_1_62' title='bbox 866 1254 1112 1334; x_wconf 90' lang='lat' dir='ltr'>dicitur,</span> <span class='ocrx_word' id='word_1_63' title='bbox 1159 1254 1382 1319; x_wconf 79' lang='lat' dir='ltr'>Latine</span> <span class='ocrx_word' id='word_1_64' title='bbox 1422 1255 1672 1319; x_wconf 86' lang='lat' dir='ltr'>collatio</span> <span class='ocrx_word' id='word_1_65' title='bbox 1703 1256 2076 1319; x_wconf 87' lang='lat' dir='ltr'>nominatur.</span> <span class='ocrx_word' id='word_1_66' title='bbox 2150 1253 2399 1317; x_wconf 88' lang='lat' dir='ltr'>collatio</span> <span class='ocrx_word' id='word_1_67' title='bbox 2431 1258 2642 1318; x_wconf 87' lang='lat' dir='ltr'>autem</span> <span class='ocrx_word' id='word_1_68' title='bbox 2673 1254 2832 1334; x_wconf 90' lang='lat' dir='ltr'>ideo,</span> 
     </span>
     <span class='ocr_line' id='line_1_9' title="bbox 542 1358 2833 1442; baseline 0 -21"><span class='ocrx_word' id='word_1_69' title='bbox 542 1358 693 1441; x_wconf 89' lang='lat' dir='ltr'>quia</span> <span class='ocrx_word' id='word_1_70' title='bbox 727 1359 955 1423; x_wconf 86' lang='lat' dir='ltr'>collata</span> <span class='ocrx_word' id='word_1_71' title='bbox 1000 1360 1066 1423; x_wconf 91' lang='lat' dir='ltr'>in</span> <span class='ocrx_word' id='word_1_72' title='bbox 1096 1378 1293 1424; x_wconf 89' lang='lat' dir='ltr'>unum</span> <span class='ocrx_word' id='word_1_73' title='bbox 1324 1358 1401 1423; x_wconf 86' lang='lat' dir='ltr'>ab</span> <span class='ocrx_word' id='word_1_74' title='bbox 1436 1359 1735 1442; x_wconf 87' lang='lat' dir='ltr'>apostolis</span> <span class='ocrx_word' id='word_1_75' title='bbox 1781 1359 2018 1423; x_wconf 91' lang='lat' dir='ltr'>domini</span> <span class='ocrx_word' id='word_1_76' title='bbox 2064 1359 2256 1423; x_wconf 85' lang='lat' dir='ltr'>totius</span> <span class='ocrx_word' id='word_1_77' title='bbox 2289 1358 2630 1422; x_wconf 85' lang='lat' dir='ltr'>catholicae</span> <span class='ocrx_word' id='word_1_78' title='bbox 2675 1359 2833 1441; x_wconf 88' lang='lat' dir='ltr'>legis</span> 
     </span>
     <span class='ocr_line' id='line_1_10' title="bbox 542 1462 2834 1547; baseline 0 -20"><span class='ocrx_word' id='word_1_79' title='bbox 542 1463 685 1543; x_wconf 89' lang='lat' dir='ltr'>fide,</span> <span class='ocrx_word' id='word_1_80' title='bbox 732 1462 1034 1545; x_wconf 89' lang='lat' dir='ltr'>quidquid</span> <span class='ocrx_word' id='word_1_81' title='bbox 1078 1483 1189 1547; x_wconf 89' lang='lat' dir='ltr'>per</span> <span class='ocrx_word' id='word_1_82' title='bbox 1234 1464 1603 1528; x_wconf 89' lang='lat' dir='ltr'>uniuersum</span> <span class='ocrx_word' id='word_1_83' title='bbox 1650 1464 2006 1527; x_wconf 90' lang='lat' dir='ltr'>diuinorum</span> <span class='ocrx_word' id='word_1_84' title='bbox 2051 1463 2449 1527; x_wconf 89' lang='lat' dir='ltr'>uoluminum</span> <span class='ocrx_word' id='word_1_85' title='bbox 2481 1482 2704 1547; x_wconf 88' lang='lat' dir='ltr'>corpus</span> <span class='ocrx_word' id='word_1_86' title='bbox 2738 1464 2834 1528; x_wconf 92' lang='lat' dir='ltr'>in-</span> 
     </span>
     <span class='ocr_line' id='line_1_11' title="bbox 544 1567 2930 1651; baseline 0.001 -20"><span class='ocrx_word' id='word_1_87' title='bbox 544 1586 765 1632; x_wconf 87' lang='lat' dir='ltr'>mensa</span> <span class='ocrx_word' id='word_1_88' title='bbox 810 1568 1089 1632; x_wconf 81' lang='lat' dir='ltr'>funditur</span> <span class='ocrx_word' id='word_1_89' title='bbox 1150 1568 1348 1651; x_wconf 89' lang='lat' dir='ltr'>copia,</span> <span class='ocrx_word' id='word_1_90' title='bbox 1420 1571 1626 1633; x_wconf 90' lang='lat' dir='ltr'>totum</span> <span class='ocrx_word' id='word_1_91' title='bbox 1685 1568 1749 1631; x_wconf 92' lang='lat' dir='ltr'>in</span> <span class='ocrx_word' id='word_1_92' title='bbox 1813 1567 2096 1650; x_wconf 87' lang='lat' dir='ltr'>symbolo</span> <span class='ocrx_word' id='word_1_93' title='bbox 2157 1568 2475 1651; x_wconf 88' lang='lat' dir='ltr'>colligitur</span> <span class='ocrx_word' id='word_1_94' title='bbox 2518 1567 2832 1633; x_wconf 89' lang='lat' dir='ltr'>breuitate</span> <span class='ocrx_word' id='word_1_95' title='bbox 2884 1596 2930 1633; x_wconf 78' lang='grc' dir='ltr'>ιο</span> 
     </span>
     <span class='ocr_line' id='line_1_12' title="bbox 540 1672 2833 1756; baseline 0 -20"><span class='ocrx_word' id='word_1_96' title='bbox 540 1673 845 1754; x_wconf 86' lang='lat' dir='ltr'>perfecta,</span> <span class='ocrx_word' id='word_1_97' title='bbox 923 1674 1267 1737; x_wconf 90' lang='lat' dir='ltr'>secundum</span> <span class='ocrx_word' id='word_1_98' title='bbox 1340 1674 1495 1737; x_wconf 89' lang='lat' dir='ltr'>illud</span> <span class='ocrx_word' id='word_1_99' title='bbox 1571 1673 1864 1755; x_wconf 86' lang='lat' dir='ltr'>apostoli:</span> <span class='ocrx_word' id='word_1_100' title='bbox 1941 1672 2284 1753; x_wconf 88' lang='lat' dir='ltr'>uerbum,</span> <span class='ocrx_word' id='word_1_101' title='bbox 2361 1673 2594 1756; x_wconf 89' lang='lat' dir='ltr'>inquit,</span> <span class='ocrx_word' id='word_1_102' title='bbox 2669 1692 2833 1737; x_wconf 91' lang='lat' dir='ltr'>con—</span> 
     </span>
     <span class='ocr_line' id='line_1_13' title="bbox 540 1776 2833 1860; baseline 0 -19"><span class='ocrx_word' id='word_1_103' title='bbox 540 1795 919 1842; x_wconf 85' lang='lat' dir='ltr'>summans</span> <span class='ocrx_word' id='word_1_104' title='bbox 966 1780 1039 1841; x_wconf 89' lang='lat' dir='ltr'>et</span> <span class='ocrx_word' id='word_1_105' title='bbox 1084 1778 1437 1841; x_wconf 87' lang='lat' dir='ltr'>breuians</span> <span class='ocrx_word' id='word_1_106' title='bbox 1482 1778 1557 1841; x_wconf 88' lang='lat' dir='ltr'>in</span> <span class='ocrx_word' id='word_1_107' title='bbox 1616 1778 2024 1860; x_wconf 84' lang='lat' dir='ltr'>aequitate,</span> <span class='ocrx_word' id='word_1_108' title='bbox 2085 1777 2262 1859; x_wconf 87' lang='lat' dir='ltr'>quia</span> <span class='ocrx_word' id='word_1_109' title='bbox 2319 1776 2629 1842; x_wconf 91' lang='lat' dir='ltr'>uerbum</span> <span class='ocrx_word' id='word_1_110' title='bbox 2674 1778 2833 1841; x_wconf 89' lang='lat' dir='ltr'>bre-</span> 
     </span>
     <span class='ocr_line' id='line_1_14' title="bbox 544 1882 2832 1967; baseline 0.001 -22"><span class='ocrx_word' id='word_1_111' title='bbox 544 1882 831 1946; x_wconf 85' lang='lat' dir='ltr'>uiatum</span> <span class='ocrx_word' id='word_1_112' title='bbox 905 1883 1137 1946; x_wconf 88' lang='lat' dir='ltr'>faciet</span> <span class='ocrx_word' id='word_1_113' title='bbox 1211 1882 1553 1947; x_wconf 89' lang='lat' dir='ltr'>dominus</span> <span class='ocrx_word' id='word_1_114' title='bbox 1631 1902 1849 1964; x_wconf 87' lang='lat' dir='ltr'>super</span> <span class='ocrx_word' id='word_1_115' title='bbox 1925 1886 2220 1946; x_wconf 87' lang='lat' dir='ltr'>terram.</span> <span class='ocrx_word' id='word_1_116' title='bbox 2319 1882 2438 1945; x_wconf 90' lang='lat' dir='ltr'>hoc</span> <span class='ocrx_word' id='word_1_117' title='bbox 2512 1888 2611 1947; x_wconf 90' lang='lat' dir='ltr'>est</span> <span class='ocrx_word' id='word_1_118' title='bbox 2684 1902 2832 1967; x_wconf 86' lang='lat' dir='ltr'>ergo</span> 
     </span>
     <span class='ocr_line' id='line_1_15' title="bbox 540 1986 2832 2070; baseline 0.002 -24"><span class='ocrx_word' id='word_1_119' title='bbox 540 1986 897 2049; x_wconf 86' lang='lat' dir='ltr'>breuiatum</span> <span class='ocrx_word' id='word_1_120' title='bbox 944 1986 1207 2050; x_wconf 87' lang='lat' dir='ltr'>uerbum</span> <span class='ocrx_word' id='word_1_121' title='bbox 1254 1987 1419 2069; x_wconf 90' lang='lat' dir='ltr'>quod</span> <span class='ocrx_word' id='word_1_122' title='bbox 1465 1987 1616 2051; x_wconf 85' lang='lat' dir='ltr'>fecit</span> <span class='ocrx_word' id='word_1_123' title='bbox 1662 1986 1973 2066; x_wconf 76' lang='lat' dir='ltr'>dominUS,</span> <span class='ocrx_word' id='word_1_124' title='bbox 2037 1986 2228 2050; x_wconf 88' lang='lat' dir='ltr'>fidem</span> <span class='ocrx_word' id='word_1_125' title='bbox 2281 1988 2522 2051; x_wconf 89' lang='lat' dir='ltr'>scilicet</span> <span class='ocrx_word' id='word_1_126' title='bbox 2566 1988 2832 2070; x_wconf 89' lang='lat' dir='ltr'>duplicis</span> 
     </span>
     <span class='ocr_line' id='line_1_16' title="bbox 540 2091 2930 2175; baseline 0.001 -22"><span class='ocrx_word' id='word_1_127' title='bbox 540 2091 903 2153; x_wconf 77' lang='lat' dir='ltr'>testamenti</span> <span class='ocrx_word' id='word_1_128' title='bbox 966 2091 1063 2154; x_wconf 88' lang='lat' dir='ltr'>sui</span> <span class='ocrx_word' id='word_1_129' title='bbox 1117 2091 1183 2154; x_wconf 90' lang='lat' dir='ltr'>in</span> <span class='ocrx_word' id='word_1_130' title='bbox 1229 2109 1429 2173; x_wconf 86' lang='lat' dir='ltr'>pauca</span> <span class='ocrx_word' id='word_1_131' title='bbox 1473 2092 1776 2175; x_wconf 88' lang='lat' dir='ltr'>colligens</span> <span class='ocrx_word' id='word_1_132' title='bbox 1823 2096 1886 2155; x_wconf 89' lang='lat' dir='ltr'>et</span> <span class='ocrx_word' id='word_1_133' title='bbox 1933 2109 2187 2155; x_wconf 85' lang='lat' dir='ltr'>sensum</span> <span class='ocrx_word' id='word_1_134' title='bbox 2234 2092 2518 2155; x_wconf 90' lang='lat' dir='ltr'>omnium</span> <span class='ocrx_word' id='word_1_135' title='bbox 2565 2093 2834 2175; x_wconf 83' lang='lat' dir='ltr'>scriptu·</span> <span class='ocrx_word' id='word_1_136' title='bbox 2885 2118 2930 2157; x_wconf 71' lang='grc' dir='ltr'>ιε,</span> 
     </span>
     <span class='ocr_line' id='line_1_17' title="bbox 537 2194 2832 2277; baseline 0.002 -20"><span class='ocrx_word' id='word_1_137' title='bbox 537 2212 751 2258; x_wconf 89' lang='lat' dir='ltr'>rarum</span> <span class='ocrx_word' id='word_1_138' title='bbox 798 2194 863 2259; x_wconf 90' lang='lat' dir='ltr'>in</span> <span class='ocrx_word' id='word_1_139' title='bbox 910 2195 1125 2259; x_wconf 89' lang='lat' dir='ltr'>breuia</span> <span class='ocrx_word' id='word_1_140' title='bbox 1170 2196 1567 2277; x_wconf 80' lang='lat' dir='ltr'>concludenS,</span> <span class='ocrx_word' id='word_1_141' title='bbox 1616 2215 1732 2261; x_wconf 87' lang='lat' dir='ltr'>sua</span> <span class='ocrx_word' id='word_1_142' title='bbox 1775 2197 1850 2260; x_wconf 91' lang='lat' dir='ltr'>de</span> <span class='ocrx_word' id='word_1_143' title='bbox 1892 2197 2021 2261; x_wconf 90' lang='lat' dir='ltr'>suis</span> <span class='ocrx_word' id='word_1_144' title='bbox 2055 2196 2328 2260; x_wconf 88' lang='lat' dir='ltr'>condens</span> <span class='ocrx_word' id='word_1_145' title='bbox 2363 2200 2428 2261; x_wconf 89' lang='lat' dir='ltr'>et</span> <span class='ocrx_word' id='word_1_146' title='bbox 2458 2197 2588 2261; x_wconf 90' lang='lat' dir='ltr'>uim</span> <span class='ocrx_word' id='word_1_147' title='bbox 2636 2196 2832 2261; x_wconf 86' lang='lat' dir='ltr'>totius</span> 
     </span>
     <span class='ocr_line' id='line_1_18' title="bbox 539 2300 2836 2384; baseline 0.001 -20"><span class='ocrx_word' id='word_1_148' title='bbox 539 2300 697 2384; x_wconf 89' lang='lat' dir='ltr'>legis</span> <span class='ocrx_word' id='word_1_149' title='bbox 760 2300 1357 2383; x_wconf 85' lang='lat' dir='ltr'>conpendiosissima</span> <span class='ocrx_word' id='word_1_150' title='bbox 1414 2301 1726 2367; x_wconf 87' lang='lat' dir='ltr'>breuitate</span> <span class='ocrx_word' id='word_1_151' title='bbox 1781 2301 2132 2384; x_wconf 79' lang='lat' dir='ltr'>perficiens,</span> <span class='ocrx_word' id='word_1_152' title='bbox 2197 2302 2530 2365; x_wconf 86' lang='lat' dir='ltr'>consulens</span> <span class='ocrx_word' id='word_1_153' title='bbox 2593 2301 2836 2366; x_wconf 86' lang='lat' dir='ltr'>scilicet</span> 
     </span>
     <span class='ocr_line' id='line_1_19' title="bbox 540 2405 2831 2491; baseline 0 -22"><span class='ocrx_word' id='word_1_154' title='bbox 540 2406 605 2469; x_wconf 89' lang='lat' dir='ltr'>in</span> <span class='ocrx_word' id='word_1_155' title='bbox 637 2406 773 2485; x_wconf 91' lang='lat' dir='ltr'>hoc,</span> <span class='ocrx_word' id='word_1_156' title='bbox 820 2409 892 2469; x_wconf 90' lang='lat' dir='ltr'>ut</span> <span class='ocrx_word' id='word_1_157' title='bbox 922 2406 1244 2489; x_wconf 87' lang='lat' dir='ltr'>piissimus</span> <span class='ocrx_word' id='word_1_158' title='bbox 1284 2409 1482 2490; x_wconf 89' lang='lat' dir='ltr'>pater,</span> <span class='ocrx_word' id='word_1_159' title='bbox 1530 2405 1632 2469; x_wconf 90' lang='lat' dir='ltr'>uel</span> <span class='ocrx_word' id='word_1_160' title='bbox 1665 2406 2102 2491; x_wconf 75' lang='lat' dir='ltr'>neglegentiae</span> <span class='ocrx_word' id='word_1_161' title='bbox 2135 2407 2528 2490; x_wconf 90' lang='lat' dir='ltr'>quorundam</span> <span class='ocrx_word' id='word_1_162' title='bbox 2558 2406 2831 2471; x_wconf 88' lang='lat' dir='ltr'>filiorum</span> 
     </span>
     <span class='ocr_line' id='line_1_20' title="bbox 540 2511 2829 2594; baseline 0.001 -20"><span class='ocrx_word' id='word_1_163' title='bbox 540 2529 795 2574; x_wconf 87' lang='lat' dir='ltr'>suorum</span> <span class='ocrx_word' id='word_1_164' title='bbox 842 2511 943 2574; x_wconf 92' lang='lat' dir='ltr'>uel</span> <span class='ocrx_word' id='word_1_165' title='bbox 989 2511 1356 2594; x_wconf 86' lang='lat' dir='ltr'>imperitiae,</span> <span class='ocrx_word' id='word_1_166' title='bbox 1416 2515 1489 2576; x_wconf 88' lang='lat' dir='ltr'>ut</span> <span class='ocrx_word' id='word_1_167' title='bbox 1542 2531 1668 2576; x_wconf 88' lang='lat' dir='ltr'>non</span> <span class='ocrx_word' id='word_1_168' title='bbox 1713 2511 2028 2577; x_wconf 86' lang='lat' dir='ltr'>laboraret</span> <span class='ocrx_word' id='word_1_169' title='bbox 2073 2512 2290 2594; x_wconf 88' lang='lat' dir='ltr'>utique</span> <span class='ocrx_word' id='word_1_170' title='bbox 2337 2512 2629 2593; x_wconf 84' lang='lat' dir='ltr'>quamuis</span> <span class='ocrx_word' id='word_1_171' title='bbox 2677 2511 2829 2576; x_wconf 87' lang='lat' dir='ltr'>sim-</span> 
     </span>
     <span class='ocr_line' id='line_1_21' title="bbox 536 2615 2926 2700; baseline -0 -21"><span class='ocrx_word' id='word_1_172' title='bbox 536 2615 679 2698; x_wconf 87' lang='lat' dir='ltr'>plex</span> <span class='ocrx_word' id='word_1_173' title='bbox 712 2619 775 2680; x_wconf 88' lang='lat' dir='ltr'>et</span> <span class='ocrx_word' id='word_1_174' title='bbox 806 2615 1100 2699; x_wconf 85' lang='lat' dir='ltr'>imperita</span> <span class='ocrx_word' id='word_1_175' title='bbox 1129 2635 1306 2680; x_wconf 86' lang='lat' dir='ltr'>mens</span> <span class='ocrx_word' id='word_1_176' title='bbox 1339 2635 1578 2698; x_wconf 81' lang='lat' dir='ltr'>capere,</span> <span class='ocrx_word' id='word_1_177' title='bbox 1627 2617 1793 2699; x_wconf 86' lang='lat' dir='ltr'>quod</span> <span class='ocrx_word' id='word_1_178' title='bbox 1838 2617 2038 2700; x_wconf 90' lang='lat' dir='ltr'>possit</span> <span class='ocrx_word' id='word_1_179' title='bbox 2083 2617 2268 2681; x_wconf 90' lang='lat' dir='ltr'>facile</span> <span class='ocrx_word' id='word_1_180' title='bbox 2301 2616 2494 2680; x_wconf 84' lang='lat' dir='ltr'>etiam</span> <span class='ocrx_word' id='word_1_181' title='bbox 2525 2617 2830 2681; x_wconf 89' lang='lat' dir='ltr'>memoria</span> <span class='ocrx_word' id='word_1_182' title='bbox 2877 2640 2926 2678; x_wconf 65' lang='grc' dir='ltr'>ιο</span> 
     </span>
     <span class='ocr_line' id='line_1_22' title="bbox 540 2720 872 2785; baseline 0 -1"><span class='ocrx_word' id='word_1_183' title='bbox 540 2720 872 2785; x_wconf 89' lang='lat' dir='ltr'>continere.</span> 
     </span>
    </p>

    <p class='ocr_par' dir='ltr' id='par_1_4' title="bbox 534 2825 2926 3536">
     <span class='ocr_line' id='line_1_23' title="bbox 624 2825 2826 2908; baseline 0.001 -20"><span class='ocrx_word' id='word_1_184' title='bbox 624 2825 773 2888; x_wconf 94' lang='grc' dir='ltr'><strong>ΙΙΠ.</strong></span> <span class='ocrx_word' id='word_1_185' title='bbox 820 2825 1012 2890; x_wconf 87' lang='lat' dir='ltr'>Uides</span> <span class='ocrx_word' id='word_1_186' title='bbox 1058 2843 1205 2908; x_wconf 91' lang='lat' dir='ltr'>ergo</span> <span class='ocrx_word' id='word_1_187' title='bbox 1250 2826 1316 2888; x_wconf 90' lang='lat' dir='ltr'>in</span> <span class='ocrx_word' id='word_1_188' title='bbox 1362 2825 1647 2908; x_wconf 79' lang='lat' dir='ltr'>symbolo</span> <span class='ocrx_word' id='word_1_189' title='bbox 1689 2827 2122 2890; x_wconf 82' lang='lat' dir='ltr'>auctoritatem</span> <span class='ocrx_word' id='word_1_190' title='bbox 2171 2825 2270 2889; x_wconf 90' lang='lat' dir='ltr'>dei</span> <span class='ocrx_word' id='word_1_191' title='bbox 2303 2845 2468 2890; x_wconf 87' lang='lat' dir='ltr'>esse:</span> <span class='ocrx_word' id='word_1_192' title='bbox 2515 2825 2826 2890; x_wconf 89' lang='lat' dir='ltr'>uerbum</span> 
     </span>
     <span class='ocr_line' id='line_1_24' title="bbox 538 2929 2828 3013; baseline 0 -19"><span class='ocrx_word' id='word_1_193' title='bbox 538 2930 707 2994; x_wconf 89' lang='lat' dir='ltr'>enim</span> <span class='ocrx_word' id='word_1_194' title='bbox 752 2929 1179 2994; x_wconf 88' lang='lat' dir='ltr'>breuiatum</span> <span class='ocrx_word' id='word_1_195' title='bbox 1224 2929 1374 2993; x_wconf 87' lang='lat' dir='ltr'>fecit</span> <span class='ocrx_word' id='word_1_196' title='bbox 1418 2930 1762 2994; x_wconf 89' lang='lat' dir='ltr'>dominus</span> <span class='ocrx_word' id='word_1_197' title='bbox 1810 2949 2031 3013; x_wconf 89' lang='lat' dir='ltr'>super</span> <span class='ocrx_word' id='word_1_198' title='bbox 2091 2935 2388 2995; x_wconf 88' lang='lat' dir='ltr'>terram.</span> <span class='ocrx_word' id='word_1_199' title='bbox 2465 2930 2579 2994; x_wconf 87' lang='lat' dir='ltr'>sed</span> <span class='ocrx_word' id='word_1_200' title='bbox 2623 2930 2828 2994; x_wconf 89' lang='lat' dir='ltr'>homi-</span> 
     </span>
     <span class='ocr_line' id='line_1_25' title="bbox 538 3034 2826 3117; baseline -0 -17"><span class='ocrx_word' id='word_1_201' title='bbox 538 3053 690 3100; x_wconf 90' lang='lat' dir='ltr'>num</span> <span class='ocrx_word' id='word_1_202' title='bbox 736 3035 1003 3099; x_wconf 87' lang='lat' dir='ltr'>fortasse</span> <span class='ocrx_word' id='word_1_203' title='bbox 1048 3034 1315 3116; x_wconf 69' lang='lat' dir='ltr'>quaeris</span> <span class='ocrx_word' id='word_1_204' title='bbox 1384 3053 1462 3098; x_wconf 91' lang='lat' dir='ltr'>ne</span> <span class='ocrx_word' id='word_1_205' title='bbox 1508 3035 1570 3098; x_wconf 91' lang='lat' dir='ltr'>id</span> <span class='ocrx_word' id='word_1_206' title='bbox 1617 3035 1866 3116; x_wconf 87' lang='lat' dir='ltr'>quidem</span> <span class='ocrx_word' id='word_1_207' title='bbox 1912 3035 2112 3099; x_wconf 87' lang='lat' dir='ltr'>deest:</span> <span class='ocrx_word' id='word_1_208' title='bbox 2167 3053 2279 3117; x_wconf 89' lang='lat' dir='ltr'>per</span> <span class='ocrx_word' id='word_1_209' title='bbox 2323 3036 2610 3099; x_wconf 91' lang='lat' dir='ltr'>homines</span> <span class='ocrx_word' id='word_1_210' title='bbox 2657 3036 2826 3099; x_wconf 91' lang='lat' dir='ltr'>enim</span> 
     </span>
     <span class='ocr_line' id='line_1_26' title="bbox 534 3139 2926 3222; baseline 0.001 -20"><span class='ocrx_word' id='word_1_211' title='bbox 534 3139 598 3202; x_wconf 92' lang='lat' dir='ltr'>id</span> <span class='ocrx_word' id='word_1_212' title='bbox 630 3139 781 3203; x_wconf 89' lang='lat' dir='ltr'>deus</span> <span class='ocrx_word' id='word_1_213' title='bbox 813 3139 979 3203; x_wconf 84' lang='lat' dir='ltr'>fecit.</span> <span class='ocrx_word' id='word_1_214' title='bbox 1040 3139 1201 3202; x_wconf 84' lang='lat' dir='ltr'>sicut</span> <span class='ocrx_word' id='word_1_215' title='bbox 1231 3139 1397 3202; x_wconf 87' lang='lat' dir='ltr'>enim</span> <span class='ocrx_word' id='word_1_216' title='bbox 1429 3139 1787 3203; x_wconf 86' lang='lat' dir='ltr'>inmensam</span> <span class='ocrx_word' id='word_1_217' title='bbox 1816 3140 1992 3203; x_wconf 90' lang='lat' dir='ltr'>illam</span> <span class='ocrx_word' id='word_1_218' title='bbox 2023 3141 2473 3222; x_wconf 87' lang='lat' dir='ltr'>scripturarum</span> <span class='ocrx_word' id='word_1_219' title='bbox 2505 3158 2826 3204; x_wconf 83' lang='lat' dir='ltr'>sacrarum</span> <span class='ocrx_word' id='word_1_220' title='bbox 2877 3165 2926 3204; x_wconf 59' lang='grc' dir='ltr'>πε</span> 
     </span>
     <span class='ocr_line' id='line_1_27' title="bbox 535 3243 2830 3326; baseline 0.001 -20"><span class='ocrx_word' id='word_1_221' title='bbox 535 3244 777 3325; x_wconf 82' lang='lat' dir='ltr'>copiam</span> <span class='ocrx_word' id='word_1_222' title='bbox 823 3263 934 3326; x_wconf 91' lang='lat' dir='ltr'>per</span> <span class='ocrx_word' id='word_1_223' title='bbox 979 3243 1364 3326; x_wconf 82' lang='lat' dir='ltr'>patriarchas</span> <span class='ocrx_word' id='word_1_224' title='bbox 1413 3247 1476 3307; x_wconf 88' lang='lat' dir='ltr'>et</span> <span class='ocrx_word' id='word_1_225' title='bbox 1519 3244 1852 3326; x_wconf 81' lang='lat' dir='ltr'>prophetas</span> <span class='ocrx_word' id='word_1_226' title='bbox 1901 3245 2172 3308; x_wconf 82' lang='lat' dir='ltr'>maxime</span> <span class='ocrx_word' id='word_1_227' title='bbox 2215 3263 2359 3308; x_wconf 88' lang='lat' dir='ltr'>suos</span> <span class='ocrx_word' id='word_1_228' title='bbox 2391 3244 2691 3324; x_wconf 80' lang='lat' dir='ltr'>condidit,</span> <span class='ocrx_word' id='word_1_229' title='bbox 2736 3245 2830 3308; x_wconf 83' lang='lat' dir='ltr'>ita</span> 
     </span>
     <span class='ocr_line' id='line_1_28' title="bbox 536 3347 2828 3431; baseline 0 -20"><span class='ocrx_word' id='word_1_230' title='bbox 536 3347 893 3430; x_wconf 84' lang='lat' dir='ltr'>symbolum</span> <span class='ocrx_word' id='word_1_231' title='bbox 938 3368 1050 3431; x_wconf 89' lang='lat' dir='ltr'>per</span> <span class='ocrx_word' id='word_1_232' title='bbox 1096 3348 1408 3430; x_wconf 85' lang='lat' dir='ltr'>apostolos</span> <span class='ocrx_word' id='word_1_233' title='bbox 1456 3367 1602 3412; x_wconf 90' lang='lat' dir='ltr'>suos</span> <span class='ocrx_word' id='word_1_234' title='bbox 1635 3349 2110 3431; x_wconf 82' lang='lat' dir='ltr'>sacerdotesque</span> <span class='ocrx_word' id='word_1_235' title='bbox 2143 3349 2490 3428; x_wconf 88' lang='lat' dir='ltr'>constituit,</span> <span class='ocrx_word' id='word_1_236' title='bbox 2538 3353 2602 3412; x_wconf 92' lang='lat' dir='ltr'>et</span> <span class='ocrx_word' id='word_1_237' title='bbox 2647 3349 2828 3431; x_wconf 91' lang='lat' dir='ltr'>quid-</span> 
     </span>
     <span class='ocr_line' id='line_1_29' title="bbox 536 3451 2826 3536; baseline 0.001 -21"><span class='ocrx_word' id='word_1_238' title='bbox 536 3451 684 3533; x_wconf 89' lang='lat' dir='ltr'>quid</span> <span class='ocrx_word' id='word_1_239' title='bbox 730 3452 857 3516; x_wconf 91' lang='lat' dir='ltr'>illic</span> <span class='ocrx_word' id='word_1_240' title='bbox 900 3470 1011 3535; x_wconf 89' lang='lat' dir='ltr'>per</span> <span class='ocrx_word' id='word_1_241' title='bbox 1066 3471 1211 3517; x_wconf 89' lang='lat' dir='ltr'>suos</span> <span class='ocrx_word' id='word_1_242' title='bbox 1256 3453 1435 3536; x_wconf 87' lang='lat' dir='ltr'>larga</span> <span class='ocrx_word' id='word_1_243' title='bbox 1496 3471 1565 3516; x_wconf 91' lang='lat' dir='ltr'>ac</span> <span class='ocrx_word' id='word_1_244' title='bbox 1627 3453 2003 3517; x_wconf 88' lang='lat' dir='ltr'>redundanti</span> <span class='ocrx_word' id='word_1_245' title='bbox 2064 3453 2244 3535; x_wconf 85' lang='lat' dir='ltr'>copia</span> <span class='ocrx_word' id='word_1_246' title='bbox 2288 3454 2598 3534; x_wconf 84' lang='lat' dir='ltr'>dilatauit,</span> <span class='ocrx_word' id='word_1_247' title='bbox 2657 3454 2826 3518; x_wconf 90' lang='lat' dir='ltr'>idem</span> 
     </span>
    </p>
   </div>
   <div class='ocr_carea' id='block_1_3' title="bbox 744 3589 1209 3659">
    <p class='ocr_par' dir='ltr' id='par_1_5' title="bbox 744 3589 1209 3659">
     <span class='ocr_line' id='line_1_30' title="bbox 744 3589 1209 3659; baseline -0.002 -14"><span class='ocrx_word' id='word_1_248' title='bbox 744 3590 833 3659; x_wconf 93' lang='grc'>11]</span> <span class='ocrx_word' id='word_1_249' title='bbox 870 3589 1021 3644; x_wconf 87' lang='lat' dir='ltr'>Rom.</span> <span class='ocrx_word' id='word_1_250' title='bbox 1048 3592 1099 3654; x_wconf 89' lang='grc'>9,</span> <span class='ocrx_word' id='word_1_251' title='bbox 1127 3591 1209 3646; x_wconf 91' lang='grc'><strong>28.</strong></span> 
     </span>
    </p>
   </div>
   <div class='ocr_carea' id='block_1_4' title="bbox 531 3711 2835 4482">
    <p class='ocr_par' dir='ltr' id='par_1_6' title="bbox 531 3711 2835 4482">
     <span class='ocr_line' id='line_1_31' title="bbox 624 3711 2824 3782; baseline 0 -15"><span class='ocrx_word' id='word_1_252' title='bbox 624 3714 650 3767; x_wconf 98' lang='grc'>1</span> <span class='ocrx_word' id='word_1_253' title='bbox 690 3713 897 3765; x_wconf 83' lang='lat' dir='ltr'>tantam</span> <span class='ocrx_word' id='word_1_254' title='bbox 924 3711 999 3766; x_wconf 88' lang='lat' dir='ltr'><strong><em>M</em></strong></span> <span class='ocrx_word' id='word_1_255' title='bbox 1096 3711 1173 3780; x_wconf 87' lang='lat' dir='ltr'>et]</span> <span class='ocrx_word' id='word_1_256' title='bbox 1212 3714 1274 3764; x_wconf 91' lang='lat' dir='ltr'>ut</span> <span class='ocrx_word' id='word_1_257' title='bbox 1306 3731 1375 3767; x_wconf 81' lang='lat' dir='ltr'>av</span> <span class='ocrx_word' id='word_1_258' title='bbox 1479 3715 1513 3768; x_wconf 85' lang='lat'>2</span> <span class='ocrx_word' id='word_1_259' title='bbox 1550 3711 1866 3766; x_wconf 82' lang='lat' dir='ltr'>alterutrum</span> <span class='ocrx_word' id='word_1_260' title='bbox 1883 3715 1950 3782; x_wconf 76' lang='grc' dir='ltr'>Ρ1</span> <span class='ocrx_word' id='word_1_261' title='bbox 2059 3712 2314 3782; x_wconf 86' lang='lat' dir='ltr'>denegem</span> <span class='ocrx_word' id='word_1_262' title='bbox 2339 3713 2418 3768; x_wconf 88' lang='lat' dir='ltr'><strong><em>M</em></strong></span> <span class='ocrx_word' id='word_1_263' title='bbox 2513 3713 2581 3767; x_wconf 89' lang='lat' dir='ltr'>do</span> <span class='ocrx_word' id='word_1_264' title='bbox 2617 3717 2824 3768; x_wconf 82' lang='lat' dir='ltr'>utrum-</span> 
     </span>
     <span class='ocr_line' id='line_1_32' title="bbox 533 3797 2835 3869; baseline 0.002 -17"><span class='ocrx_word' id='word_1_265' title='bbox 533 3799 656 3868; x_wconf 88' lang='lat' dir='ltr'>que]</span> <span class='ocrx_word' id='word_1_266' title='bbox 696 3797 762 3852; x_wconf 89' lang='lat' dir='ltr'>de</span> <span class='ocrx_word' id='word_1_267' title='bbox 800 3801 1022 3867; x_wconf 87' lang='lat' dir='ltr'>utroque</span> <span class='ocrx_word' id='word_1_268' title='bbox 1060 3800 1137 3853; x_wconf 89' lang='lat' dir='ltr'><strong><em>M</em></strong></span> <span class='ocrx_word' id='word_1_269' title='bbox 1256 3801 1289 3855; x_wconf 86' lang='lat'><strong>3</strong></span> <span class='ocrx_word' id='word_1_270' title='bbox 1326 3802 1381 3853; x_wconf 89' lang='lat' dir='ltr'>et</span> <span class='ocrx_word' id='word_1_271' title='bbox 1416 3799 1547 3869; x_wconf 89' lang='lat' dir='ltr'>quid</span> <span class='ocrx_word' id='word_1_272' title='bbox 1586 3799 1815 3854; x_wconf 84' lang='lat' dir='ltr'>concedo</span> <span class='ocrx_word' id='word_1_273' title='bbox 1850 3818 1953 3856; x_wconf 85' lang='lat' dir='ltr'>om.</span> <span class='ocrx_word' id='word_1_274' title='bbox 1990 3801 2058 3856; x_wconf 89' lang='lat' dir='ltr'><em>N</em></span> <span class='ocrx_word' id='word_1_275' title='bbox 2181 3799 2376 3854; x_wconf 86' lang='lat' dir='ltr'>ducam</span> <span class='ocrx_word' id='word_1_276' title='bbox 2411 3803 2500 3856; x_wconf 70' lang='grc' dir='ltr'>Ν2</span> <span class='ocrx_word' id='word_1_277' title='bbox 2623 3802 2721 3856; x_wconf 85' lang='lat' dir='ltr'>etsi</span> <span class='ocrx_word' id='word_1_278' title='bbox 2757 3803 2835 3856; x_wconf 98' lang='lat' dir='ltr'><strong><em>M</em></strong></span> 
     </span>
     <span class='ocr_line' id='line_1_33' title="bbox 531 3885 2823 3958; baseline -0.001 -14"><span class='ocrx_word' id='word_1_279' title='bbox 531 3891 563 3944; x_wconf 80' lang='lat'><strong><em>4</em></strong></span> <span class='ocrx_word' id='word_1_280' title='bbox 602 3885 829 3940; x_wconf 87' lang='lat' dir='ltr'>simbolo</span> <span class='ocrx_word' id='word_1_281' title='bbox 858 3905 903 3956; x_wconf 99' lang='grc' dir='ltr'><em>Ρ</em></span> <span class='ocrx_word' id='word_1_282' title='bbox 1040 3886 1372 3941; x_wconf 82' lang='lat' dir='ltr'>uoluntarias</span> <span class='ocrx_word' id='word_1_283' title='bbox 1408 3889 1476 3943; x_wconf 91' lang='lat' dir='ltr'><strong><em>N</em></strong></span> <span class='ocrx_word' id='word_1_284' title='bbox 1476 3889 1491 3923; x_wconf 89' lang='lat'><strong>¹</strong></span> <span class='ocrx_word' id='word_1_285' title='bbox 1635 3891 1666 3943; x_wconf 80' lang='lat'><strong>7</strong></span> <span class='ocrx_word' id='word_1_286' title='bbox 1705 3885 1922 3957; x_wconf 70' lang='lat' dir='ltr'>sybolus</span> <span class='ocrx_word' id='word_1_287' title='bbox 1957 3889 2025 3943; x_wconf 91' lang='lat' dir='ltr'><strong><em>N</em></strong></span> <span class='ocrx_word' id='word_1_288' title='bbox 2157 3887 2432 3958; x_wconf 85' lang='lat' dir='ltr'>symbolus</span> <span class='ocrx_word' id='word_1_289' title='bbox 2471 3891 2576 3958; x_wconf 82' lang='grc' dir='ltr'>ΜΡ</span> <span class='ocrx_word' id='word_1_290' title='bbox 2705 3888 2823 3942; x_wconf 90' lang='lat' dir='ltr'>ideo</span> 
     </span>
     <span class='ocr_line' id='line_1_34' title="bbox 534 3973 2824 4047; baseline 0 -19"><span class='ocrx_word' id='word_1_291' title='bbox 534 3977 715 4028; x_wconf 78' lang='lat' dir='ltr'>autem</span> <span class='ocrx_word' id='word_1_292' title='bbox 742 3993 787 4044; x_wconf 87' lang='grc' dir='ltr'><em>Ρ</em></span> <span class='ocrx_word' id='word_1_293' title='bbox 893 3976 926 4030; x_wconf 90' lang='lat'>8</span> <span class='ocrx_word' id='word_1_294' title='bbox 962 3973 1019 4028; x_wconf 91' lang='lat' dir='ltr'>in</span> <span class='ocrx_word' id='word_1_295' title='bbox 1055 3991 1223 4028; x_wconf 89' lang='lat' dir='ltr'>unum</span> <span class='ocrx_word' id='word_1_296' title='bbox 1258 3974 1453 4029; x_wconf 84' lang='lat' dir='ltr'>collata</span> <span class='ocrx_word' id='word_1_297' title='bbox 1485 3994 1555 4031; x_wconf 81' lang='lat' dir='ltr'>av</span> <span class='ocrx_word' id='word_1_298' title='bbox 1660 3979 1693 4031; x_wconf 88' lang='grc'><strong>9</strong></span> <span class='ocrx_word' id='word_1_299' title='bbox 1727 3975 1980 4044; x_wconf 90' lang='lat' dir='ltr'>quicquid</span> <span class='ocrx_word' id='word_1_300' title='bbox 2011 3995 2053 4046; x_wconf 87' lang='grc' dir='ltr'><em>Ρ</em></span> <span class='ocrx_word' id='word_1_301' title='bbox 2163 3978 2222 4032; x_wconf 96' lang='grc'>11</span> <span class='ocrx_word' id='word_1_302' title='bbox 2265 3975 2520 4029; x_wconf 72' lang='grc' dir='ltr'>εοοῖιᾱιιηι</span> <span class='ocrx_word' id='word_1_303' title='bbox 2549 3995 2594 4047; x_wconf 82' lang='lat' dir='ltr'>p</span> <span class='ocrx_word' id='word_1_304' title='bbox 2701 3991 2824 4030; x_wconf 88' lang='lat' dir='ltr'>con-</span> 
     </span>
     <span class='ocr_line' id='line_1_35' title="bbox 534 4061 2822 4134; baseline 0.001 -20"><span class='ocrx_word' id='word_1_305' title='bbox 534 4077 753 4116; x_wconf 79' lang='lat' dir='ltr'>sumans</span> <span class='ocrx_word' id='word_1_306' title='bbox 790 4063 957 4132; x_wconf 89' lang='grc' dir='ltr'>ΝΜΡ</span> <span class='ocrx_word' id='word_1_307' title='bbox 1082 4065 1150 4118; x_wconf 82' lang='lat'>14</span> <span class='ocrx_word' id='word_1_308' title='bbox 1188 4061 1452 4132; x_wconf 86' lang='lat' dir='ltr'>dupplicis</span> <span class='ocrx_word' id='word_1_309' title='bbox 1480 4083 1525 4134; x_wconf 88' lang='grc' dir='ltr'><em>Ρ</em></span> <span class='ocrx_word' id='word_1_310' title='bbox 1653 4066 1718 4120; x_wconf 90' lang='grc'>16</span> <span class='ocrx_word' id='word_1_311' title='bbox 1755 4063 2010 4133; x_wconf 87' lang='lat' dir='ltr'>condens]</span> <span class='ocrx_word' id='word_1_312' title='bbox 2049 4063 2369 4118; x_wconf 88' lang='lat' dir='ltr'>concludens</span> <span class='ocrx_word' id='word_1_313' title='bbox 2406 4065 2482 4119; x_wconf 90' lang='lat' dir='ltr'><strong><em>M</em></strong></span> <span class='ocrx_word' id='word_1_314' title='bbox 2598 4067 2662 4120; x_wconf 83' lang='lat'>17</span> <span class='ocrx_word' id='word_1_315' title='bbox 2700 4081 2822 4118; x_wconf 89' lang='lat' dir='ltr'>con-</span> 
     </span>
     <span class='ocr_line' id='line_1_36' title="bbox 532 4148 2822 4223; baseline 0.002 -21"><span class='ocrx_word' id='word_1_316' title='bbox 532 4149 735 4220; x_wconf 83' lang='lat' dir='ltr'>sulens]</span> <span class='ocrx_word' id='word_1_317' title='bbox 781 4148 1100 4204; x_wconf 83' lang='lat' dir='ltr'>concludens</span> <span class='ocrx_word' id='word_1_318' title='bbox 1138 4152 1212 4205; x_wconf 90' lang='lat' dir='ltr'><strong><em>M</em></strong></span> <span class='ocrx_word' id='word_1_319' title='bbox 1349 4155 1414 4206; x_wconf 88' lang='lat'>19</span> <span class='ocrx_word' id='word_1_320' title='bbox 1459 4149 1667 4205; x_wconf 87' lang='lat' dir='ltr'>laboret</span> <span class='ocrx_word' id='word_1_321' title='bbox 1703 4153 1778 4206; x_wconf 88' lang='grc' dir='ltr'><em>Μ</em></span> <span class='ocrx_word' id='word_1_322' title='bbox 1909 4153 1978 4207; x_wconf 88' lang='grc'><strong>20</strong></span> <span class='ocrx_word' id='word_1_323' title='bbox 2015 4151 2301 4219; x_wconf 77' lang='lat' dir='ltr'>memoriae</span> <span class='ocrx_word' id='word_1_324' title='bbox 2338 4153 2405 4207; x_wconf 90' lang='lat' dir='ltr'><em>N</em></span> <span class='ocrx_word' id='word_1_325' title='bbox 2495 4152 2748 4223; x_wconf 74' lang='lat' dir='ltr'>memorie</span> <span class='ocrx_word' id='word_1_326' title='bbox 2775 4169 2822 4221; x_wconf 76' lang='grc' dir='ltr'><em>Ρ</em></span> 
     </span>
     <span class='ocr_line' id='line_1_37' title="bbox 532 4237 2822 4295; baseline -0.001 -3"><span class='ocrx_word' id='word_1_327' title='bbox 532 4239 595 4292; x_wconf 87' lang='grc'>21</span> <span class='ocrx_word' id='word_1_328' title='bbox 624 4237 882 4290; x_wconf 86' lang='lat' dir='ltr'>contineri</span> <span class='ocrx_word' id='word_1_329' title='bbox 907 4239 1009 4293; x_wconf 84' lang='lat' dir='ltr'><strong><em>Mv</em></strong></span> <span class='ocrx_word' id='word_1_330' title='bbox 1113 4240 1182 4293; x_wconf 85' lang='lat'>22</span> <span class='ocrx_word' id='word_1_331' title='bbox 1207 4237 1433 4291; x_wconf 89' lang='lat' dir='ltr'>simbolo</span> <span class='ocrx_word' id='word_1_332' title='bbox 1458 4240 1535 4293; x_wconf 89' lang='lat' dir='ltr'><strong><em>M</em></strong></span> <span class='ocrx_word' id='word_1_333' title='bbox 1631 4242 1699 4294; x_wconf 87' lang='grc'><strong>23</strong></span> <span class='ocrx_word' id='word_1_334' title='bbox 1723 4239 1884 4292; x_wconf 81' lang='lat' dir='ltr'>faciet</span> <span class='ocrx_word' id='word_1_335' title='bbox 1908 4240 2008 4293; x_wconf 90' lang='lat' dir='ltr'><strong><em>Mv</em></strong></span> <span class='ocrx_word' id='word_1_336' title='bbox 2106 4241 2176 4294; x_wconf 84' lang='grc'><strong>24</strong></span> <span class='ocrx_word' id='word_1_337' title='bbox 2198 4238 2422 4292; x_wconf 73' lang='grc' dir='ltr'>11οωίηό</span> <span class='ocrx_word' id='word_1_338' title='bbox 2441 4241 2516 4294; x_wconf 88' lang='grc' dir='ltr'><em>Μ</em></span> <span class='ocrx_word' id='word_1_339' title='bbox 2600 4243 2668 4295; x_wconf 88' lang='grc'>25</span> <span class='ocrx_word' id='word_1_340' title='bbox 2695 4238 2822 4292; x_wconf 85' lang='lat' dir='ltr'>deus</span> 
     </span>
     <span class='ocr_line' id='line_1_38' title="bbox 532 4323 2820 4395; baseline 0 -19"><span class='ocrx_word' id='word_1_341' title='bbox 532 4323 589 4376; x_wconf 90' lang='lat' dir='ltr'>id</span> <span class='ocrx_word' id='word_1_342' title='bbox 616 4342 663 4394; x_wconf 89' lang='grc' dir='ltr'><em>Ρ</em></span> <span class='ocrx_word' id='word_1_343' title='bbox 754 4325 883 4378; x_wconf 84' lang='lat' dir='ltr'>deus</span> <span class='ocrx_word' id='word_1_344' title='bbox 920 4343 1022 4381; x_wconf 85' lang='lat' dir='ltr'>om.</span> <span class='ocrx_word' id='word_1_345' title='bbox 1061 4344 1099 4380; x_wconf 87' lang='lat' dir='ltr'>a</span> <span class='ocrx_word' id='word_1_346' title='bbox 1222 4326 1544 4395; x_wconf 86' lang='lat' dir='ltr'>inmensam]</span> <span class='ocrx_word' id='word_1_347' title='bbox 1583 4328 1888 4380; x_wconf 88' lang='lat' dir='ltr'>uniuersam</span> <span class='ocrx_word' id='word_1_348' title='bbox 1925 4345 1961 4380; x_wconf 86' lang='lat' dir='ltr'>a</span> <span class='ocrx_word' id='word_1_349' title='bbox 2085 4341 2290 4378; x_wconf 84' lang='lat' dir='ltr'>sacram</span> <span class='ocrx_word' id='word_1_350' title='bbox 2328 4327 2404 4381; x_wconf 90' lang='lat' dir='ltr'><strong><em>M</em></strong></span> <span class='ocrx_word' id='word_1_351' title='bbox 2519 4329 2588 4382; x_wconf 86' lang='grc'><strong>27</strong></span> <span class='ocrx_word' id='word_1_352' title='bbox 2625 4325 2820 4378; x_wconf 83' lang='lat' dir='ltr'>simbo-</span> 
     </span>
     <span class='ocr_line' id='line_1_39' title="bbox 532 4410 2477 4482; baseline 0.002 -19"><span class='ocrx_word' id='word_1_353' title='bbox 532 4410 649 4464; x_wconf 90' lang='lat' dir='ltr'>lum</span> <span class='ocrx_word' id='word_1_354' title='bbox 686 4413 791 4482; x_wconf 81' lang='grc' dir='ltr'>ΜΡ</span> <span class='ocrx_word' id='word_1_355' title='bbox 898 4411 1151 4480; x_wconf 84' lang='lat' dir='ltr'>quicquid</span> <span class='ocrx_word' id='word_1_356' title='bbox 1178 4431 1262 4482; x_wconf 87' lang='grc' dir='ltr'>Ρα</span> <span class='ocrx_word' id='word_1_357' title='bbox 1366 4416 1435 4468; x_wconf 88' lang='grc'><strong>28</strong></span> <span class='ocrx_word' id='word_1_358' title='bbox 1472 4413 1836 4468; x_wconf 85' lang='lat' dir='ltr'>redundancia</span> <span class='ocrx_word' id='word_1_359' title='bbox 1871 4415 1946 4468; x_wconf 84' lang='lat' dir='ltr'><strong><em>M</em></strong></span> <span class='ocrx_word' id='word_1_360' title='bbox 2007 4411 2405 4481; x_wconf 73' lang='lat' dir='ltr'>redcdundanti</span> <span class='ocrx_word' id='word_1_361' title='bbox 2433 4431 2477 4482; x_wconf 84' lang='grc' dir='ltr'><em>Ρ</em></span> 
     </span>
    </p>
   </div>
   <div class='ocr_carea' id='block_1_5' title="bbox 3116 2813 3124 3398">
    <p class='ocr_par' dir='ltr' id='par_1_7' title="bbox 3116 2813 3124 3398">
     <span class='ocr_line' id='line_1_40' title="bbox 3116 2813 3124 3398; baseline 0 0"><span class='ocrx_word' id='word_1_362' title='bbox 3116 2813 3124 3398; x_wconf 95' lang='lat' dir='ltr'> </span> 
     </span>
    </p>
   </div>
  </div>
 </body>
</html>
