3167 4975
1161 459 1318 514 Inst.
1359 459 1468 516 lib.
1507 459 1631 524 ΧΠ,
1674 463 1895 517 12—15.
2546 461 2675 526 215

383 639 652 704 conferri
699 641 780 719 et,
829 643 899 704 ut
942 638 1150 704 uerbis
1197 637 1462 722 apostoli
1499 637 1740 720 loquar,
1786 638 2139 704 uolentibus
2188 643 2253 704 et
2281 639 2675 706 currentibus

381 744 664 828 inpertiri
727 743 1070 808 secundum
1131 743 1306 823 illud,
1371 742 1536 824 quod
1583 744 1777 808 etiam
1836 744 1901 808 in
1947 745 2191 827 psalmo
2251 745 2675 828 octogensimo

381 853 601 913 octauo
665 867 738 912 ex
797 867 1066 933 persona
1125 848 1222 912 dei
1284 851 1603 912 cantatur:
1664 849 1879 931 posui
1938 848 2393 914 adiutorium
2456 868 2675 932 super

381 955 813 1037 potentem:
873 959 946 1017 et
989 953 1316 1018 exaltaui
1363 952 1689 1016 electum
1745 953 1829 1016 de
1884 953 2103 1036 plebe
2160 972 2338 1018 mea.
2416 955 2679 1018 dicimus
2730 963 2764 1016 2

301 1083 327 1121 5
383 1058 551 1122 enim
629 1057 972 1122 secundum
1050 1058 1379 1123 saluatoris
1451 1057 1831 1121 sententiam
1892 1057 2025 1122 dari
2092 1059 2342 1140 quidem
2410 1059 2677 1142 petenti-

277 1607 327 1646 10

274 2129 326 2170 15

265 3180 324 3221 25

381 1163 521 1242 buS,
585 1163 809 1246 aperiri
868 1162 1265 1246 pulsantibus
1327 1165 1392 1226 et
1449 1179 1485 1226 a
1541 1162 1991 1244 quaerentibus
2050 1163 2336 1244 inueniri,
2400 1164 2508 1227 sed
2567 1184 2677 1247 pe-

381 1267 671 1332 titionem
735 1271 800 1332 et
867 1267 1338 1350 inquisitionem
1409 1271 1472 1332 et
1532 1267 1950 1350 pulsationem
2014 1272 2293 1332 nostram
2354 1285 2479 1332 non
2540 1287 2677 1334 esse

382 1373 778 1456 condignam,
835 1373 952 1437 nisi
1007 1371 1431 1436 misericordia
1476 1371 1572 1436 dei
1620 1372 1682 1435 id
1728 1371 1891 1454 quod
1945 1373 2216 1454 petimus
2279 1373 2517 1436 dederit
2574 1374 2679 1438 uel

383 1477 698 1561 aperuerit
771 1476 934 1560 quod
1009 1477 1336 1559 pulsamus
1413 1477 1515 1540 uel
1582 1476 1737 1540 illud
1805 1477 1970 1558 quod
2038 1478 2393 1558 quaerimus
2460 1477 2678 1542 fecerit

380 1582 664 1646 inueniri.
741 1585 991 1664 praesto
1055 1585 1151 1646 est
1210 1599 1516 1664 namque,
1579 1581 1900 1646 occasione
1962 1579 2081 1644 sibi
2144 1581 2579 1646 tantummodo
2640 1600 2677 1646 a

381 1685 560 1756 nobis
608 1686 809 1751 bonae
854 1687 1198 1751 uoluntatis
1245 1686 1474 1766 oblata,
1522 1685 1602 1750 ad
1642 1686 1798 1749 haec
1843 1688 2052 1750 omnia
2082 1686 2477 1755 conferenda.
2542 1706 2677 1751 am-

381 1791 546 1874 plius
609 1791 778 1854 enim
833 1791 938 1855 ille
1000 1809 1192 1872 quam
1253 1808 1366 1854 nos
1426 1791 1877 1872 perfectionem
1940 1790 2333 1873 salutemque
2394 1795 2677 1856 nostram

381 1895 696 1960 desiderat
749 1899 813 1959 et
857 1899 1161 1979 expectat.
1247 1898 1311 1959 et
1365 1895 1428 1957 in
1476 1899 1727 1958 tantum
1772 1893 1999 1958 beatus
2046 1895 2253 1960 Dauid
2297 1899 2677 1978 prouentum
2728 1905 2763 1958 3

381 2000 479 2063 sui
509 2001 711 2082 operis
745 2018 817 2064 ac
846 2000 1079 2065 laboris
1111 1999 1360 2083 propria
1388 2002 1639 2063 tantum
1672 1999 1979 2064 industria
2027 2017 2149 2064 non
2181 2018 2365 2083 posse
2413 2005 2677 2065 nouerat

380 2104 672 2185 obtineri,
733 2109 805 2170 ut
865 2123 904 2169 a
962 2105 1212 2170 domino
1258 2105 1601 2186 promereri
1647 2103 2058 2168 directionem
2114 2121 2370 2168 suorum
2417 2123 2677 2188 operum

379 2210 604 2274 iterata
631 2229 812 2293 prece
840 2210 1202 2293 deposceret
1234 2209 1479 2272 dicens:
1514 2211 1584 2272 et
1616 2225 1839 2291 opera
1869 2226 2217 2272 manuum
2248 2213 2675 2274 nostrarum

381 2313 622 2396 dirige
669 2333 892 2397 super
939 2332 1090 2394 noS,
1153 2317 1224 2376 et
1269 2331 1452 2396 opus
1513 2330 1865 2378 manuum
1926 2316 2361 2378 nostrarum
2416 2314 2676 2398 dirige,

381 2423 444 2482 et
473 2437 753 2483 rursum:
797 2419 1164 2483 confirma
1195 2417 1371 2482 deus
1403 2418 1558 2499 hoc,
1608 2417 1801 2501 quod
1832 2423 2183 2501 operatus
2217 2437 2291 2482 es
2332 2419 2405 2484 in
2438 2418 2673 2483 nobis,

468 2525 604 2589 XV.
637 2525 912 2606 Ideoque
943 2524 996 2587 si
1043 2524 1121 2587 ad
1153 2542 1368 2587 ueram
1401 2524 2011 2587 consummationem
2046 2524 2353 2589 uirtutum
2383 2524 2677 2589 uolumus

381 2630 606 2694 effectu
655 2633 718 2693 et
762 2648 946 2713 opere
990 2628 1340 2711 peruenire,
1389 2628 1512 2691 illis
1560 2627 1861 2691 debemus
1911 2628 2311 2710 adquiescere
2358 2630 2675 2713 magistris

381 2754 454 2800 ac
497 2734 782 2813 ducibuS,
842 2732 948 2815 qui
993 2732 1158 2797 hanc
1219 2750 1340 2797 non
1405 2732 1742 2814 uaniloqua
1787 2732 2208 2815 disputatione
2270 2734 2675 2813 somnianteS‚

380 2841 489 2904 sed
541 2858 610 2903 re
657 2842 844 2921 atque
905 2837 1344 2920 experimentis
1392 2836 1930 2919 adprehendentes
1993 2855 2105 2901 nos
2153 2856 2399 2919 quoque
2455 2839 2674 2903 docere

380 2948 568 3027 atque
615 2944 690 3007 ad
725 2962 864 3007 eam
898 2942 1165 3025 dirigere
1199 2941 1485 3005 similiter
1515 2946 1783 3024 possunt
1814 2944 1877 3005 et
1910 2941 2101 3022 uiam,
2148 2942 2677 3023 quemadmodum

378 3048 822 3133 perueniamus
870 3048 948 3111 ad
995 3064 1156 3126 eam,
1219 3046 1570 3109 certissimo
1616 3046 1871 3110 tramite
1933 3046 2382 3128 demonstrare,
2446 3048 2675 3130 quique

380 3155 456 3219 ad
505 3153 668 3218 hanc
713 3152 834 3215 fide
881 3172 948 3215 se
994 3151 1202 3234 potius
1249 3152 1613 3233 peruenisse
1660 3169 1848 3232 quam
1895 3151 2181 3215 laborum
2230 3151 2451 3216 merito
2484 3156 2677 3217 testa-

379 3259 628 3322 bantur.
707 3257 935 3339 quibus
998 3256 1188 3320 etiam
1257 3256 1374 3319 hoc
1442 3256 1852 3338 praecipuum
1921 3256 2019 3319 sui
2089 3256 2292 3320 cordis
2362 3256 2677 3338 adquisita

377 3364 618 3447 puritas
687 3360 1068 3441 conferebat,
1139 3364 1208 3424 ut
1267 3361 1468 3444 magis
1539 3360 1865 3444 magisque
1934 3380 2001 3423 se
2068 3360 2331 3443 deprimi
2398 3362 2675 3443 peccatis

379 3470 793 3551 agnoscerent
846 3464 1055 3547 (tant-a
1115 3483 1388 3547 namque
1451 3465 1516 3529 in
1564 3464 1655 3529 eis
1701 3464 2072 3529 delictorum
2132 3465 2505 3547 conpunctio
2565 3484 2675 3549 per

593 3658 643 3725 1]
683 3658 749 3711 cf.
785 3658 937 3711 Rom.
975 3660 1022 3718 9,
1067 3660 1143 3711 16.
1252 3656 1308 3725 3]
1347 3655 1434 3709 Ps.
1471 3661 1554 3719 88,
1590 3659 1672 3710 20.
1784 3656 1839 3723 5]
1879 3654 1947 3709 cf.
1983 3654 2175 3709 Matth.
2215 3657 2263 3719 7,
2298 3656 2345 3709 7.
2458 3654 2547 3723 16]
2584 3654 2671 3708 Ps.

377 3748 462 3809 89,
493 3748 571 3801 17.
687 3744 773 3813 18]
811 3743 898 3797 Ps.
926 3746 1008 3806 67,
1036 3746 1117 3799 29.

464 3907 497 3959 2
523 3902 846 3971 octogesimo
878 3902 1006 3957 621,
1077 3900 1410 3955 LXXXVIII
1437 3900 1557 3955 HT
1654 3903 1687 3955 3
1713 3900 1923 3953 canitur
1947 3901 2001 3955 L
2096 3916 2255 3969 snper
2277 3904 2551 3969 potentem
2577 3899 2676 3967 (ἐπὶ

376 3990 601 4059 δυνατόν)
626 3992 707 4046 L:
738 3990 798 4043 in
821 3992 1038 4059 potente
1069 3990 1240 4044 G¹Hv
1275 3995 1324 4043 et
1358 3988 1512 4057 Παῖς.
1588 3987 1643 4041 in
1670 3990 1943 4056 potentem
1980 3988 2157 4043 G²ST
2257 3992 2289 4042 6
2314 3987 2539 4057 apperiri
2566 3988 2682 4044 HS

376 4080 582 4149 aperire
609 4078 684 4133 L¹
781 4080 811 4132 7
837 4077 1228 4146 inquestionem
1250 4077 1317 4130 H
1382 4078 1416 4131 8
1442 4073 1534 4128 dni
1559 4076 1613 4130 L
1710 4078 1775 4130 10
1800 4074 2099 4128 occassione
2122 4076 2187 4130 H
2242 4075 2570 4129 occasionem
2597 4077 2673 4131 L¹

379 4170 447 4223 13
472 4168 740 4237 exspectat
769 4166 912 4221 G¹H
930 4166 1067 4231 (mn
1093 4165 1158 4230 S)
1261 4166 1324 4219 15
1349 4162 1590 4217 obteneri
1617 4164 1684 4217 H
1751 4162 1979 4231 optineri
2010 4162 2084 4217 6²
2196 4164 2259 4217 16
2290 4162 2569 4231 deposcere
2598 4164 2673 4218 G²

379 4257 446 4311 18
473 4254 572 4307 diis
599 4254 682 4308 Η1
771 4253 874 4306 hoc
898 4252 1028 4305 deus
1057 4252 1131 4307 Sv
1154 4257 1204 4305 ct
1237 4252 1391 4321 Uala.
1483 4252 1552 4305 20
1579 4250 1772 4303 affectu
1800 4250 1867 4304 H
1956 4248 2031 4319 et]
2060 4252 2153 4302 aut
2178 4251 2231 4303 L
2322 4252 2389 4304 22
2416 4248 2584 4318 adque
2612 4250 2682 4306 H

375 4340 445 4395 ad
471 4342 547 4396 L¹
643 4342 712 4396 23
737 4338 985 4394 similiter
1009 4357 1108 4395 own.
1130 4339 1183 4393 L
1281 4338 1356 4407 et]
1385 4340 1445 4391 ut
1471 4338 1546 4391 L¹
1642 4336 2115 4405 quemammodum
2141 4337 2215 4390 L¹
2310 4340 2379 4391 25
2404 4336 2569 4390 fidem
2594 4338 2671 4392 L¹

375 4446 432 4482 se
457 4426 563 4481 fide
589 4429 658 4483 H
757 4430 826 4483 26
851 4426 955 4497 sui]
983 4426 1026 4479 si
1063 4427 1138 4481 L*
1247 4424 1525 4495 adquesita
1549 4426 1633 4479 11¹
1741 4427 1809 4481 28
1842 4424 2170 4493 ignoscerint
2197 4424 2263 4478 H
2364 4426 2569 4479 tantam
2598 4424 2671 4480 L¹
