3167 4975
1219 417 1380 470 Inst.
1417 415 1526 470 lib.
1565 415 1697 479 1111,
1724 417 1807 470 43.
1846 415 1908 469 V.
2610 416 2691 478 79

489 593 562 656 V.
613 593 788 672 Quod
839 609 964 656 non
996 593 1196 676 possit
1243 591 1320 656 ab
1370 593 1663 656 omnibus
1696 591 2027 656 uniformis
2072 590 2445 654 ieiuniorum
2476 592 2695 674 regula

405 697 722 762 custodiri.

489 802 596 866 VI.
647 801 824 882 Quod
872 820 996 867 non
1043 803 1174 866 solo
1223 802 1369 866 uino
1417 821 1597 866 mens
1644 801 2007 865 inebrietur.

491 907 631 970 VII.
682 905 819 986 Qua
862 907 1104 970 ratione
1149 907 1484 972 infirmitas
1532 907 1740 970 carnis
1785 906 2129 988 puritatem
2174 905 2376 970 cordis
2424 909 2693 988 nequeat

327 1038 354 1076 5
407 1011 703 1095 inpedire.

490 1116 663 1180 VIII.
715 1117 894 1196 Quod
925 1134 1035 1200 pro
1081 1097 1394 1200 perfectae
1426 1116 1851 1180 continentiae
1896 1114 2021 1180 fine
2062 1133 2207 1180 esca
2251 1115 2559 1180 sumenda
2588 1115 2691 1178 sit.

493 1221 695 1284 VIIII.
745 1221 840 1284 De
883 1239 1180 1285 mensura
1210 1221 1699 1306 castigationum
1732 1221 2265 1284 adsumendarum
2294 1220 2692 1302 remedioque

405 1327 636 1392 ieiunii.

491 1433 566 1496 X.
615 1432 718 1496 Ad
765 1433 1272 1512 conseruandam⁸
1293 1432 1524 1495 mentis
1573 1434 1637 1494 et
1668 1431 1941 1514 corporis
1988 1431 2329 1514 puritatem
2370 1430 2695 1495 abstinen-

303 1563 354 1600 ιο
409 1539 560 1602 tiam
607 1538 890 1602 ciborum
935 1556 1062 1602 non
1105 1555 1290 1621 posse
1337 1535 1642 1600 sufficere.

489 1643 600 1707 XI.
650 1642 1206 1726 concupiscentias
1254 1643 1526 1725 corporis
1571 1660 1699 1705 non
1746 1641 2027 1724 extingui
2073 1641 2197 1704 nisi
2235 1659 2381 1704 cum
2412 1641 2696 1704 omnium

407 1749 852 1832 exstirpatione
897 1749 1218 1813 uitiorum.

492 1853 634 1916 XII.
693 1853 788 1917 De
847 1871 1046 1936 agone
1108 1851 1342 1916 carnali
1405 1851 1599 1916 etiam
1660 1851 1963 1934 spiritalis
2010 1851 2227 1935 agonis
2276 1850 2696 1914 imitationem

407 1977 544 2022 esse
591 1958 982 2022 sumendam.
2658 1969 2663 1984 ·

308 2083 358 2121 15
494 2063 669 2126 XIII.
721 2062 920 2142 Quod,
983 2062 1104 2126 nisi
1164 2062 1348 2146 gulae
1402 2061 1710 2126 fuerimus
1756 2062 1911 2126 uitio
1968 2061 2239 2140 liberati,
2300 2079 2697 2143 nequaquam

410 2187 744 2250 possumus
791 2168 867 2230 ad
913 2185 1158 2251 pugnas
1205 2166 1517 2230 interioris
1563 2167 1838 2231 hominis
1882 2167 2231 2249 peruenire.

495 2272 704 2336 XIIII.
757 2271 1077 2352 Quomodo
1123 2271 1323 2355 possit
1367 2272 1552 2354 gulae
1599 2271 2107 2353 concupiscentia
2153 2271 2449 2353 superari.

495 2377 630 2440 XV.
695 2375 1016 2456 Quomodo
1063 2377 1143 2440 ad
1203 2376 1677 2440 custodiendam
1741 2376 1941 2440 cordis
2006 2376 2101 2439 sui
2160 2376 2503 2458 puritatem
2564 2393 2697 2438 mo-

411 2481 650 2546 nachus
697 2502 832 2546 esse
880 2481 1106 2547 debeat
1151 2500 1396 2566 semper
1441 2481 1744 2545 intentus,

307 2616 360 2655 ευ
497 2586 664 2650 XVI.
716 2586 892 2667 Quod
923 2587 1270 2650 monachus
1304 2586 1649 2650 secundum
1683 2586 2033 2669 Olympiaci
2063 2585 2425 2649 certaminis
2458 2604 2699 2649 morem

413 2710 535 2755 non
595 2692 796 2774 possit
856 2691 1169 2774 spiritales
1231 2690 1532 2755 conficere
1592 2709 1871 2774 pugnas,
1940 2690 2063 2754 nisi
2131 2690 2475 2754 obtinuerit
2532 2689 2701 2753 bella

412 2797 704 2861 carnalia.

497 2900 699 2964 XVII.
749 2899 927 2980 Quod
965 2900 1449 2964 fundamentum
1482 2918 1552 2964 ac
1582 2899 1755 2964 basis
1791 2899 2089 2983 spiritalis
2124 2899 2341 2982 agonis
2374 2898 2438 2962 in
2470 2898 2700 2982 gastri-

415 3006 690 3089 margiae
737 3005 822 3069 sit
866 3006 1208 3069 certamine
1255 3006 1597 3069 conlocata.

311 3138 362 3177 95
501 3109 734 3173 XVIII.
785 3109 906 3173 Per
951 3114 1102 3191 quot
1146 3128 1378 3192 genera
1421 3110 1839 3173 certaminum
1872 3112 2059 3189 atque
2088 3108 2441 3191 palmarum
2472 3106 2697 3171 beatus

415 3216 734 3297 apostolus
781 3214 858 3277 ad
905 3231 1197 3278 coronam
1245 3213 1685 3277 sublimissimi
1732 3214 1951 3296 agonis
1999 3212 2368 3275 ascenderit.

499 3318 768 3383 XVIIII.
817 3318 994 3399 Quod
1027 3319 1283 3382 athletis
1317 3318 1570 3399 Christi,
1604 3318 1798 3381 donec
1830 3318 1895 3381 in
1927 3336 2180 3400 corpore
2212 3321 2699 3397 commorantur,

412 3442 624 3507 pugna
667 3442 794 3487 non
841 3424 1019 3487 desit.

497 3528 632 3592 XX.
684 3526 860 3609 Quod
920 3546 1046 3591 non
1107 3528 1333 3592 debeat
1377 3528 1723 3591 monachus
1771 3526 2060 3591 sumendi
2120 3526 2244 3589 cibi
2300 3530 2547 3609 tempus
2596 3544 2698 3589 ex-

310 3662 360 3698 ao
413 3634 648 3713 cedere,
712 3633 766 3695 si
827 3633 968 3695 uult
1028 3633 1102 3696 ad
1165 3651 1410 3716 pugnas
1475 3632 1843 3696 interiorum
1890 3632 2306 3695 certaminum
2352 3630 2695 3713 peruenire.

495 3860 526 3913 3
562 3858 736 3913 solum
773 3858 842 3912 H
951 3857 1245 3911 inebriatur
1282 3858 1424 3913 HTv
1547 3858 1580 3913 4
1616 3858 1849 3927 puritate
1886 3856 1939 3911 L
2059 3860 2221 3929 queat
2257 3858 2311 3911 L
2436 3860 2468 3910 6
2506 3872 2608 3925 quo
2645 3858 2699 3911 L

411 3962 506 4015 pro
543 3964 644 4001 om.
672 3946 740 4001 H
839 3949 869 4001 7
911 3946 1248 4013 remediaque
1285 3946 1338 3999 L
1445 3946 1478 3999 9
1515 3944 1867 3999 abstinentiae
1904 3946 2013 3999 LT
2116 3948 2181 3999 12
2217 3944 2563 4013 extirpatione
2588 3946 2705 3998 HT

328 4084 334 4089 .
417 4036 480 4088 13
517 4032 782 4101 spiritales
819 4048 1014 4099 agones
1039 4034 1108 4087 H
1209 4034 1274 4088 16
1309 4032 1574 4101 possimus
1612 4050 1645 4086 v
1752 4034 1815 4087 17
1854 4032 2280 4102 concupiscentie
2306 4033 2359 4086 L
2464 4034 2531 4085 20
2570 4047 2698 4099 quo-

415 4120 570 4173 modo
609 4122 724 4174 HT
825 4120 1094 4189 olimpiaci
1129 4120 1198 4173 H
1295 4122 1358 4174 21
1399 4134 1552 4189 posse
1589 4120 1641 4173 L
1749 4118 1987 4171 conferre,
2024 4120 2142 4173 HT
2241 4117 2543 4171 obtenuerit
2566 4120 2697 4172 HT¹

414 4208 480 4262 23
505 4206 772 4275 quomodo
797 4208 914 4262 ΠΤ
1001 4206 1170 4261 bassis
1197 4208 1314 4261 HT
1401 4207 1542 4259 uasis
1567 4206 1621 4261 L
1716 4206 2113 4273 castrimargiae
2139 4207 2192 4260 L
2298 4208 2364 4260 25
2390 4222 2484 4274 per
2508 4224 2609 4260 om.
2638 4205 2707 4259 H

415 4295 556 4361 quod
591 4296 662 4349 H
777 4296 844 4349 26
882 4292 1232 4347 subimissimi
1269 4294 1321 4347 L
1446 4296 1512 4349 27
1551 4293 1806 4347 anthletis
1844 4294 1913 4348 H
2030 4297 2097 4347 30
2136 4292 2182 4345 si
2228 4293 2349 4345 uult
2386 4292 2453 4345 ad
2489 4308 2698 4360 pugnas

414 4398 512 4436 om.
547 4382 620 4451 L,
655 4388 796 4451 spat.
833 4398 1012 4437 uacuo
1045 4382 1230 4465 relicto
1338 4381 1646 4435 certaminis
1682 4382 1735 4435 L

2294 4468 2385 4518 13⁴¹·
