3167 4975
512 407 593 472 16
1320 405 1640 460 Iohannis
1687 403 1986 462 Cassiani

508 583 811 648 tificate
856 582 1099 647 scilicet
1126 579 1459 646 membra
1500 585 1760 646 uestra
1789 598 1974 664 quae
2021 583 2197 646 sunt
2242 598 2464 665 super
2495 581 2794 660 terram,

450 759 455 766 .
509 687 1112 768 fornicationem,
1172 685 1728 766 inmunditiam,
1783 683 2202 767 libidinem,
2263 684 2794 769 concupiscen-

424 800 459 855 3
509 791 693 858 tiam
736 792 1025 857 malam.
1076 791 1337 874 ideoque
1382 791 1524 855 illos
1568 790 2007 856 tantummodo
2038 789 2310 875 legimus
2355 789 2423 854 in
2470 789 2794 875 scripturis

506 897 742 962 sanctis
788 897 1039 982 cingulo
1096 896 1293 961 fiiisse
1339 895 1750 979 praecinctos,
1811 895 1877 960 in
1921 892 2150 978 quibus
2194 893 2534 960 seminaria
2589 895 2792 960 coitus

504 999 915 1067 inueniuntur
960 1001 1255 1082 extincta,
1300 1000 1531 1083 quique
1576 999 1734 1064 illud
1775 997 1948 1065 beati
1992 997 2202 1064 Dauid
2245 999 2564 1082 eloquium
2609 1017 2792 1084 opere

506 1124 579 1171 ac
608 1106 845 1172 uirtute
875 1105 1241 1171 decantant:
1289 1104 1465 1187 quia
1493 1104 1744 1170 factus
1776 1121 1938 1170 sum
1970 1104 2171 1169 sicut
2201 1107 2366 1170 uter
2395 1104 2470 1170 in
2499 1105 2789 1189 pruina,

504 1228 576 1276 eo
620 1211 787 1294 quod
834 1227 1013 1275 erasa
1064 1208 1432 1275 medullitus
1479 1225 1666 1273 carne
1711 1208 2012 1274 uitiorum
2071 1212 2423 1275 emortuam
2468 1209 2790 1274 exterioris

502 1314 777 1381 hominis
808 1319 1022 1380 cutem
1066 1313 1325 1399 spiritus
1356 1313 1593 1378 uirtute
1623 1313 2005 1378 distendant.
2041 1316 2106 1379 et
2141 1314 2371 1379 idcirco
2401 1314 2477 1379 in
2522 1313 2791 1397 pruina

502 1419 931 1506 significanter
960 1419 1209 1500 adiecit,
1256 1419 1423 1502 quod
1454 1417 1697 1484 scilicet
1727 1435 2127 1501 nequaquam
2155 1417 2392 1484 fuerint
2421 1417 2558 1484 sola
2585 1416 2787 1484 cordis

501 1523 983 1590 mortificatione
1026 1523 1327 1605 contenti,
1383 1541 1606 1587 uerum
1651 1522 1846 1588 etiam
1891 1521 2213 1588 exterioris
2257 1522 2532 1588 hominis
2577 1527 2788 1588 motus

501 1631 567 1694 et
608 1629 807 1713 ipsius
839 1633 1101 1694 naturae
1134 1627 1456 1693 incentiua
1484 1627 1908 1693 continentiae
1938 1627 2166 1710 pruina
2195 1627 2580 1694 extrinsecus
2613 1645 2787 1693 acce-

499 1733 686 1799 dente
747 1733 1083 1800 habuerint
1143 1733 1491 1817 congelata,
1554 1732 1803 1798 nullum
1863 1733 1990 1797 iam
2052 1732 2382 1797 dumtaxat
2441 1733 2788 1799 secundum

499 1838 854 1921 apostolum
909 1856 1177 1922 regnum
1218 1836 1463 1920 peccati
1524 1836 1592 1901 in
1638 1853 1751 1901 suo
1805 1836 2057 1902 mortali
2103 1853 2356 1920 corpore
2399 1837 2784 1903 sustinentes

498 1959 613 2007 nec
656 1945 980 2028 gestantes
1027 1959 1282 2008 carnem
1328 1941 1578 2027 spiritui
1621 1944 2100 2026 repugnantem.

1194 2297 1495 2383 LIBER
1555 2297 2091 2383 SECUNDUS.

624 2457 751 2524 DE
804 2455 1275 2525 OANONIGO
1327 2455 2043 2525 NOCTURNARUM
2098 2454 2652 2525 ORATIONUM

1084 2572 1207 2637 ΕΤ
1260 2569 1846 2638 PSALMORUM
1900 2569 2184 2637 MODO.

1403 2748 1869 2803 OAPIOEULA.

578 2886 627 2951 I.
671 2886 767 2950 De
814 2886 1111 2952 canonico
1159 2888 1611 2951 nocturnarum
1643 2886 1996 2952 orationum
2043 2890 2110 2953 et
2138 2886 2526 2971 psalmorum
2575 2886 2776 2954 modo.

576 2990 659 3055 II.
708 2990 803 3055 De
850 2990 1217 3056 diuersitate
1264 2992 1530 3072 numeri,
1588 2990 1697 3074 qui
1743 2991 1822 3056 ad
1867 2991 2290 3057 decantandos
2343 2992 2622 3076 psalmos
2667 3012 2777 3077 per

490 3096 817 3160 uniuersas
861 3095 1217 3179 prouincias
1262 3095 1348 3160 sit
1392 3099 1690 3161 statutus..

2843 1539 2894 1580 1⁰

2838 2340 2890 2381 15

574 3198 691 3263 ΠΙ.
740 3200 837 3264 De
883 3200 1215 3265 uniformis
1260 3200 1515 3285 regulae
1558 3219 1670 3284 per
1729 3203 1931 3265 totam
1976 3198 2340 3285 Aegyptum
2384 3200 2670 3265 custodia
2713 3204 2777 3266 et
2843 3244 2852 3253 -

488 3303 564 3369 de
612 3304 915 3370 electione
961 3322 1198 3386 eorum,
1245 3303 1353 3387 qui
1398 3303 1701 3369 fratribus
1745 3308 2234 3389 praeponuntur.

574 3408 724 3474 IIII.
773 3408 951 3489 Quod
993 3428 1107 3494 per
1149 3407 1513 3493 Aegyptum
1575 3413 1640 3474 et
1683 3408 2069 3475 Thebaidem
2129 3410 2548 3475 duodenarius
2605 3409 2776 3493 psal-

488 3530 737 3578 morum
780 3531 931 3577 num
939 3531 1081 3577 erus
1127 3510 1512 3578 obseruetur.

694 3684 751 3756 6]
789 3686 877 3741 Ps.
906 3686 1023 3751 118,
1048 3686 1133 3743 83.
1248 3685 1338 3755 13]
1376 3684 1446 3741 cf.
1483 3684 1636 3739 Rom.
1663 3686 1714 3751 6,
1742 3686 1823 3742 12.
1932 3684 2023 3755 14]
2061 3684 2130 3741 cf.
2157 3684 2275 3741 Gal.
2301 3688 2350 3752 5,
2381 3686 2460 3742 17.

576 3846 601 3899 1
630 3842 855 3897 menbra
889 3844 965 3899 L¹
1079 3846 1114 3899 2
1148 3842 1431 3897 libidinem
1476 3845 1531 3896 et
1574 3843 1644 3897 H
1753 3843 1789 3898 4
1831 3842 2133 3912 praecintos
2169 3844 2224 3899 L
2329 3846 2363 3898 6
2398 3846 2520 3897 uter
2553 3862 2660 3901 om.
2697 3846 2772 3901 12¹

480 3930 671 4000 proina
705 3932 781 3986 L¹
909 3934 943 3988 8
989 3932 1160 3984 cotem
1206 3931 1283 3986 L¹
1413 3928 1734 3985 destendant
1782 3930 1856 3985 Gn
1929 3930 2229 3985 distentant
2265 3932 2348 3986 H¹
2477 3934 2532 3985 et
2567 3932 2686 3987 ideo
2721 3934 2774 3988 L

486 4020 551 4073 10
577 4020 757 4072 motus
779 4036 880 4074 om.
908 4019 983 4073 L¹
1092 4020 1153 4073 11
1183 4016 1455 4071 accidente
1492 4018 1579 4072 H¹
1689 4020 1753 4073 12
1791 4017 2060 4085 coagilata
2087 4018 2170 4073 H¹
2277 4019 2345 4073 14
2367 4021 2771 4087 repugnantem.

480 4104 714 4173 Explicit
750 4104 815 4158 de
850 4104 1039 4159 habitu
1076 4104 1323 4159 monachi
1358 4103 1494 4159 liber
1528 4104 1752 4173 primus.
1824 4104 2101 4175 Incipiunt
2135 4105 2370 4175 capitula
2403 4104 2772 4175 subsequentis

480 4189 607 4244 libri
650 4191 869 4245 secundi
918 4193 969 4247 G
1040 4192 1120 4247 De
1154 4190 1345 4245 habitu
1382 4190 1764 4245 monachorum
1799 4190 1936 4246 liber
1971 4192 2176 4261 primus
2211 4192 2427 4262 explicit
2461 4193 2530 4247 H
2533 4212 2550 4247 .·
2589 4210 2692 4249 om.
2719 4194 2772 4246 L

481 4278 758 4349 Incipiunt
780 4278 1018 4348 capitula
1040 4278 1105 4347 de
1128 4277 1254 4333 libri
1276 4278 1499 4333 secundi
1524 4280 1606 4334 L:
1628 4298 1730 4335 om.
1751 4279 1820 4333 H
1899 4281 1965 4335 21
1991 4280 2290 4349 prouintias
2308 4281 2363 4336 L
2449 4279 2666 4335 statutis
2686 4280 2772 4335 H¹

480 4368 714 4420 statutas
750 4349 827 4421 1³1¹
930 4368 999 4421 22
1036 4366 1220 4435 regula
1254 4368 1325 4421 H
1420 4368 1491 4420 24
1527 4364 1798 4419 tebaidam
1837 4366 1906 4421 H
2003 4368 2072 4422 25
2107 4366 2425 4423 obser-natur
2461 4367 2530 4422 H

2827 3525 2880 3565 25
