3167 4975
259 1633 316 1671 10

258 2155 315 2194 15

266 3202 321 3242 25

942 483 1171 532 contra
1206 477 1588 532 Nestorium
1627 477 1736 531 lib.
1765 477 1886 540 VII,
1927 481 2078 533 3—4.
2524 477 2649 542 357

364 659 549 724 modo
596 677 669 722 ex
722 656 833 720 illa
890 674 1089 738 aquae
1151 655 1549 738 simplicitate
1611 655 1892 738 egregior
1953 655 2081 719 uini
2145 659 2209 719 et
2267 655 2654 719 admirabilis

368 783 551 847 sapor
596 767 781 826 natus
828 762 952 825 sit?
1012 761 1321 843 quomodo
1382 761 1551 825 aliud
1606 761 1690 825 sit
1732 762 2050 842 haustum,
2115 761 2284 824 aliud
2331 760 2655 825 infusum?

368 869 668 951 numquid
734 868 1003 932 cisterna
1068 867 1179 930 illa
1242 865 1345 930 uel
1406 869 1630 948 puteus
1698 866 1860 930 hanc
1920 869 2210 930 naturam
2271 864 2519 944 habuit,
2587 868 2658 928 ut

368 994 560 1058 aquas
608 993 681 1038 ex
726 991 793 1036 se
840 975 1123 1054 sumptas
1184 971 1249 1034 in
1308 972 1543 1054 optima
1601 971 1751 1034 uina
1811 973 2124 1034 mutaret?
2185 973 2294 1034 aut
2353 969 2657 1052 numquid

366 1098 662 1146 uasorum
707 1078 771 1142 id
808 1077 1075 1160 qualitas
1106 1079 1215 1140 aut
1246 1076 1674 1140 minist-rorum
1707 1076 1836 1159 egit
1865 1075 2214 1139 industria?
2261 1075 2414 1140 nihil
2443 1075 2658 1156 utique

366 1187 661 1269 ipsorum.
740 1185 802 1246 et
847 1181 1155 1264 quomodo
1200 1181 1351 1245 facti
1410 1181 1569 1245 ratio
1631 1180 2004 1264 cogitatione
2065 1180 2265 1244 cordis
2327 1198 2452 1244 non
2511 1197 2658 1244 con-

367 1289 791 1373 prehenditur,
837 1305 981 1350 cum
1026 1286 1176 1350 facti
1221 1289 1435 1350 tamen
1474 1286 1706 1349 ueritas
1738 1285 2154 1350 conscientiae
2201 1285 2495 1349 firmitate
2528 1303 2658 1347 ser-

366 1399 591 1460 uetur?
638 1411 819 1458 caeco
866 1411 1053 1476 super
1098 1391 1305 1455 oculos
1358 1391 1423 1455 in
1486 1391 1811 1474 euangelio
1856 1390 2060 1455 lutum
2105 1391 2380 1473 positum
2441 1392 2536 1454 est
2597 1392 2660 1452 et

368 1501 531 1564 oculi
577 1499 788 1563 abluto
835 1514 907 1561 eo
954 1496 1085 1560 nati
1146 1500 1311 1561 sunt.
1390 1495 1694 1577 numquid
1755 1499 1864 1560 aut
1922 1513 2084 1577 aqua
2144 1495 2306 1559 hanc
2365 1498 2656 1558 naturam

368 1604 588 1669 habuit
645 1607 715 1667 ut
760 1603 987 1666 *oculos
1032 1603 1298 1685 pareret,
1358 1603 1469 1664 aut
1512 1601 1718 1664 lutum
1777 1604 1848 1664 ut
1890 1601 2100 1664 lucem
2159 1602 2442 1665 crearet?
2503 1599 2659 1663 nihil

369 1709 581 1791 utique
628 1708 871 1788 horum,
918 1707 1284 1790 praesertim
1332 1725 1475 1769 cum
1515 1723 1678 1787 aqua
1707 1723 1890 1770 caeco
1921 1705 2076 1769 nihil
2106 1705 2404 1786 conferat,
2448 1706 2656 1769 lutum

371 1817 581 1878 autem
628 1811 985 1876 uidentibus
1034 1811 1221 1875 etiam
1268 1809 1489 1875 obesse
1535 1811 1750 1893 possit.
1824 1815 1888 1875 et
1926 1810 2234 1894 quomodo
2263 1829 2364 1874 res
2397 1809 2658 1874 nocendi

370 1921 499 1983 uim
545 1919 609 1982 in
656 1937 723 1981 se
766 1917 1005 1982 habens
1052 1915 1329 1980 officium
1373 1916 1634 1980 remedii
1679 1935 1752 1980 ac
1799 1916 2016 1980 salutis
2050 1915 2345 1996 exhibuit,
2393 1919 2456 1979 et
2499 1933 2658 1997 quae

370 2022 591 2087 obesse
653 2023 821 2086 sanis
883 2023 1064 2102 solet,
1126 2022 1305 2102 quasi
1367 2021 1656 2086 ministra
1715 2025 1868 2084 tunc
1927 2020 2216 2085 sanitatis
2275 2020 2438 2084 fuit?
2507 2021 2657 2084 dicis

372 2129 581 2210 itaque
643 2127 740 2191 dei
786 2127 901 2190 hoc
948 2127 1239 2190 tribuisse
1301 2126 1623 2206 uirtutem,
1685 2125 1784 2190 dei
1829 2127 2217 2208 praestitisse
2263 2125 2657 2206 medicinam,

372 2235 437 2296 et
495 2233 705 2296 omnia
765 2232 919 2296 haec
965 2250 1122 2313 quae
1170 2230 1437 2295 diximus
1498 2231 2022 2314 omnipotentiam
2067 2231 2318 2314 penitus
2379 2229 2658 2294 effecisse

372 2337 671 2416 diuinam,
735 2337 840 2418 qui
894 2341 1115 2420 potens
1172 2337 1253 2400 sit
1310 2336 1525 2417 utique
1588 2339 1651 2400 et
1711 2355 1784 2400 ex
1842 2337 2110 2400 insolitis
2172 2354 2338 2400 noua
2395 2337 2659 2399 condere

372 2447 437 2507 et
482 2461 553 2506 ex
600 2441 921 2506 contrariis
970 2440 1243 2505 salubria
1288 2441 1665 2505 constituere
1714 2444 1777 2506 et
1822 2459 1913 2523 ea,
1963 2459 2122 2525 quae
2167 2440 2230 2505 in
2261 2440 2661 2524 impossibili·-

374 2547 605 2611 tatibus
668 2551 855 2628 atque
918 2546 1335 2611 inefficientiis
1400 2547 1519 2610 sita
1586 2547 1740 2628 sint,
1809 2548 1870 2611 in
1940 2565 2151 2610 rerum
2217 2546 2660 2629 possibilitates

375 2653 754 2734 effectusque
802 2655 1063 2715 mutare.

460 2756 610 2820 IIII.
644 2757 821 2820 Idem
870 2773 1016 2839 ergo
1063 2756 1137 2818 de
1172 2759 1311 2820 ortu
1358 2756 1549 2838 ipsius
1584 2756 1818 2821 domini
1849 2756 2012 2838 quod
2044 2755 2118 2819 de
2150 2754 2338 2819 rebus
2371 2755 2661 2821 omnibus

374 2862 684 2925 confitere.
763 2862 945 2925 crede
990 2862 1179 2924 deum
1226 2864 1446 2924 natum
1490 2865 1564 2926 ut
1611 2860 1828 2941 uoluit,
1890 2879 2076 2942 quem
2133 2876 2256 2924 non
2303 2879 2495 2943 negas
2554 2878 2664 2944 po-

374 2967 569 3030 tuisse
616 2966 778 3048 quod
826 2966 1051 3029 uoluit:
1113 2966 1231 3029 nisi
1276 2966 1435 3029 forte
1481 2966 1799 3046 uirtutem,
1855 2984 2016 3048 quae
2061 2966 2118 3029 ei
2165 2965 2242 3029 ad
2287 2965 2410 3029 alia
2454 2966 2666 3029 omnia

374 3070 573 3149 affuit,
634 3071 711 3133 ad
774 3090 840 3135 se
902 3071 1111 3153 ipsum
1172 3071 1469 3134 aestimas
1516 3070 1808 3149 defuisse,
1871 3074 1936 3134 et
1981 3070 2099 3153 ipsi
2146 3070 2224 3133 ad
2271 3070 2665 3134 natiuitatem

376 3194 555 3239 suam
603 3175 1053 3258 omnipotentia
1098 3193 1211 3237 sua
1257 3175 1473 3255 defuit,
1529 3194 1687 3257 quae
1744 3175 1821 3238 ab
1870 3192 1940 3238 eo
1986 3174 2327 3257 procedens
2373 3174 2666 3239 uniuersa

374 3280 743 3362 penetrauit.
820 3283 890 3343 tu
938 3280 1089 3344 mihi
1136 3280 1199 3343 in
1246 3279 1571 3343 natiuitate
1620 3280 1854 3344 domini
1901 3278 2160 3343 obicias:
2209 3296 2420 3343 nemo
2466 3285 2667 3343 ante-

374 3386 645 3449 riorem
706 3404 781 3448 se
840 3385 1067 3469 parit,
1130 3388 1191 3449 et
1250 3384 1315 3448 in
1375 3387 1559 3466 partu
1623 3402 1744 3467 quo
1809 3386 2202 3468 omnipotens
2265 3385 2417 3449 deus
2480 3389 2666 3449 natus

378 3492 475 3553 est
548 3489 747 3553 dicas:
824 3488 1247 3553 homousios
1323 3489 1652 3573 parienti
1725 3488 1945 3553 debet
2019 3508 2183 3553 esse
2257 3489 2667 3554 natiuitas‘?

376 3595 555 3675 quasi
612 3610 758 3657 uero
805 3613 951 3658 cum
997 3594 1273 3676 quolibet
1316 3594 1647 3658 hominum
1692 3594 1983 3658 humanis
2029 3594 2272 3697 legibus
2335 3612 2507 3677 agas,
2570 3596 2669 3659 cui

585 3766 642 3835 8]
682 3766 748 3819 cf.
774 3765 888 3820 Ioh.
918 3769 967 3829 9,
999 3768 1025 3821 1
1054 3782 1166 3835 sqq.

469 3926 494 3978 1
534 3924 590 3976 et
626 3924 803 3992 regius
828 3926 903 3978 M
966 3923 1211 3992 egregius
1250 3944 1281 3979 v
1386 3922 1738 3977 ammirabilis
1775 3924 1840 3979 N
1938 3926 1972 3978 2
2009 3925 2222 3977 austum
2257 3924 2392 3978 NM
2489 3927 2523 3979 3
2559 3924 2669 3993 uel]

379 4014 473 4064 aut
508 4012 583 4065 M
714 4014 747 4065 4
784 4014 988 4065 sumtus
1025 4030 1063 4065 a
1204 4016 1235 4067 5
1284 4028 1533 4065 uasarum
1570 4014 1645 4066 Μ
1777 4014 1810 4065 6
1853 4011 2044 4064 horum
2080 4013 2180 4066 Mv
2320 4010 2574 4080 cogitatio
2613 4014 2680 4069 N

380 4102 409 4153 7
449 4098 835 4169 constituencie
872 4100 947 4153 M
1080 4102 1112 4153 9
1162 4098 1227 4151 ab
1276 4098 1389 4152 luto
1426 4100 1525 4154 Mv
1667 4114 1726 4151 eo
1770 4116 1870 4154 om.
1908 4100 2008 4153 Μυ
2149 4098 2319 4153 abluti
2366 4114 2426 4152 eo
2474 4100 2540 4154 N
2543 4100 2564 4135 ²
2601 4102 2668 4169 cf.

378 4204 496 4255 cap.
537 4190 586 4255 4,
632 4190 667 4240 5
810 4190 874 4242 10
919 4188 983 4239 ut
1027 4194 1153 4241 ante
1196 4186 1369 4241 lucem
1416 4206 1515 4243 om.
1560 4189 1656 4255 ΝΡ
1802 4190 1866 4241 12
1913 4186 2162 4253 noscendi
2201 4188 2268 4241 N
2369 4190 2433 4243 13
2475 4186 2576 4254 hac
2613 4189 2680 4241 N

378 4272 581 4327 exibuit
616 4275 691 4328 Μ
827 4276 893 4329 14
938 4278 1067 4327 tunc
1110 4292 1212 4329 om.
1252 4276 1327 4329 M
1472 4278 1534 4329 17
1578 4272 1826 4327 insolutis
1873 4275 1938 4329 N
2073 4274 2256 4343 utique
2299 4277 2354 4329 et
2398 4274 2569 4329 solitis
2605 4278 2681 4331 M

380 4364 447 4417 19
494 4361 550 4413 in
595 4360 899 4415 efficientiis
934 4379 1014 4431 pv
1155 4360 1285 4415 sitae
1332 4363 1467 4417 ΝΜ
1599 4364 1667 4417 23
1713 4362 1892 4415 omnia
1937 4361 2042 4415 alia
2087 4364 2162 4417 M
2294 4364 2362 4418 24
2410 4360 2588 4417 affluit
2627 4381 2672 4433 p

378 4448 602 4502 extimas
640 4450 715 4505 Μ
814 4450 883 4505 28
919 4448 1053 4503 dicis
1088 4451 1190 4505 Mv
1296 4449 1560 4503 omousios
1599 4451 1696 4519 ΝΡ
1768 4449 2078 4504 homousius
2113 4452 2190 4505 M
