<?xml version="1.0" encoding="UTF-8"?>
<!DOCTYPE html PUBLIC "-//W3C//DTD XHTML 1.0 Transitional//EN"
    "http://www.w3.org/TR/xhtml1/DTD/xhtml1-transitional.dtd">
<html xmlns="http://www.w3.org/1999/xhtml" xml:lang="en" lang="en">
 <head>
  <title>
</title>
<meta http-equiv="Content-Type" content="text/html;charset=utf-8" />
  <meta name='ocr-system' content='tesseract 3.04.00' />
  <meta name='ocr-capabilities' content='ocr_page ocr_carea ocr_par ocr_line ocrx_word'/>
</head>
<body>
  <div class='ocr_page' id='page_1' title='image "./corpusscriptoru28wissgoog_0118.png"; bbox 0 0 3167 4975; ppageno 0'>
   <div class='ocr_carea' id='block_1_1' title="bbox 508 455 614 512">
    <p class='ocr_par' dir='ltr' id='par_1_1' title="bbox 508 455 614 512">
     <span class='ocr_line' id='line_1_1' title="bbox 508 455 614 512; baseline 0.009 -1"><span class='ocrx_word' id='word_1_1' title='bbox 508 455 614 512; x_wconf 85' lang='lat' dir='ltr'>CX</span> 
     </span>
    </p>
   </div>
   <div class='ocr_carea' id='block_1_2' title="bbox 509 624 2806 4470">
    <p class='ocr_par' dir='ltr' id='par_1_2' title="bbox 509 624 2801 2480">
     <span class='ocr_line' id='line_1_2' title="bbox 510 624 2800 709; baseline 0.001 -21"><span class='ocrx_word' id='word_1_2' title='bbox 510 624 985 708; x_wconf 87' lang='lat' dir='ltr'>geniosissimus</span> <span class='ocrx_word' id='word_1_3' title='bbox 1048 625 1303 706; x_wconf 91' lang='lat' dir='ltr'>quidem</span> <span class='ocrx_word' id='word_1_4' title='bbox 1364 625 1551 690; x_wconf 91' lang='lat' dir='ltr'>homo</span> <span class='ocrx_word' id='word_1_5' title='bbox 1601 626 1919 709; x_wconf 85' lang='lat' dir='ltr'>scriptoris</span> <span class='ocrx_word' id='word_1_6' title='bbox 1980 625 2174 690; x_wconf 83' lang='lat' dir='ltr'>uerba</span> <span class='ocrx_word' id='word_1_7' title='bbox 2236 626 2462 690; x_wconf 86' lang='lat' dir='ltr'>melius</span> <span class='ocrx_word' id='word_1_8' title='bbox 2522 626 2800 709; x_wconf 83' lang='lat' dir='ltr'>potuerit</span> 
     </span>
     <span class='ocr_line' id='line_1_3' title="bbox 510 729 2799 814; baseline 0.001 -22"><span class='ocrx_word' id='word_1_9' title='bbox 510 729 840 793; x_wconf 81' lang='lat' dir='ltr'>restituere</span> <span class='ocrx_word' id='word_1_10' title='bbox 888 733 997 793; x_wconf 87' lang='lat' dir='ltr'>aut</span> <span class='ocrx_word' id='word_1_11' title='bbox 1044 749 1262 794; x_wconf 84' lang='lat' dir='ltr'>uerum</span> <span class='ocrx_word' id='word_1_12' title='bbox 1310 731 1598 814; x_wconf 78' lang='lat' dir='ltr'>sagacius</span> <span class='ocrx_word' id='word_1_13' title='bbox 1646 730 1944 794; x_wconf 88' lang='lat' dir='ltr'>diuinare.</span> <span class='ocrx_word' id='word_1_14' title='bbox 2005 733 2284 794; x_wconf 89' lang='lat' dir='ltr'>ceterum</span> <span class='ocrx_word' id='word_1_15' title='bbox 2330 731 2523 795; x_wconf 85' lang='lat' dir='ltr'>etiam</span> <span class='ocrx_word' id='word_1_16' title='bbox 2569 749 2642 794; x_wconf 81' lang='lat' dir='ltr'>ex</span> <span class='ocrx_word' id='word_1_17' title='bbox 2689 730 2799 811; x_wconf 82' lang='lat' dir='ltr'>eiS,</span> 
     </span>
     <span class='ocr_line' id='line_1_4' title="bbox 511 833 2800 918; baseline 0.001 -22"><span class='ocrx_word' id='word_1_18' title='bbox 511 852 670 915; x_wconf 88' lang='lat' dir='ltr'>quae</span> <span class='ocrx_word' id='word_1_19' title='bbox 738 833 1025 898; x_wconf 85' lang='lat' dir='ltr'>Cassiani</span> <span class='ocrx_word' id='word_1_20' title='bbox 1093 834 1383 917; x_wconf 88' lang='lat' dir='ltr'>operibus</span> <span class='ocrx_word' id='word_1_21' title='bbox 1454 835 1700 915; x_wconf 84' lang='lat' dir='ltr'>adiecit,</span> <span class='ocrx_word' id='word_1_22' title='bbox 1769 834 2044 899; x_wconf 90' lang='lat' dir='ltr'>hominis</span> <span class='ocrx_word' id='word_1_23' title='bbox 2113 834 2396 899; x_wconf 83' lang='lat' dir='ltr'>doctrina</span> <span class='ocrx_word' id='word_1_24' title='bbox 2462 834 2800 918; x_wconf 90' lang='lat' dir='ltr'>singularis</span> 
     </span>
     <span class='ocr_line' id='line_1_5' title="bbox 512 938 2800 1005; baseline 0 -3"><span class='ocrx_word' id='word_1_25' title='bbox 512 938 731 1003; x_wconf 87' lang='lat' dir='ltr'>elucet.</span> <span class='ocrx_word' id='word_1_26' title='bbox 790 957 939 1003; x_wconf 90' lang='lat' dir='ltr'>nam</span> <span class='ocrx_word' id='word_1_27' title='bbox 985 939 1190 1003; x_wconf 87' lang='lat' dir='ltr'>multa</span> <span class='ocrx_word' id='word_1_28' title='bbox 1235 939 1543 1004; x_wconf 86' lang='lat' dir='ltr'>uocabula</span> <span class='ocrx_word' id='word_1_29' title='bbox 1586 940 1824 1004; x_wconf 88' lang='lat' dir='ltr'>rariora</span> <span class='ocrx_word' id='word_1_30' title='bbox 1868 944 1931 1004; x_wconf 92' lang='lat' dir='ltr'>et</span> <span class='ocrx_word' id='word_1_31' title='bbox 1977 938 2216 1005; x_wconf 84' lang='lat' dir='ltr'>Graeca</span> <span class='ocrx_word' id='word_1_32' title='bbox 2262 943 2324 1004; x_wconf 92' lang='lat' dir='ltr'>et</span> <span class='ocrx_word' id='word_1_33' title='bbox 2369 939 2596 1004; x_wconf 90' lang='lat' dir='ltr'>Latina</span> <span class='ocrx_word' id='word_1_34' title='bbox 2639 939 2800 1003; x_wconf 87' lang='lat' dir='ltr'>bene</span> 
     </span>
     <span class='ocr_line' id='line_1_6' title="bbox 513 1043 2798 1128; baseline 0 -22"><span class='ocrx_word' id='word_1_35' title='bbox 513 1043 867 1125; x_wconf 84' lang='lat' dir='ltr'>explicauit‚</span> <span class='ocrx_word' id='word_1_36' title='bbox 896 1044 1165 1108; x_wconf 87' lang='lat' dir='ltr'>auctoris</span> <span class='ocrx_word' id='word_1_37' title='bbox 1190 1044 1647 1128; x_wconf 83' lang='lat' dir='ltr'>propositiones</span> <span class='ocrx_word' id='word_1_38' title='bbox 1673 1044 1915 1128; x_wconf 85' lang='lat' dir='ltr'>Pelagii</span> <span class='ocrx_word' id='word_1_39' title='bbox 1941 1062 2211 1108; x_wconf 88' lang='lat' dir='ltr'>errorem</span> <span class='ocrx_word' id='word_1_40' title='bbox 2235 1044 2586 1109; x_wconf 81' lang='lat' dir='ltr'>redolentes</span> <span class='ocrx_word' id='word_1_41' title='bbox 2619 1044 2798 1107; x_wconf 89' lang='lat' dir='ltr'>docte</span> 
     </span>
     <span class='ocr_line' id='line_1_7' title="bbox 509 1147 2800 1231; baseline 0 -21"><span class='ocrx_word' id='word_1_42' title='bbox 509 1148 832 1228; x_wconf 85' lang='lat' dir='ltr'>refutauit,</span> <span class='ocrx_word' id='word_1_43' title='bbox 878 1148 1047 1213; x_wconf 88' lang='lat' dir='ltr'>locos</span> <span class='ocrx_word' id='word_1_44' title='bbox 1094 1166 1249 1231; x_wconf 89' lang='lat' dir='ltr'>quos</span> <span class='ocrx_word' id='word_1_45' title='bbox 1298 1149 1638 1214; x_wconf 85' lang='lat' dir='ltr'>Cassianus</span> <span class='ocrx_word' id='word_1_46' title='bbox 1695 1149 2041 1212; x_wconf 89' lang='lat' dir='ltr'>secundum</span> <span class='ocrx_word' id='word_1_47' title='bbox 2102 1149 2581 1213; x_wconf 85' lang='lat' dir='ltr'>translationem</span> <span class='ocrx_word' id='word_1_48' title='bbox 2627 1147 2800 1212; x_wconf 89' lang='lat' dir='ltr'>LXX</span> 
     </span>
     <span class='ocr_line' id='line_1_8' title="bbox 509 1245 2799 1337; baseline 0 -22"><span class='ocrx_word' id='word_1_49' title='bbox 509 1252 746 1334; x_wconf 86' lang='lat' dir='ltr'>profert</span> <span class='ocrx_word' id='word_1_50' title='bbox 796 1252 1037 1335; x_wconf 89' lang='lat' dir='ltr'>primus</span> <span class='ocrx_word' id='word_1_51' title='bbox 1096 1245 1428 1337; x_wconf 78' lang='lat' dir='ltr'>diligenter</span> <span class='ocrx_word' id='word_1_52' title='bbox 1483 1253 1754 1337; x_wconf 86' lang='lat' dir='ltr'>collegit.</span> <span class='ocrx_word' id='word_1_53' title='bbox 1835 1271 2217 1335; x_wconf 84' lang='lat' dir='ltr'>quamquam</span> <span class='ocrx_word' id='word_1_54' title='bbox 2273 1253 2440 1334; x_wconf 91' lang='lat' dir='ltr'>quod</span> <span class='ocrx_word' id='word_1_55' title='bbox 2493 1251 2799 1317; x_wconf 88' lang='lat' dir='ltr'>librorum</span> 
     </span>
     <span class='ocr_line' id='line_1_9' title="bbox 511 1356 2801 1441; baseline 0 -21"><span class='ocrx_word' id='word_1_56' title='bbox 511 1373 765 1420; x_wconf 88' lang='lat' dir='ltr'>suorum</span> <span class='ocrx_word' id='word_1_57' title='bbox 826 1356 1202 1422; x_wconf 88' lang='lat' dir='ltr'>lectionibus</span> <span class='ocrx_word' id='word_1_58' title='bbox 1250 1376 1282 1421; x_wconf 91' lang='grc'><strong>6</strong></span> <span class='ocrx_word' id='word_1_59' title='bbox 1328 1357 1608 1441; x_wconf 90' lang='lat' dir='ltr'>Uulgata</span> <span class='ocrx_word' id='word_1_60' title='bbox 1667 1357 2060 1440; x_wconf 84' lang='lat' dir='ltr'>interpolatis</span> <span class='ocrx_word' id='word_1_61' title='bbox 2123 1357 2420 1440; x_wconf 89' lang='lat' dir='ltr'>deceptus</span> <span class='ocrx_word' id='word_1_62' title='bbox 2477 1357 2600 1420; x_wconf 87' lang='lat' dir='ltr'>sibi</span> <span class='ocrx_word' id='word_1_63' title='bbox 2659 1375 2801 1440; x_wconf 89' lang='lat' dir='ltr'>per-</span> 
     </span>
     <span class='ocr_line' id='line_1_10' title="bbox 510 1460 2800 1546; baseline 0 -22"><span class='ocrx_word' id='word_1_64' title='bbox 510 1464 796 1525; x_wconf 85' lang='lat' dir='ltr'>suaserat</span> <span class='ocrx_word' id='word_1_65' title='bbox 841 1460 1216 1526; x_wconf 86' lang='lat' dir='ltr'>Cassianum</span> <span class='ocrx_word' id='word_1_66' title='bbox 1276 1461 1622 1545; x_wconf 79' lang='lat' dir='ltr'>scripturae</span> <span class='ocrx_word' id='word_1_67' title='bbox 1684 1480 1896 1526; x_wconf 87' lang='lat' dir='ltr'>sacrae</span> <span class='ocrx_word' id='word_1_68' title='bbox 1960 1462 2323 1526; x_wconf 87' lang='lat' dir='ltr'>testimonia</span> <span class='ocrx_word' id='word_1_69' title='bbox 2367 1461 2664 1546; x_wconf 87' lang='lat' dir='ltr'>pleraque</span> <span class='ocrx_word' id='word_1_70' title='bbox 2728 1480 2800 1524; x_wconf 84' lang='lat' dir='ltr'>ex</span> 
     </span>
     <span class='ocr_line' id='line_1_11' title="bbox 510 1566 2798 1649; baseline 0 -21"><span class='ocrx_word' id='word_1_71' title='bbox 510 1566 771 1649; x_wconf 88' lang='lat' dir='ltr'>uulgata</span> <span class='ocrx_word' id='word_1_72' title='bbox 816 1566 1087 1631; x_wconf 80' lang='lat' dir='ltr'>editione.</span> <span class='ocrx_word' id='word_1_73' title='bbox 1134 1566 1397 1647; x_wconf 87' lang='lat' dir='ltr'>adferre,</span> <span class='ocrx_word' id='word_1_74' title='bbox 1445 1567 1510 1630; x_wconf 93' lang='lat' dir='ltr'>in</span> <span class='ocrx_word' id='word_1_75' title='bbox 1558 1584 1629 1630; x_wconf 89' lang='lat' dir='ltr'>eo</span> <span class='ocrx_word' id='word_1_76' title='bbox 1676 1566 2084 1630; x_wconf 88' lang='lat' dir='ltr'>uehementer</span> <span class='ocrx_word' id='word_1_77' title='bbox 2131 1567 2381 1630; x_wconf 86' lang='lat' dir='ltr'>errauit.</span> <span class='ocrx_word' id='word_1_78' title='bbox 2460 1566 2798 1630; x_wconf 90' lang='lat' dir='ltr'>dolendum</span> 
     </span>
     <span class='ocr_line' id='line_1_12' title="bbox 510 1669 2796 1752; baseline 0 -20"><span class='ocrx_word' id='word_1_79' title='bbox 510 1670 703 1733; x_wconf 84' lang='lat' dir='ltr'>etiam</span> <span class='ocrx_word' id='word_1_80' title='bbox 749 1670 913 1752; x_wconf 88' lang='lat' dir='ltr'>quod</span> <span class='ocrx_word' id='word_1_81' title='bbox 971 1669 1165 1735; x_wconf 88' lang='lat' dir='ltr'>libros</span> <span class='ocrx_word' id='word_1_82' title='bbox 1227 1675 1446 1735; x_wconf 87' lang='lat' dir='ltr'>contra</span> <span class='ocrx_word' id='word_1_83' title='bbox 1488 1671 1852 1736; x_wconf 87' lang='lat' dir='ltr'>Nestorium</span> <span class='ocrx_word' id='word_1_84' title='bbox 1900 1670 1976 1734; x_wconf 85' lang='lat' dir='ltr'>ab</span> <span class='ocrx_word' id='word_1_85' title='bbox 2027 1671 2298 1735; x_wconf 88' lang='lat' dir='ltr'>editione</span> <span class='ocrx_word' id='word_1_86' title='bbox 2346 1688 2461 1735; x_wconf 86' lang='lat' dir='ltr'>sua</span> <span class='ocrx_word' id='word_1_87' title='bbox 2521 1670 2796 1735; x_wconf 88' lang='lat' dir='ltr'>seclusit.</span> 
     </span>
     <span class='ocr_line' id='line_1_13' title="bbox 510 1775 2798 1860; baseline -0.001 -21"><span class='ocrx_word' id='word_1_88' title='bbox 510 1775 674 1858; x_wconf 91' lang='lat' dir='ltr'>quod</span> <span class='ocrx_word' id='word_1_89' title='bbox 736 1793 845 1840; x_wconf 91' lang='lat' dir='ltr'>cur</span> <span class='ocrx_word' id='word_1_90' title='bbox 888 1776 1127 1857; x_wconf 87' lang='lat' dir='ltr'>fecerit,</span> <span class='ocrx_word' id='word_1_91' title='bbox 1190 1776 1255 1840; x_wconf 91' lang='lat' dir='ltr'>in</span> <span class='ocrx_word' id='word_1_92' title='bbox 1300 1777 1571 1860; x_wconf 86' lang='lat' dir='ltr'>epistula</span> <span class='ocrx_word' id='word_1_93' title='bbox 1633 1777 1711 1841; x_wconf 92' lang='lat' dir='ltr'>ad</span> <span class='ocrx_word' id='word_1_94' title='bbox 1753 1776 2051 1840; x_wconf 88' lang='lat' dir='ltr'>lectorem</span> <span class='ocrx_word' id='word_1_95' title='bbox 2114 1775 2214 1840; x_wconf 92' lang='lat' dir='ltr'>his</span> <span class='ocrx_word' id='word_1_96' title='bbox 2262 1775 2472 1840; x_wconf 88' lang='lat' dir='ltr'>uerbis</span> <span class='ocrx_word' id='word_1_97' title='bbox 2535 1775 2798 1838; x_wconf 85' lang='lat' dir='ltr'>indicat:</span> 
     </span>
     <span class='ocr_line' id='line_1_14' title="bbox 512 1876 2798 1964; baseline -0.001 -22"><span class='ocrx_word' id='word_1_98' title='bbox 512 1876 796 1964; x_wconf 76' lang='lat' dir='ltr'>Scripsit</span> <span class='ocrx_word' id='word_1_99' title='bbox 863 1878 1119 1964; x_wconf 79' lang='lat' dir='ltr'>quidem</span> <span class='ocrx_word' id='word_1_100' title='bbox 1195 1876 1551 1943; x_wconf 79' lang='lat' dir='ltr'>Cassianus</span> <span class='ocrx_word' id='word_1_101' title='bbox 1623 1881 1890 1942; x_wconf 79' lang='lat' dir='ltr'>hortata</span> <span class='ocrx_word' id='word_1_102' title='bbox 1959 1877 2190 1942; x_wconf 80' lang='lat' dir='ltr'>Leonis</span> <span class='ocrx_word' id='word_1_103' title='bbox 2251 1877 2303 1941; x_wconf 92' lang='lat' dir='ltr'>I.</span> <span class='ocrx_word' id='word_1_104' title='bbox 2368 1878 2548 1942; x_wconf 84' lang='lat' dir='ltr'>Pont.</span> <span class='ocrx_word' id='word_1_105' title='bbox 2613 1877 2798 1941; x_wconf 72' lang='lat' dir='ltr'>Mam.</span> 
     </span>
     <span class='ocr_line' id='line_1_15' title="bbox 514 1981 2800 2047; baseline -0.001 -1"><span class='ocrx_word' id='word_1_106' title='bbox 514 1981 873 2046; x_wconf 77' lang='lat' dir='ltr'>luculentos</span> <span class='ocrx_word' id='word_1_107' title='bbox 923 1981 1124 2046; x_wconf 80' lang='lat' dir='ltr'>libros</span> <span class='ocrx_word' id='word_1_108' title='bbox 1174 1983 1249 2046; x_wconf 79' lang='lat' dir='ltr'>de</span> <span class='ocrx_word' id='word_1_109' title='bbox 1294 1983 1754 2047; x_wconf 75' lang='lat' dir='ltr'>incarnatione</span> <span class='ocrx_word' id='word_1_110' title='bbox 1799 1983 2069 2047; x_wconf 79' lang='lat' dir='ltr'>Domini</span> <span class='ocrx_word' id='word_1_111' title='bbox 2115 1993 2344 2046; x_wconf 79' lang='lat' dir='ltr'>contra</span> <span class='ocrx_word' id='word_1_112' title='bbox 2393 1982 2800 2047; x_wconf 82' lang='lat' dir='ltr'>Nestorium.-</span> 
     </span>
     <span class='ocr_line' id='line_1_16' title="bbox 510 2086 2799 2173; baseline 0 -23"><span class='ocrx_word' id='word_1_113' title='bbox 510 2087 623 2150; x_wconf 78' lang='lat' dir='ltr'>sed</span> <span class='ocrx_word' id='word_1_114' title='bbox 668 2109 789 2165; x_wconf 89' lang='lat' dir='ltr'>eos,</span> <span class='ocrx_word' id='word_1_115' title='bbox 834 2086 1007 2173; x_wconf 69' lang='lat' dir='ltr'>quod</span> <span class='ocrx_word' id='word_1_116' title='bbox 1048 2087 1315 2151; x_wconf 77' lang='lat' dir='ltr'>nullum</span> <span class='ocrx_word' id='word_1_117' title='bbox 1358 2098 1610 2152; x_wconf 74' lang='lat' dir='ltr'>extaret</span> <span class='ocrx_word' id='word_1_118' title='bbox 1655 2088 1730 2151; x_wconf 87' lang='lat' dir='ltr'>in</span> <span class='ocrx_word' id='word_1_119' title='bbox 1774 2088 2098 2152; x_wconf 82' lang='lat' dir='ltr'>Vaticana</span> <span class='ocrx_word' id='word_1_120' title='bbox 2145 2087 2529 2152; x_wconf 78' lang='lat' dir='ltr'>bibliotheca</span> <span class='ocrx_word' id='word_1_121' title='bbox 2573 2109 2799 2151; x_wconf 83' lang='lat' dir='ltr'>manu-</span> 
     </span>
     <span class='ocr_line' id='line_1_17' title="bbox 510 2190 2799 2279; baseline 0 -25"><span class='ocrx_word' id='word_1_122' title='bbox 510 2192 833 2278; x_wconf 75' lang='lat' dir='ltr'>scriptam</span> <span class='ocrx_word' id='word_1_123' title='bbox 887 2191 1219 2278; x_wconf 76' lang='lat' dir='ltr'>exemplar</span> <span class='ocrx_word' id='word_1_124' title='bbox 1264 2191 1356 2256; x_wconf 82' lang='lat' dir='ltr'>ad</span> <span class='ocrx_word' id='word_1_125' title='bbox 1398 2192 1588 2256; x_wconf 81' lang='lat' dir='ltr'>cuius</span> <span class='ocrx_word' id='word_1_126' title='bbox 1635 2191 1838 2275; x_wconf 83' lang='lat' dir='ltr'>fldem</span> <span class='ocrx_word' id='word_1_127' title='bbox 1882 2192 2216 2257; x_wconf 82' lang='lat' dir='ltr'>emendari</span> <span class='ocrx_word' id='word_1_128' title='bbox 2265 2202 2549 2279; x_wconf 76' lang='lat' dir='ltr'>possent,</span> <span class='ocrx_word' id='word_1_129' title='bbox 2610 2191 2673 2257; x_wconf 69' lang='grc' dir='ltr'><strong>ὥ</strong></span> <span class='ocrx_word' id='word_1_130' title='bbox 2717 2190 2799 2254; x_wconf 83' lang='lat' dir='ltr'>ab</span> 
     </span>
     <span class='ocr_line' id='line_1_18' title="bbox 512 2296 2800 2383; baseline -0 -24"><span class='ocrx_word' id='word_1_131' title='bbox 512 2296 811 2360; x_wconf 80' lang='lat' dir='ltr'>instituto</span> <span class='ocrx_word' id='word_1_132' title='bbox 840 2305 1080 2373; x_wconf 81' lang='lat' dir='ltr'>nostro,</span> <span class='ocrx_word' id='word_1_133' title='bbox 1128 2319 1250 2383; x_wconf 74' lang='lat' dir='ltr'>quo</span> <span class='ocrx_word' id='word_1_134' title='bbox 1291 2297 1604 2360; x_wconf 81' lang='lat' dir='ltr'>hominem</span> <span class='ocrx_word' id='word_1_135' title='bbox 1645 2319 1790 2361; x_wconf 79' lang='lat' dir='ltr'>vere</span> <span class='ocrx_word' id='word_1_136' title='bbox 1835 2296 2210 2383; x_wconf 63' lang='lat' dir='ltr'>religiosum</span> <span class='ocrx_word' id='word_1_137' title='bbox 2254 2296 2625 2382; x_wconf 73' lang='lat' dir='ltr'>informare</span> <span class='ocrx_word' id='word_1_138' title='bbox 2669 2307 2800 2360; x_wconf 82' lang='lat' dir='ltr'>stu-</span> 
     </span>
     <span class='ocr_line' id='line_1_19' title="bbox 514 2400 1901 2480; baseline 0.001 -17"><span class='ocrx_word' id='word_1_139' title='bbox 514 2401 797 2480; x_wconf 82' lang='lat' dir='ltr'>duimus,</span> <span class='ocrx_word' id='word_1_140' title='bbox 842 2400 1117 2465; x_wconf 75' lang='lat' dir='ltr'>multum</span> <span class='ocrx_word' id='word_1_141' title='bbox 1163 2401 1505 2480; x_wconf 78' lang='lat' dir='ltr'>distarent,</span> <span class='ocrx_word' id='word_1_142' title='bbox 1553 2401 1901 2466; x_wconf 80' lang='lat' dir='ltr'>omisimus.</span> 
     </span>
    </p>

    <p class='ocr_par' dir='ltr' id='par_1_3' title="bbox 512 2507 2805 4051">
     <span class='ocr_line' id='line_1_20' title="bbox 597 2507 2804 2591; baseline -0.001 -18"><span class='ocrx_word' id='word_1_143' title='bbox 597 2508 773 2573; x_wconf 89' lang='lat' dir='ltr'>Haec</span> <span class='ocrx_word' id='word_1_144' title='bbox 837 2510 986 2572; x_wconf 89' lang='lat' dir='ltr'>sunt</span> <span class='ocrx_word' id='word_1_145' title='bbox 1045 2526 1203 2589; x_wconf 86' lang='lat' dir='ltr'>quae</span> <span class='ocrx_word' id='word_1_146' title='bbox 1263 2509 1341 2573; x_wconf 91' lang='lat' dir='ltr'>de</span> <span class='ocrx_word' id='word_1_147' title='bbox 1396 2507 1640 2573; x_wconf 88' lang='lat' dir='ltr'>duabus</span> <span class='ocrx_word' id='word_1_148' title='bbox 1689 2508 2068 2573; x_wconf 85' lang='lat' dir='ltr'>editionibus</span> <span class='ocrx_word' id='word_1_149' title='bbox 2129 2508 2692 2591; x_wconf 86' lang='lat' dir='ltr'>praestantissimis</span> <span class='ocrx_word' id='word_1_150' title='bbox 2741 2511 2804 2571; x_wconf 91' lang='lat' dir='ltr'>et</span> 
     </span>
     <span class='ocr_line' id='line_1_21' title="bbox 514 2611 2799 2695; baseline -0 -19"><span class='ocrx_word' id='word_1_151' title='bbox 514 2611 741 2694; x_wconf 90' lang='lat' dir='ltr'>quibus</span> <span class='ocrx_word' id='word_1_152' title='bbox 788 2612 937 2677; x_wconf 91' lang='lat' dir='ltr'>solis</span> <span class='ocrx_word' id='word_1_153' title='bbox 969 2630 1199 2677; x_wconf 89' lang='lat' dir='ltr'>nomen</span> <span class='ocrx_word' id='word_1_154' title='bbox 1228 2613 1664 2677; x_wconf 90' lang='lat' dir='ltr'>recensionum</span> <span class='ocrx_word' id='word_1_155' title='bbox 1697 2612 1958 2677; x_wconf 86' lang='lat' dir='ltr'>debetur</span> <span class='ocrx_word' id='word_1_156' title='bbox 1989 2613 2370 2695; x_wconf 87' lang='lat' dir='ltr'>disputanda</span> <span class='ocrx_word' id='word_1_157' title='bbox 2399 2612 2799 2677; x_wconf 87' lang='lat' dir='ltr'>uidebantur.</span> 
     </span>
     <span class='ocr_line' id='line_1_22' title="bbox 514 2714 2801 2799; baseline -0 -18"><span class='ocrx_word' id='word_1_158' title='bbox 514 2720 791 2781; x_wconf 84' lang='lat' dir='ltr'>ceterum</span> <span class='ocrx_word' id='word_1_159' title='bbox 847 2734 921 2779; x_wconf 86' lang='lat' dir='ltr'>ca</span> <span class='ocrx_word' id='word_1_160' title='bbox 964 2734 1125 2799; x_wconf 89' lang='lat' dir='ltr'>quae</span> <span class='ocrx_word' id='word_1_161' title='bbox 1171 2717 1237 2780; x_wconf 90' lang='lat' dir='ltr'>in</span> <span class='ocrx_word' id='word_1_162' title='bbox 1296 2720 1559 2798; x_wconf 84' lang='lat' dir='ltr'>utraque</span> <span class='ocrx_word' id='word_1_163' title='bbox 1609 2716 1820 2781; x_wconf 86' lang='lat' dir='ltr'>addita</span> <span class='ocrx_word' id='word_1_164' title='bbox 1865 2720 2035 2798; x_wconf 90' lang='lat' dir='ltr'>sunt,</span> <span class='ocrx_word' id='word_1_165' title='bbox 2096 2721 2168 2781; x_wconf 90' lang='lat' dir='ltr'>ut</span> <span class='ocrx_word' id='word_1_166' title='bbox 2214 2716 2553 2781; x_wconf 86' lang='lat' dir='ltr'>Cassianus</span> <span class='ocrx_word' id='word_1_167' title='bbox 2600 2714 2801 2781; x_wconf 88' lang='lat' dir='ltr'>Semi-</span> 
     </span>
     <span class='ocr_line' id='line_1_23' title="bbox 512 2821 2802 2906; baseline 0 -21"><span class='ocrx_word' id='word_1_168' title='bbox 512 2821 951 2906; x_wconf 86' lang='lat' dir='ltr'>pelagianismi</span> <span class='ocrx_word' id='word_1_169' title='bbox 998 2840 1277 2885; x_wconf 88' lang='lat' dir='ltr'>errorum</span> <span class='ocrx_word' id='word_1_170' title='bbox 1325 2822 1802 2886; x_wconf 89' lang='lat' dir='ltr'>conuinceretur</span> <span class='ocrx_word' id='word_1_171' title='bbox 1847 2821 2160 2903; x_wconf 88' lang='lat' dir='ltr'>simulque</span> <span class='ocrx_word' id='word_1_172' title='bbox 2203 2821 2607 2903; x_wconf 86' lang='lat' dir='ltr'>refutaretur,</span> <span class='ocrx_word' id='word_1_173' title='bbox 2655 2840 2802 2885; x_wconf 89' lang='lat' dir='ltr'>con-</span> 
     </span>
     <span class='ocr_line' id='line_1_24' title="bbox 518 2924 2802 3010; baseline 0 -21"><span class='ocrx_word' id='word_1_174' title='bbox 518 2926 683 2989; x_wconf 89' lang='lat' dir='ltr'>sulto</span> <span class='ocrx_word' id='word_1_175' title='bbox 747 2924 951 3005; x_wconf 88' lang='lat' dir='ltr'>omisi,</span> <span class='ocrx_word' id='word_1_176' title='bbox 1014 2929 1230 3009; x_wconf 87' lang='lat' dir='ltr'>utpote</span> <span class='ocrx_word' id='word_1_177' title='bbox 1294 2944 1453 3007; x_wconf 87' lang='lat' dir='ltr'>quae</span> <span class='ocrx_word' id='word_1_178' title='bbox 1514 2926 1718 3010; x_wconf 84' lang='lat' dir='ltr'>magis</span> <span class='ocrx_word' id='word_1_179' title='bbox 1781 2926 1858 2990; x_wconf 89' lang='lat' dir='ltr'>ad</span> <span class='ocrx_word' id='word_1_180' title='bbox 1913 2925 2346 3009; x_wconf 86' lang='lat' dir='ltr'>theologorum</span> <span class='ocrx_word' id='word_1_181' title='bbox 2407 2925 2802 3009; x_wconf 89' lang='lat' dir='ltr'>disciplinam</span> 
     </span>
     <span class='ocr_line' id='line_1_25' title="bbox 517 3028 2805 3113; baseline 0 -20"><span class='ocrx_word' id='word_1_182' title='bbox 517 3048 706 3112; x_wconf 90' lang='lat' dir='ltr'>quam</span> <span class='ocrx_word' id='word_1_183' title='bbox 740 3029 816 3094; x_wconf 85' lang='lat' dir='ltr'>ad</span> <span class='ocrx_word' id='word_1_184' title='bbox 850 3028 1103 3094; x_wconf 88' lang='lat' dir='ltr'>editoris</span> <span class='ocrx_word' id='word_1_185' title='bbox 1138 3034 1200 3094; x_wconf 86' lang='lat' dir='ltr'>et</span> <span class='ocrx_word' id='word_1_186' title='bbox 1244 3030 1519 3094; x_wconf 89' lang='lat' dir='ltr'>hominis</span> <span class='ocrx_word' id='word_1_187' title='bbox 1567 3031 1767 3095; x_wconf 89' lang='lat' dir='ltr'>critici</span> <span class='ocrx_word' id='word_1_188' title='bbox 1813 3049 2044 3095; x_wconf 90' lang='lat' dir='ltr'>munus</span> <span class='ocrx_word' id='word_1_189' title='bbox 2090 3031 2464 3113; x_wconf 88' lang='lat' dir='ltr'>pertineant.</span> <span class='ocrx_word' id='word_1_190' title='bbox 2533 3030 2805 3094; x_wconf 88' lang='lat' dir='ltr'>sufficiet</span> 
     </span>
     <span class='ocr_line' id='line_1_26' title="bbox 516 3133 2803 3219; baseline 0 -22"><span class='ocrx_word' id='word_1_191' title='bbox 516 3134 745 3198; x_wconf 84' lang='lat' dir='ltr'>dixisse</span> <span class='ocrx_word' id='word_1_192' title='bbox 778 3133 1123 3217; x_wconf 78' lang='lat' dir='ltr'>Cuyckium</span> <span class='ocrx_word' id='word_1_193' title='bbox 1156 3135 1231 3198; x_wconf 86' lang='lat' dir='ltr'>de</span> <span class='ocrx_word' id='word_1_194' title='bbox 1263 3135 1545 3219; x_wconf 84' lang='lat' dir='ltr'>triginta,</span> <span class='ocrx_word' id='word_1_195' title='bbox 1582 3134 1983 3200; x_wconf 87' lang='lat' dir='ltr'>Ciacconium</span> <span class='ocrx_word' id='word_1_196' title='bbox 2031 3135 2106 3198; x_wconf 87' lang='lat' dir='ltr'>de</span> <span class='ocrx_word' id='word_1_197' title='bbox 2149 3135 2616 3219; x_wconf 83' lang='lat' dir='ltr'>duodetriginta</span> <span class='ocrx_word' id='word_1_198' title='bbox 2660 3151 2803 3217; x_wconf 88' lang='lat' dir='ltr'>pro-</span> 
     </span>
     <span class='ocr_line' id='line_1_27' title="bbox 516 3238 2800 3324; baseline 0 -21"><span class='ocrx_word' id='word_1_199' title='bbox 516 3238 931 3321; x_wconf 89' lang='lat' dir='ltr'>positionibus</span> <span class='ocrx_word' id='word_1_200' title='bbox 964 3238 1251 3303; x_wconf 85' lang='lat' dir='ltr'>Oassiani</span> <span class='ocrx_word' id='word_1_201' title='bbox 1297 3240 1431 3303; x_wconf 90' lang='lat' dir='ltr'>siue</span> <span class='ocrx_word' id='word_1_202' title='bbox 1463 3239 1794 3304; x_wconf 88' lang='lat' dir='ltr'>haereticis</span> <span class='ocrx_word' id='word_1_203' title='bbox 1831 3240 1965 3304; x_wconf 90' lang='lat' dir='ltr'>siue</span> <span class='ocrx_word' id='word_1_204' title='bbox 2013 3241 2319 3324; x_wconf 88' lang='lat' dir='ltr'>suspectis</span> <span class='ocrx_word' id='word_1_205' title='bbox 2361 3240 2800 3323; x_wconf 89' lang='lat' dir='ltr'>disputauisse.</span> 
     </span>
     <span class='ocr_line' id='line_1_28' title="bbox 515 3344 2804 3433; baseline 0 -26"><span class='ocrx_word' id='word_1_206' title='bbox 515 3362 594 3407; x_wconf 91' lang='lat' dir='ltr'>ne</span> <span class='ocrx_word' id='word_1_207' title='bbox 656 3346 867 3407; x_wconf 86' lang='lat' dir='ltr'>autem</span> <span class='ocrx_word' id='word_1_208' title='bbox 934 3345 1199 3433; x_wconf 73' lang='lat' dir='ltr'>lectores</span> <span class='ocrx_word' id='word_1_209' title='bbox 1269 3344 1424 3408; x_wconf 85' lang='lat' dir='ltr'>talia</span> <span class='ocrx_word' id='word_1_210' title='bbox 1482 3362 1728 3426; x_wconf 89' lang='lat' dir='ltr'>quoquc</span> <span class='ocrx_word' id='word_1_211' title='bbox 1793 3344 2219 3409; x_wconf 88' lang='lat' dir='ltr'>desiderantes</span> <span class='ocrx_word' id='word_1_212' title='bbox 2288 3344 2537 3427; x_wconf 89' lang='lat' dir='ltr'>penitus</span> <span class='ocrx_word' id='word_1_213' title='bbox 2607 3344 2804 3408; x_wconf 90' lang='lat' dir='ltr'>lateat</span> 
     </span>
     <span class='ocr_line' id='line_1_29' title="bbox 517 3447 2800 3531; baseline 0.001 -21"><span class='ocrx_word' id='word_1_214' title='bbox 517 3464 675 3529; x_wconf 90' lang='lat' dir='ltr'>quae</span> <span class='ocrx_word' id='word_1_215' title='bbox 738 3447 934 3511; x_wconf 85' lang='lat' dir='ltr'>uerba</span> <span class='ocrx_word' id='word_1_216' title='bbox 979 3447 1299 3531; x_wconf 91' lang='lat' dir='ltr'>scriptoris</span> <span class='ocrx_word' id='word_1_217' title='bbox 1359 3448 1722 3513; x_wconf 88' lang='lat' dir='ltr'>hominibus</span> <span class='ocrx_word' id='word_1_218' title='bbox 1788 3449 2112 3514; x_wconf 86' lang='lat' dir='ltr'>catholicis</span> <span class='ocrx_word' id='word_1_219' title='bbox 2160 3448 2488 3513; x_wconf 90' lang='lat' dir='ltr'>offensioni</span> <span class='ocrx_word' id='word_1_220' title='bbox 2545 3448 2800 3527; x_wconf 86' lang='lat' dir='ltr'>fuerint,</span> 
     </span>
     <span class='ocr_line' id='line_1_30' title="bbox 515 3551 2804 3637; baseline 0.001 -23"><span class='ocrx_word' id='word_1_221' title='bbox 515 3551 686 3615; x_wconf 90' lang='lat' dir='ltr'>locos</span> <span class='ocrx_word' id='word_1_222' title='bbox 732 3552 901 3634; x_wconf 91' lang='lat' dir='ltr'>ipsos</span> <span class='ocrx_word' id='word_1_223' title='bbox 949 3555 1011 3615; x_wconf 91' lang='lat' dir='ltr'>et</span> <span class='ocrx_word' id='word_1_224' title='bbox 1056 3552 1333 3635; x_wconf 90' lang='lat' dir='ltr'>capitula</span> <span class='ocrx_word' id='word_1_225' title='bbox 1379 3553 1454 3615; x_wconf 88' lang='lat' dir='ltr'>de</span> <span class='ocrx_word' id='word_1_226' title='bbox 1486 3551 1716 3633; x_wconf 85' lang='lat' dir='ltr'>quihus</span> <span class='ocrx_word' id='word_1_227' title='bbox 1751 3554 1958 3637; x_wconf 86' lang='lat' dir='ltr'>agitur</span> <span class='ocrx_word' id='word_1_228' title='bbox 1997 3553 2100 3618; x_wconf 90' lang='lat' dir='ltr'>hic</span> <span class='ocrx_word' id='word_1_229' title='bbox 2133 3552 2446 3617; x_wconf 82' lang='lat' dir='ltr'>adscribo:</span> <span class='ocrx_word' id='word_1_230' title='bbox 2494 3553 2651 3617; x_wconf 89' lang='lat' dir='ltr'>Inst.</span> <span class='ocrx_word' id='word_1_231' title='bbox 2685 3553 2804 3633; x_wconf 92' lang='lat' dir='ltr'><strong>III,</strong></span> 
     </span>
     <span class='ocr_line' id='line_1_31' title="bbox 516 3653 2802 3737; baseline 0.001 -20"><span class='ocrx_word' id='word_1_232' title='bbox 516 3654 577 3719; x_wconf 94' lang='grc'>2.</span> <span class='ocrx_word' id='word_1_233' title='bbox 611 3654 671 3719; x_wconf 89' lang='grc'>9.</span> <span class='ocrx_word' id='word_1_234' title='bbox 709 3653 808 3719; x_wconf 88' lang='grc'>10.</span> <span class='ocrx_word' id='word_1_235' title='bbox 842 3656 918 3735; x_wconf 91' lang='lat' dir='ltr'>V,</span> <span class='ocrx_word' id='word_1_236' title='bbox 952 3654 1054 3718; x_wconf 85' lang='lat'>34.</span> <span class='ocrx_word' id='word_1_237' title='bbox 1089 3654 1191 3719; x_wconf 79' lang='lat'>37.</span> <span class='ocrx_word' id='word_1_238' title='bbox 1226 3654 1329 3719; x_wconf 84' lang='grc'>39.</span> <span class='ocrx_word' id='word_1_239' title='bbox 1354 3654 1457 3720; x_wconf 89' lang='grc'>40.</span> <span class='ocrx_word' id='word_1_240' title='bbox 1492 3656 1603 3737; x_wconf 88' lang='lat' dir='ltr'>VI,</span> <span class='ocrx_word' id='word_1_241' title='bbox 1641 3654 1738 3721; x_wconf 83' lang='lat'>18.</span> <span class='ocrx_word' id='word_1_242' title='bbox 1771 3657 1916 3737; x_wconf 88' lang='lat' dir='ltr'>XII,</span> <span class='ocrx_word' id='word_1_243' title='bbox 1949 3656 2009 3721; x_wconf 89' lang='lat'>4.</span> <span class='ocrx_word' id='word_1_244' title='bbox 2043 3656 2104 3720; x_wconf 81' lang='lat'>5.</span> <span class='ocrx_word' id='word_1_245' title='bbox 2143 3656 2242 3721; x_wconf 91' lang='lat'>14.</span> <span class='ocrx_word' id='word_1_246' title='bbox 2278 3657 2450 3722; x_wconf 86' lang='lat' dir='ltr'>Conl.</span> <span class='ocrx_word' id='word_1_247' title='bbox 2485 3658 2536 3737; x_wconf 91' lang='lat' dir='ltr'>I,</span> <span class='ocrx_word' id='word_1_248' title='bbox 2574 3655 2670 3720; x_wconf 84' lang='lat'>17.</span> <span class='ocrx_word' id='word_1_249' title='bbox 2703 3654 2802 3720; x_wconf 87' lang='grc'>19.</span> 
     </span>
     <span class='ocr_line' id='line_1_32' title="bbox 517 3756 2802 3842; baseline 0.001 -21"><span class='ocrx_word' id='word_1_250' title='bbox 517 3756 621 3824; x_wconf 95' lang='grc'>20.</span> <span class='ocrx_word' id='word_1_251' title='bbox 654 3759 772 3840; x_wconf 83' lang='grc' dir='ltr'>ΠΙ,</span> <span class='ocrx_word' id='word_1_252' title='bbox 808 3758 908 3823; x_wconf 95' lang='grc'>11.</span> <span class='ocrx_word' id='word_1_253' title='bbox 946 3758 1046 3823; x_wconf 95' lang='grc'>12.</span> <span class='ocrx_word' id='word_1_254' title='bbox 1086 3758 1184 3823; x_wconf 87' lang='grc'>19.</span> <span class='ocrx_word' id='word_1_255' title='bbox 1228 3760 1378 3839; x_wconf 89' lang='lat' dir='ltr'><strong>HII,</strong></span> <span class='ocrx_word' id='word_1_256' title='bbox 1413 3759 1471 3824; x_wconf 86' lang='lat'>7.</span> <span class='ocrx_word' id='word_1_257' title='bbox 1516 3760 1659 3842; x_wconf 93' lang='lat' dir='ltr'><strong>VII,</strong></span> <span class='ocrx_word' id='word_1_258' title='bbox 1691 3759 1751 3825; x_wconf 91' lang='lat'>4.</span> <span class='ocrx_word' id='word_1_259' title='bbox 1788 3760 1846 3824; x_wconf 86' lang='lat'>7.</span> <span class='ocrx_word' id='word_1_260' title='bbox 1881 3759 1940 3825; x_wconf 83' lang='lat'>8.</span> <span class='ocrx_word' id='word_1_261' title='bbox 1979 3760 2078 3824; x_wconf 88' lang='lat'>13.</span> <span class='ocrx_word' id='word_1_262' title='bbox 2112 3760 2215 3825; x_wconf 89' lang='lat'>30.</span> <span class='ocrx_word' id='word_1_263' title='bbox 2251 3759 2354 3825; x_wconf 84' lang='grc'>32.</span> <span class='ocrx_word' id='word_1_264' title='bbox 2397 3760 2574 3840; x_wconf 91' lang='lat' dir='ltr'><strong>VIII,</strong></span> <span class='ocrx_word' id='word_1_265' title='bbox 2607 3760 2665 3825; x_wconf 83' lang='lat'>7.</span> <span class='ocrx_word' id='word_1_266' title='bbox 2704 3758 2802 3823; x_wconf 92' lang='grc'>10.</span> 
     </span>
     <span class='ocr_line' id='line_1_33' title="bbox 522 3861 2804 3947; baseline 0.001 -22"><span class='ocrx_word' id='word_1_267' title='bbox 522 3862 621 3927; x_wconf 83' lang='lat'>17.</span> <span class='ocrx_word' id='word_1_268' title='bbox 648 3861 749 3927; x_wconf 91' lang='grc'>21.</span> <span class='ocrx_word' id='word_1_269' title='bbox 779 3863 986 3944; x_wconf 88' lang='lat' dir='ltr'><strong>VIIII,</strong></span> <span class='ocrx_word' id='word_1_270' title='bbox 1019 3862 1114 3927; x_wconf 88' lang='lat'>19.</span> <span class='ocrx_word' id='word_1_271' title='bbox 1143 3862 1246 3927; x_wconf 91' lang='grc'><strong>24.</strong></span> <span class='ocrx_word' id='word_1_272' title='bbox 1272 3862 1375 3927; x_wconf 87' lang='lat'>34.</span> <span class='ocrx_word' id='word_1_273' title='bbox 1403 3864 1483 3945; x_wconf 90' lang='lat' dir='ltr'>X,</span> <span class='ocrx_word' id='word_1_274' title='bbox 1506 3863 1567 3928; x_wconf 95' lang='grc'><strong>2.</strong></span> <span class='ocrx_word' id='word_1_275' title='bbox 1594 3864 1772 3945; x_wconf 88' lang='lat' dir='ltr'><strong>XIII,</strong></span> <span class='ocrx_word' id='word_1_276' title='bbox 1799 3864 2262 3947; x_wconf 80' lang='lat' dir='ltr'>7-16,XV11,</span> <span class='ocrx_word' id='word_1_277' title='bbox 2288 3863 2346 3928; x_wconf 84' lang='grc'>8.</span> <span class='ocrx_word' id='word_1_278' title='bbox 2377 3863 2476 3928; x_wconf 81' lang='lat'>15.</span> <span class='ocrx_word' id='word_1_279' title='bbox 2507 3864 2607 3929; x_wconf 80' lang='lat'>17.</span> <span class='ocrx_word' id='word_1_280' title='bbox 2637 3863 2804 3927; x_wconf 85' lang='lat'>19—</span> 
     </span>
     <span class='ocr_line' id='line_1_34' title="bbox 517 3956 2642 4051; baseline 0.001 -20"><span class='ocrx_word' id='word_1_281' title='bbox 517 3966 621 4031; x_wconf 83' lang='lat'>24.</span> <span class='ocrx_word' id='word_1_282' title='bbox 654 3965 756 4031; x_wconf 87' lang='lat'>30.</span> <span class='ocrx_word' id='word_1_283' title='bbox 800 3968 939 4049; x_wconf 89' lang='lat' dir='ltr'>XX,</span> <span class='ocrx_word' id='word_1_284' title='bbox 974 3966 1032 4032; x_wconf 89' lang='grc'>8.</span> <span class='ocrx_word' id='word_1_285' title='bbox 1075 3968 1246 4050; x_wconf 90' lang='lat' dir='ltr'><strong>XXI,</strong></span> <span class='ocrx_word' id='word_1_286' title='bbox 1278 3966 1339 4032; x_wconf 93' lang='lat'>4.</span> <span class='ocrx_word' id='word_1_287' title='bbox 1372 3968 1431 4033; x_wconf 81' lang='grc'>5.</span> <span class='ocrx_word' id='word_1_288' title='bbox 1468 3966 1525 4033; x_wconf 92' lang='grc'>9.</span> <span class='ocrx_word' id='word_1_289' title='bbox 1564 3956 1665 4033; x_wconf 74' lang='lat'>10¹.</span> <span class='ocrx_word' id='word_1_290' title='bbox 1700 3968 1802 4033; x_wconf 93' lang='grc'>29.</span> <span class='ocrx_word' id='word_1_291' title='bbox 1837 3968 1940 4034; x_wconf 87' lang='grc'>30.</span> <span class='ocrx_word' id='word_1_292' title='bbox 1987 3970 2225 4051; x_wconf 87' lang='lat' dir='ltr'><strong>XXIII,</strong></span> <span class='ocrx_word' id='word_1_293' title='bbox 2258 3968 2316 4034; x_wconf 93' lang='grc'>2.</span> <span class='ocrx_word' id='word_1_294' title='bbox 2349 3967 2412 4033; x_wconf 92' lang='grc'>4.</span> <span class='ocrx_word' id='word_1_295' title='bbox 2445 3968 2505 4033; x_wconf 83' lang='lat'>5.</span> <span class='ocrx_word' id='word_1_296' title='bbox 2545 3967 2642 4033; x_wconf 93' lang='grc'>12.</span> 
     </span>
    </p>

    <p class='ocr_par' dir='ltr' id='par_1_4' title="bbox 518 4070 2806 4470">
     <span class='ocr_line' id='line_1_35' title="bbox 604 4070 2806 4158; baseline 0 -21"><span class='ocrx_word' id='word_1_297' title='bbox 604 4070 898 4155; x_wconf 87' lang='lat' dir='ltr'>Sequitur</span> <span class='ocrx_word' id='word_1_298' title='bbox 943 4073 1072 4136; x_wconf 89' lang='lat' dir='ltr'>iam</span> <span class='ocrx_word' id='word_1_299' title='bbox 1118 4091 1191 4137; x_wconf 89' lang='lat' dir='ltr'>ea</span> <span class='ocrx_word' id='word_1_300' title='bbox 1246 4072 1454 4154; x_wconf 89' lang='lat' dir='ltr'>editi0,</span> <span class='ocrx_word' id='word_1_301' title='bbox 1516 4091 1676 4156; x_wconf 87' lang='lat' dir='ltr'>quae</span> <span class='ocrx_word' id='word_1_302' title='bbox 1737 4093 1923 4158; x_wconf 90' lang='lat' dir='ltr'>saepe</span> <span class='ocrx_word' id='word_1_303' title='bbox 1967 4076 2237 4157; x_wconf 86' lang='lat' dir='ltr'>repetita</span> <span class='ocrx_word' id='word_1_304' title='bbox 2295 4092 2492 4157; x_wconf 88' lang='lat' dir='ltr'>usque</span> <span class='ocrx_word' id='word_1_305' title='bbox 2555 4074 2634 4138; x_wconf 86' lang='lat' dir='ltr'>ad</span> <span class='ocrx_word' id='word_1_306' title='bbox 2694 4092 2806 4138; x_wconf 93' lang='lat' dir='ltr'>no-</span> 
     </span>
     <span class='ocr_line' id='line_1_36' title="bbox 520 4176 2806 4261; baseline 0 -20"><span class='ocrx_word' id='word_1_307' title='bbox 520 4180 717 4241; x_wconf 87' lang='lat' dir='ltr'>stram</span> <span class='ocrx_word' id='word_1_308' title='bbox 778 4178 1052 4241; x_wconf 87' lang='lat' dir='ltr'>aetatem</span> <span class='ocrx_word' id='word_1_309' title='bbox 1114 4176 1459 4241; x_wconf 85' lang='lat' dir='ltr'>nouissima</span> <span class='ocrx_word' id='word_1_310' title='bbox 1520 4179 1761 4243; x_wconf 82' lang='lat' dir='ltr'>extitit:</span> <span class='ocrx_word' id='word_1_311' title='bbox 1825 4198 1984 4261; x_wconf 88' lang='lat' dir='ltr'>quae</span> <span class='ocrx_word' id='word_1_312' title='bbox 2046 4183 2292 4259; x_wconf 87' lang='lat' dir='ltr'>tamen,</span> <span class='ocrx_word' id='word_1_313' title='bbox 2356 4182 2666 4260; x_wconf 84' lang='lat' dir='ltr'>quantum</span> <span class='ocrx_word' id='word_1_314' title='bbox 2727 4178 2806 4241; x_wconf 87' lang='lat' dir='ltr'>ad</span> 
     </span>
     <span class='ocr_line' id='line_1_37' title="bbox 518 4279 2806 4365; baseline 0 -21"><span class='ocrx_word' id='word_1_315' title='bbox 518 4280 838 4364; x_wconf 88' lang='lat' dir='ltr'>scriptoris</span> <span class='ocrx_word' id='word_1_316' title='bbox 899 4279 1095 4345; x_wconf 90' lang='lat' dir='ltr'>uerba</span> <span class='ocrx_word' id='word_1_317' title='bbox 1153 4281 1399 4362; x_wconf 88' lang='lat' dir='ltr'>attinet,</span> <span class='ocrx_word' id='word_1_318' title='bbox 1464 4299 1592 4347; x_wconf 91' lang='lat' dir='ltr'>non</span> <span class='ocrx_word' id='word_1_319' title='bbox 1639 4300 1804 4347; x_wconf 87' lang='lat' dir='ltr'>noua</span> <span class='ocrx_word' id='word_1_320' title='bbox 1845 4283 2124 4347; x_wconf 89' lang='lat' dir='ltr'>recensio</span> <span class='ocrx_word' id='word_1_321' title='bbox 2185 4283 2326 4363; x_wconf 82' lang='lat' dir='ltr'>fuit,</span> <span class='ocrx_word' id='word_1_322' title='bbox 2390 4283 2500 4347; x_wconf 88' lang='lat' dir='ltr'>sed</span> <span class='ocrx_word' id='word_1_323' title='bbox 2548 4281 2806 4365; x_wconf 82' lang='lat' dir='ltr'>Cuyckii</span> 
     </span>
     <span class='ocr_line' id='line_1_38' title="bbox 519 4384 2800 4470; baseline 0.002 -23"><span class='ocrx_word' id='word_1_324' title='bbox 519 4389 581 4450; x_wconf 89' lang='lat' dir='ltr'>et</span> <span class='ocrx_word' id='word_1_325' title='bbox 613 4384 925 4449; x_wconf 87' lang='lat' dir='ltr'>Ciacconii</span> <span class='ocrx_word' id='word_1_326' title='bbox 972 4386 1349 4468; x_wconf 81' lang='lat' dir='ltr'>exemplaria</span> <span class='ocrx_word' id='word_1_327' title='bbox 1376 4386 1541 4449; x_wconf 90' lang='lat' dir='ltr'>inter</span> <span class='ocrx_word' id='word_1_328' title='bbox 1589 4406 1654 4450; x_wconf 90' lang='lat' dir='ltr'>se</span> <span class='ocrx_word' id='word_1_329' title='bbox 1687 4386 2024 4451; x_wconf 85' lang='lat' dir='ltr'>commixta</span> <span class='ocrx_word' id='word_1_330' title='bbox 2063 4391 2126 4451; x_wconf 92' lang='lat' dir='ltr'>et</span> <span class='ocrx_word' id='word_1_331' title='bbox 2171 4388 2434 4452; x_wconf 86' lang='lat' dir='ltr'>confusa</span> <span class='ocrx_word' id='word_1_332' title='bbox 2479 4388 2800 4470; x_wconf 83' lang='lat' dir='ltr'>expressit.</span> 
     </span>
    </p>
   </div>
  </div>
 </body>
</html>
