3167 4975
536 388 787 445 LXIIII

536 577 592 640 p.
621 555 768 636 574,
801 555 880 619 15
903 555 1040 618 ΒΕ
1062 557 1178 621 soli
1213 555 1519 632 donaria,
1552 558 1689 639 Οβυ
1720 578 1995 619 munera
2028 554 2343 621 exhibent.
2376 594 2462 603 -—
2492 576 2553 641 p.
2580 554 2828 637 657,28

541 662 916 725 uocabulum
961 662 1162 727 rarius
1201 660 1617 745 pontzflcium
1662 660 1740 725 ab
1781 663 1947 743 0²,6'v
1995 666 2227 726 temere
2275 666 2591 727 mutatum
2638 662 2831 726 estin

529 764 992 850 priuileyium.
1057 804 1142 812 —
1200 787 1258 849 p.
1303 764 1451 845 535,
1493 765 1535 829 2
1590 766 1657 830 in
1710 767 1845 831 loeo
1892 767 1967 829 de
2014 784 2134 849 quo
2182 786 2373 850 supra
2416 766 2829 831 disseruimus

537 868 725 931 ΒΕΘ
747 868 975 955 alapa,
997 875 1082 953 βυ
1102 869 1330 955 palma
1354 872 1603 955 legunt:
1640 872 1856 935 eadem
1890 870 2312 953 discrepantia
2344 874 2441 936 est
2463 892 2523 955 p.
2549 869 2697 951 629,
2728 869 2827 934 16.

537 1012 622 1020 --
669 994 854 1059 saepe
898 976 1159 1059 pluralis
1208 995 1527 1056 numeruS‚
1576 995 1765 1057 quem
1804 976 2093 1040 meliores
2126 979 2556 1055 seruauerunt,
2602 976 2669 1040 in
2700 975 2831 1039 sin-

537 1080 822 1163 gularem
869 1084 1153 1145 mutatus
1200 1080 1470 1145 occurrit
1515 1080 1580 1143 in
1613 1078 2053 1144 deterioribus:
2103 1100 2163 1163 p.
2197 1078 2347 1159 550,
2384 1078 2464 1143 16
2496 1078 2829 1141 inritatio-

537 1206 693 1245 ‘num
721 1182 966 1259 BFOr,
1001 1183 1416 1246 invitationis
1447 1188 1544 1265 βο.
1580 1182 1729 1264 560,
1762 1182 1801 1245 8
1835 1182 2190 1268 culparum
2220 1182 2354 1245 ΒΕ
2354 1182 2427 1261 Ο,
2459 1182 2696 1269 culpae
2724 1189 2826 1266 βυ.

537 1286 806 1368 595,16
867 1288 1128 1351 iudicia
1187 1290 1439 1371 scripsi:
1501 1287 1757 1351 indicia
1801 1287 1944 1365 ΒΕ,
2009 1286 2336 1351 iudicium
2388 1290 2543 1370 Οβυ.
2608 1287 2757 1369 622,
2786 1287 2830 1351 4

537 1392 1091 1479 inpuynationum
1121 1392 1253 1455 ΒΕ
1255 1390 1366 1469 Or,
1411 1392 1911 1479 inpugnationis
1940 1397 2037 1475 βο.
2086 1391 2233 1473 628,
2266 1391 2351 1455 22
2383 1391 2830 1478 deceptionum

536 1496 668 1560 ΒΕ
669 1496 740 1573 Ο,
789 1497 1181 1581 deceptionis
1225 1502 1326 1579 βυ.
1376 1496 1522 1577 675,
1561 1499 1595 1559 l
1645 1496 1899 1559 animas
1943 1494 2086 1574 ΒΕ,
2144 1496 2355 1560 anime
2410 1495 2483 1573 O,
2541 1495 2830 1559 animam

541 1601 656 1663 Kv.
707 1601 854 1683 681,
899 1600 975 1664 17
1029 1601 1284 1686 laqueos
1331 1600 1462 1663 ΒΕ
1464 1600 1536 1677 O,
1589 1600 1892 1687 laqueum
1936 1600 2057 1664 Kv.
2104 1601 2252 1681 694,
2287 1601 2328 1665 2
2382 1600 2639 1685 laqueos
2685 1600 2827 1679 BF,

539 1705 838 1791 laqueum
891 1707 1046 1789 Οβυ.
1097 1706 1244 1787 687,
1284 1706 1362 1769 13
1408 1705 1717 1791 ememplis
1763 1705 1905 1784 ΒΕ,
1952 1704 2235 1791 exempli
2273 1704 2345 1783 O,
2394 1704 2679 1790 exemplo
2724 1711 2826 1789 βυ.

537 1850 620 1857 ——
677 1810 906 1874 etenim
957 1830 1068 1895 pro
1125 1809 1293 1873 enim
1347 1811 1625 1894 positum
1670 1832 1729 1895 p.
1766 1810 1914 1893 530,
1948 1810 2033 1874 25
2082 1810 2213 1897 (β).
2259 1810 2408 1891 543,
2447 1811 2526 1873 12
2576 1810 2825 1896 (RKv).

535 1916 684 1997 568,
737 1915 812 1978 17
867 1916 998 2002 (β).
1061 1955 1144 1962 -—
1203 1936 1548 2000 pronomen
1603 1918 2035 2001 possessiuum
2090 1917 2398 1981 omissum
2450 1935 2510 2000 p.
2552 1916 2701 1996 523,
2750 1916 2827 1980 13

533 2031 824 2083 'nostram
874 2020 1000 2105 (β).
1049 2018 1196 2101 556,
1232 2020 1268 2082 7
1315 2020 1426 2083 8ui
1475 2019 1707 2106 (Οβυ).
1755 2020 1902 2100 563,
1941 2020 2020 2083 13
2068 2030 2186 2083 tua
2234 2018 2395 2105 (βο).
2450 2019 2598 2101 568,
2629 2020 2674 2082 4
2716 2019 2829 2082 sui

539 2124 704 2209 (βυ).
755 2124 900 2204 640,
935 2124 1021 2187 22
1065 2147 1222 2187 suae
1273 2124 1434 2209 (βο).
1493 2124 1639 2205 676,
1680 2125 1758 2188 15
1802 2146 1993 2187 suam
2041 2123 2190 2208 (K).
2246 2124 2393 2206 694,
2427 2124 2514 2188 24
2566 2134 2828 2189 nostrae

539 2231 766 2313 (Οβυ).
815 2228 961 2310 697,
1009 2228 1088 2292 10
1139 2229 1280 2291 suis
1341 2228 1570 2313 (Οβυ).
1628 2268 1711 2275 —-
1768 2229 1965 2292 etiam
2010 2231 2315 2295 omissum
2369 2228 2517 2310 559,
2559 2228 2639 2292 21
2694 2227 2825 2315 (β).

535 2332 682 2413 608,
719 2332 751 2394 7
793 2331 960 2419 (β-ν).
995 2333 1142 2413 627,
1177 2332 1217 2395 2
1253 2333 1422 2417 (βν).
1457 2333 1603 2414 649,
1644 2334 1712 2395 11
1758 2334 1920 2418 (βυ).
1969 2372 2055 2379 —-—
2100 2334 2295 2397 etiam
2326 2334 2487 2399 falso
2520 2332 2827 2397 additum

534 2436 681 2521 518,
717 2439 758 2502 2
797 2436 1106 2524 (ΟΕΚυ).
1139 2438 1287 2519 547,
1329 2438 1406 2502 16
1441 2438 1700 2524 (Οἳβυ).
1749 2436 1897 2520 548,
1939 2439 1966 2501 1
2008 2436 2152 2522 (βυ.·
2197 2438 2367 2502 enim
2419 2437 2525 2522 O).
2558 2438 2707 2519 550,
2745 2437 2826 2503 15

539 2543 797 2628 (Οἳβυ).
831 2543 978 2622 566,
1017 2544 1048 2605 1
1090 2543 1348 2627 (Οἳβυ).
1383 2541 1529 2624 628,
1565 2544 1605 2606 2
1641 2542 1871 2628 (Οβυ).
1923 2581 1999 2590 --
2043 2543 2341 2628 propelli
2384 2563 2495 2628 pro
2542 2542 2827 2629 conpelli

535 2647 682 2727 623,
736 2648 814 2711 10
887 2648 1026 2732 (β).·
1089 2649 1164 2712 ef.
1232 2647 1377 2729 620,
1433 2647 1530 2711 11.
1594 2686 1681 2694 -
1735 2669 1971 2732 corpus
2027 2669 2137 2732 pro
2193 2668 2345 2710 caro
2402 2652 2466 2713 et
2519 2649 2823 2714 inuicem:

535 2752 682 2832 640,
708 2752 786 2814 21
829 2752 992 2836 (βυ).
1027 2751 1172 2832 649,
1200 2751 1284 2814 22
1319 2751 1484 2837 (βυ).
1519 2750 1667 2832 655,
1701 2753 1777 2815 12
1812 2751 1977 2837 (βυ).
2012 2752 2159 2833 679,
2194 2753 2235 2816 2
2271 2751 2455 2837 (Κυ).
2488 2791 2574 2800 -
2604 2775 2825 2838 eoeper-

532 2855 708 2941 qitus
755 2876 865 2940 pro
912 2854 1406 2941 expergefactus
1453 2856 1601 2937 601,
1639 2857 1692 2920 1.
1744 2856 1891 2938 612,
1932 2856 2028 2920 18.
2063 2857 2211 2938 616,
2249 2855 2345 2921 18.
2396 2895 2481 2903 -
2526 2857 2668 2920 siue
2712 2877 2823 2942 pro

531 2982 646 3022 seu,
691 2959 838 3040 548,
881 2960 922 3023 3
973 2959 1138 3044 (βυ).
1186 2960 1335 3041 560,
1383 2959 1459 3022 18
1512 2960 1677 3044 (βυ).
1725 2961 1874 3043 566,
1916 2961 1956 3023 6
2016 2960 2181 3046 (βυ).
2238 2961 2385 3042 607,
2428 2962 2467 3023 9
2526 2962 2689 3046 (βυ).
2740 3000 2823 3008 -

535 3075 672 3126 tum
718 3084 828 3148 pro
876 3073 1028 3126 tunc
1073 3063 1220 3145 606,
1253 3065 1311 3128 3.
1348 3063 1494 3143 675,
1531 3065 1589 3128 3.
1626 3064 1773 3144 684,
1806 3066 1864 3129 6.
1916 3103 2001 3112 -
2048 3067 2185 3150 ipse
2232 3064 2349 3128 ille
2392 3085 2503 3150 pro
2538 3065 2653 3129 ille
2684 3067 2825 3152 ipse

531 3169 680 3250 535,
713 3169 794 3232 27
834 3168 1062 3253 (Ηβυ).
1097 3169 1243 3249 611,
1284 3168 1534 3255 12(βυ).
1568 3168 1715 3250 646,
1754 3169 1835 3231 14
1870 3169 2033 3254 (βυ).
2080 3209 2166 3216 —-
2212 3169 2358 3252 622,
2397 3170 2479 3234 14
2524 3171 2825 3258 indaqewz

533 3275 785 3354 falsum,
849 3293 994 3337 eum
1042 3273 1382 3338 Cassianus
1445 3278 1697 3339 tantum
1758 3276 1961 3339 forma
2020 3274 2259 3361 indaqo
2291 3313 2365 3322 --
2392 3275 2525 3338 inis
2586 3281 2821 3342 utatur.

531 3415 616 3424 -
660 3399 946 3441 summus
993 3397 1103 3462 pro
1147 3376 1452 3440 sublimis
1498 3377 1645 3458 645,
1682 3377 1763 3441 12
1798 3378 1963 3464 (βυ).
2014 3417 2093 3426 -
2131 3379 2408 3465 preca-ri
2451 3400 2561 3465 pro
2604 3380 2825 3466 depre-

533 3482 677 3545 cari
721 3481 868 3562 659,
902 3481 988 3545 24
1023 3481 1216 3569 (Οβ).
1263 3520 1350 3529 -
1395 3482 1466 3544 in
1514 3502 1659 3548 cum
1707 3483 1895 3548 ablat.
1931 3504 2042 3568 pro
2089 3484 2161 3547 in
2206 3504 2351 3549 eum
2396 3504 2601 3550 aecus
2638 3505 2823 3570 saepe

532 3589 731 3652 utitur
778 3587 1148 3652 Cassianus:
1211 3592 1378 3652 reete
1439 3608 1585 3672 ergo
1651 3609 1717 3652 se
1778 3589 2017 3654 habent
2059 3611 2120 3672 p.
2154 3588 2303 3670 507,
2345 3589 2424 3652 27
2474 3589 2822 3652 secedentes

531 3691 604 3753 in
650 3689 910 3754 cellulis
952 3690 1156 3777 (ΕΗ),
1202 3691 1350 3772 523,
1391 3692 1468 3755 13
1515 3692 1765 3755 πίνακί
1812 3692 1882 3754 in
1928 3694 2146 3757 caueis
2182 3692 2343 3777 (ΒΕ
2344 3692 2516 3780 OR),
2556 3693 2704 3774 663,
2738 3693 2817 3758 21

533 3795 604 3858 in
651 3817 773 3882 quo
825 3794 1028 3882 (quod
1081 3793 1236 3880 Οβο)
1293 3795 1603 3858 reuoluti.

618 3901 915 3982 Reliquos
949 3901 1115 3964 locos
1164 3901 1570 3985 interpolatos
1614 3902 1679 3966 in
1710 3902 1887 3966 libris
1921 3902 2333 3969 deterioribus
2366 3904 2581 3968 ordine
2610 3925 2822 3988 perse-

533 4024 797 4087 quemur
843 4011 1092 4088 praeter
1138 4023 1261 4085 eoS‚
1310 4005 1416 4087 qui
1464 4009 1572 4069 aut
1618 4026 1729 4089 per
1775 4027 1842 4069 se
1888 4007 2210 4072 manifesti
2252 4014 2400 4072 sunt
2446 4012 2555 4073 aut
2600 4009 2666 4073 in
2713 4028 2820 4092 ap-

532 4115 756 4192 paratu
819 4109 1033 4173 critico
1081 4110 1517 4174 inlustrantur.
1589 4147 1675 4155 —
1718 4131 1779 4193 p.
1812 4109 1961 4191 503,
2000 4111 2075 4173 17
2116 4133 2242 4198 per
2303 4112 2819 4199 conqreqationes

523 4211 939 4298 perdurant:
1013 4215 1093 4277 ef.
1147 4214 1306 4278 Inst.
1372 4214 1522 4294 IIII,
1582 4213 1616 4275 1
1670 4236 1799 4299 per
1858 4216 2256 4280 monasteria
2316 4215 2658 4280 custodiri.
2736 4255 2820 4265 —

529 4337 590 4401 p.
624 4316 773 4397 505,
815 4316 856 4380 6
915 4317 1238 4404 suscepti]
1283 4319 1360 4382 ef.
1405 4339 1464 4403 p.
1499 4317 1649 4400 507,
1695 4317 1791 4383 12.
1856 4357 1943 4366 -
1987 4342 2047 4405 p.
2078 4320 2227 4403 506,
2270 4321 2310 4386 6
2372 4341 2517 4386 eum
2575 4320 2697 4384 ΕΒ
2758 4327 2821 4386 et
