<?xml version="1.0" encoding="UTF-8"?>
<!DOCTYPE html PUBLIC "-//W3C//DTD XHTML 1.0 Transitional//EN"
    "http://www.w3.org/TR/xhtml1/DTD/xhtml1-transitional.dtd">
<html xmlns="http://www.w3.org/1999/xhtml" xml:lang="en" lang="en">
 <head>
  <title>
</title>
<meta http-equiv="Content-Type" content="text/html;charset=utf-8" />
  <meta name='ocr-system' content='tesseract 3.04.00' />
  <meta name='ocr-capabilities' content='ocr_page ocr_carea ocr_par ocr_line ocrx_word'/>
</head>
<body>
  <div class='ocr_page' id='page_1' title='image "./corpusscriptoru28wissgoog_0157.png"; bbox 0 0 3167 4975; ppageno 0'>
   <div class='ocr_carea' id='block_1_1' title="bbox 300 2096 352 2138">
    <p class='ocr_par' dir='ltr' id='par_1_1' title="bbox 300 2096 352 2138">
     <span class='ocr_line' id='line_1_1' title="bbox 300 2096 352 2138; baseline 0 0"><span class='ocrx_word' id='word_1_1' title='bbox 300 2096 352 2138; x_wconf 80' lang='lat'><strong>15</strong></span> 
     </span>
    </p>
   </div>
   <div class='ocr_carea' id='block_1_2' title="bbox 292 3142 349 3184">
    <p class='ocr_par' dir='ltr' id='par_1_2' title="bbox 292 3142 349 3184">
     <span class='ocr_line' id='line_1_2' title="bbox 292 3142 349 3184; baseline -0.035 0"><span class='ocrx_word' id='word_1_2' title='bbox 292 3142 349 3184; x_wconf 70' lang='lat'><strong>25</strong></span> 
     </span>
    </p>
   </div>
   <div class='ocr_carea' id='block_1_3' title="bbox 1224 440 2697 507">
    <p class='ocr_par' dir='ltr' id='par_1_3' title="bbox 1224 440 2697 507">
     <span class='ocr_line' id='line_1_3' title="bbox 1224 440 2697 507; baseline 0.001 -12"><span class='ocrx_word' id='word_1_3' title='bbox 1224 441 1385 496; x_wconf 79' lang='lat' dir='ltr'><strong>Inst.</strong></span> <span class='ocrx_word' id='word_1_4' title='bbox 1424 440 1533 496; x_wconf 90' lang='lat' dir='ltr'><strong>lib.</strong></span> <span class='ocrx_word' id='word_1_5' title='bbox 1571 441 1648 507; x_wconf 92' lang='lat'><strong>11,</strong></span> <span class='ocrx_word' id='word_1_6' title='bbox 1684 443 1871 497; x_wconf 77' lang='lat'>7-10.</span> <span class='ocrx_word' id='word_1_7' title='bbox 2611 440 2697 506; x_wconf 78' lang='lat'><strong>25</strong></span> 
     </span>
    </p>
   </div>
   <div class='ocr_carea' id='block_1_4' title="bbox 400 616 2773 3528">
    <p class='ocr_par' dir='ltr' id='par_1_4' title="bbox 406 616 2697 1539">
     <span class='ocr_line' id='line_1_4' title="bbox 410 616 2696 702; baseline -0 -19"><span class='ocrx_word' id='word_1_8' title='bbox 410 617 596 683; x_wconf 89' lang='lat' dir='ltr'><strong>huius</strong></span> <span class='ocrx_word' id='word_1_9' title='bbox 642 635 793 702; x_wconf 89' lang='lat' dir='ltr'><strong>erga</strong></span> <span class='ocrx_word' id='word_1_10' title='bbox 842 617 1139 682; x_wconf 89' lang='lat' dir='ltr'><strong>orationis</strong></span> <span class='ocrx_word' id='word_1_11' title='bbox 1185 616 1559 700; x_wconf 76' lang='lat' dir='ltr'><strong>qualitatem</strong></span> <span class='ocrx_word' id='word_1_12' title='bbox 1605 619 1708 682; x_wconf 89' lang='lat' dir='ltr'><strong>uel</strong></span> <span class='ocrx_word' id='word_1_13' title='bbox 1753 635 1826 682; x_wconf 85' lang='lat' dir='ltr'><strong>ex</strong></span> <span class='ocrx_word' id='word_1_14' title='bbox 1870 620 2048 702; x_wconf 85' lang='lat' dir='ltr'><strong>parte</strong></span> <span class='ocrx_word' id='word_1_15' title='bbox 2106 618 2540 702; x_wconf 81' lang='lat' dir='ltr'><strong>repperiantur</strong></span> <span class='ocrx_word' id='word_1_16' title='bbox 2599 617 2696 682; x_wconf 91' lang='lat' dir='ltr'><strong>in-</strong></span> 
     </span>
     <span class='ocr_line' id='line_1_5' title="bbox 412 721 2694 804; baseline -0 -17"><span class='ocrx_word' id='word_1_17' title='bbox 412 721 567 804; x_wconf 89' lang='lat' dir='ltr'><strong>buti,</strong></span> <span class='ocrx_word' id='word_1_18' title='bbox 630 725 695 786; x_wconf 92' lang='lat' dir='ltr'><strong>et</strong></span> <span class='ocrx_word' id='word_1_19' title='bbox 738 721 1271 804; x_wconf 79' lang='lat' dir='ltr'><strong>quemadmodum</strong></span> <span class='ocrx_word' id='word_1_20' title='bbox 1331 725 1483 786; x_wconf 89' lang='lat' dir='ltr'><strong>sunt</strong></span> <span class='ocrx_word' id='word_1_21' title='bbox 1539 722 1616 786; x_wconf 90' lang='lat' dir='ltr'><strong>de</strong></span> <span class='ocrx_word' id='word_1_22' title='bbox 1670 721 1892 788; x_wconf 89' lang='lat' dir='ltr'><strong>habitu</strong></span> <span class='ocrx_word' id='word_1_23' title='bbox 1953 725 2018 788; x_wconf 89' lang='lat' dir='ltr'><strong>et</strong></span> <span class='ocrx_word' id='word_1_24' title='bbox 2077 722 2311 787; x_wconf 89' lang='lat' dir='ltr'><strong>amictu</strong></span> <span class='ocrx_word' id='word_1_25' title='bbox 2375 722 2694 788; x_wconf 82' lang='lat' dir='ltr'><strong>exterioris</strong></span> 
     </span>
     <span class='ocr_line' id='line_1_6' title="bbox 410 825 2695 912; baseline 0 -22"><span class='ocrx_word' id='word_1_26' title='bbox 410 826 682 892; x_wconf 90' lang='lat' dir='ltr'><strong>hominis</strong></span> <span class='ocrx_word' id='word_1_27' title='bbox 728 826 1028 907; x_wconf 90' lang='lat' dir='ltr'><strong>instituti,</strong></span> <span class='ocrx_word' id='word_1_28' title='bbox 1090 827 1180 892; x_wconf 90' lang='lat' dir='ltr'><strong>ita</strong></span> <span class='ocrx_word' id='word_1_29' title='bbox 1225 826 1438 907; x_wconf 89' lang='lat' dir='ltr'><strong>etiam,</strong></span> <span class='ocrx_word' id='word_1_30' title='bbox 1500 825 1768 909; x_wconf 84' lang='lat' dir='ltr'><strong>qualiter</strong></span> <span class='ocrx_word' id='word_1_31' title='bbox 1813 845 1962 891; x_wconf 90' lang='lat' dir='ltr'><strong>eum</strong></span> <span class='ocrx_word' id='word_1_32' title='bbox 2015 827 2093 892; x_wconf 86' lang='lat' dir='ltr'><strong>ad</strong></span> <span class='ocrx_word' id='word_1_33' title='bbox 2139 826 2454 892; x_wconf 85' lang='lat' dir='ltr'><strong>offerenda</strong></span> <span class='ocrx_word' id='word_1_34' title='bbox 2512 827 2695 912; x_wconf 90' lang='lat' dir='ltr'><strong>spiri-</strong></span> 
     </span>
     <span class='ocr_line' id='line_1_7' title="bbox 410 929 2697 1016; baseline 0 -20"><span class='ocrx_word' id='word_1_35' title='bbox 410 931 563 996; x_wconf 90' lang='lat' dir='ltr'><strong>talia</strong></span> <span class='ocrx_word' id='word_1_36' title='bbox 620 930 929 996; x_wconf 88' lang='lat' dir='ltr'><strong>sacrificia</strong></span> <span class='ocrx_word' id='word_1_37' title='bbox 984 929 1258 996; x_wconf 89' lang='lat' dir='ltr'><strong>debeant</strong></span> <span class='ocrx_word' id='word_1_38' title='bbox 1316 929 1628 1012; x_wconf 88' lang='lat' dir='ltr'><strong>exhibere,</strong></span> <span class='ocrx_word' id='word_1_39' title='bbox 1697 949 1822 996; x_wconf 91' lang='lat' dir='ltr'><strong>non</strong></span> <span class='ocrx_word' id='word_1_40' title='bbox 1881 931 2187 997; x_wconf 82' lang='lat' dir='ltr'><strong>nesciant.</strong></span> <span class='ocrx_word' id='word_1_41' title='bbox 2257 931 2570 1016; x_wconf 89' lang='lat' dir='ltr'><strong>siquidem</strong></span> <span class='ocrx_word' id='word_1_42' title='bbox 2629 932 2697 996; x_wconf 89' lang='lat' dir='ltr'><strong>hi</strong></span> 
     </span>
     <span class='ocr_line' id='line_1_8' title="bbox 406 1035 2694 1121; baseline 0.001 -21"><span class='ocrx_word' id='word_1_43' title='bbox 406 1035 625 1118; x_wconf 90' lang='lat' dir='ltr'><strong>libelli,</strong></span> <span class='ocrx_word' id='word_1_44' title='bbox 670 1054 827 1119; x_wconf 90' lang='lat' dir='ltr'><strong>quos</strong></span> <span class='ocrx_word' id='word_1_45' title='bbox 872 1036 941 1100; x_wconf 91' lang='lat' dir='ltr'><strong>in</strong></span> <span class='ocrx_word' id='word_1_46' title='bbox 985 1036 1300 1120; x_wconf 78' lang='lat' dir='ltr'><strong>praesenti</strong></span> <span class='ocrx_word' id='word_1_47' title='bbox 1343 1035 1567 1100; x_wconf 91' lang='lat' dir='ltr'><strong>cudere</strong></span> <span class='ocrx_word' id='word_1_48' title='bbox 1615 1036 1866 1101; x_wconf 91' lang='lat' dir='ltr'><strong>domino</strong></span> <span class='ocrx_word' id='word_1_49' title='bbox 1913 1036 2251 1102; x_wconf 88' lang='lat' dir='ltr'><strong>adiuuante</strong></span> <span class='ocrx_word' id='word_1_50' title='bbox 2281 1037 2694 1121; x_wconf 88' lang='lat' dir='ltr'><strong>disponimus,</strong></span> 
     </span>
     <span class='ocr_line' id='line_1_9' title="bbox 408 1138 2695 1241; baseline 0 -37"><span class='ocrx_word' id='word_1_51' title='bbox 408 1139 487 1204; x_wconf 96' lang='lat' dir='ltr'><strong>ad</strong></span> <span class='ocrx_word' id='word_1_52' title='bbox 518 1139 841 1205; x_wconf 85' lang='lat' dir='ltr'><strong>exterioris</strong></span> <span class='ocrx_word' id='word_1_53' title='bbox 871 1138 1145 1241; x_wconf 64' lang='lat' dir='ltr'><strong>hominis</strong></span> <span class='ocrx_word' id='word_1_54' title='bbox 1178 1139 1648 1206; x_wconf 85' lang='lat' dir='ltr'><strong>obseruantiam</strong></span> <span class='ocrx_word' id='word_1_55' title='bbox 1672 1144 1736 1205; x_wconf 91' lang='lat' dir='ltr'><strong>et</strong></span> <span class='ocrx_word' id='word_1_56' title='bbox 1764 1141 2232 1206; x_wconf 87' lang='lat' dir='ltr'><strong>institutionem</strong></span> <span class='ocrx_word' id='word_1_57' title='bbox 2253 1141 2695 1207; x_wconf 89' lang='lat' dir='ltr'><strong>coenobiorum</strong></span> 
     </span>
     <span class='ocr_line' id='line_1_10' title="bbox 407 1243 2694 1329; baseline 0 -20"><span class='ocrx_word' id='word_1_58' title='bbox 407 1244 844 1329; x_wconf 89' lang='lat' dir='ltr'><strong>conpetentius</strong></span> <span class='ocrx_word' id='word_1_59' title='bbox 892 1243 1297 1328; x_wconf 81' lang='lat' dir='ltr'><strong>aptabuntur,</strong></span> <span class='ocrx_word' id='word_1_60' title='bbox 1358 1245 1451 1310; x_wconf 91' lang='lat' dir='ltr'><strong>illi</strong></span> <span class='ocrx_word' id='word_1_61' title='bbox 1496 1263 1647 1311; x_wconf 90' lang='lat' dir='ltr'><strong>uero</strong></span> <span class='ocrx_word' id='word_1_62' title='bbox 1693 1245 1772 1310; x_wconf 98' lang='lat' dir='ltr'><strong>ad</strong></span> <span class='ocrx_word' id='word_1_63' title='bbox 1819 1245 2217 1329; x_wconf 81' lang='lat' dir='ltr'><strong>disciplinam</strong></span> <span class='ocrx_word' id='word_1_64' title='bbox 2260 1245 2574 1311; x_wconf 89' lang='lat' dir='ltr'><strong>interioris</strong></span> <span class='ocrx_word' id='word_1_65' title='bbox 2621 1265 2694 1310; x_wconf 87' lang='lat' dir='ltr'><strong>ac</strong></span> 
     </span>
     <span class='ocr_line' id='line_1_11' title="bbox 406 1348 2694 1434; baseline 0.001 -21"><span class='ocrx_word' id='word_1_66' title='bbox 406 1348 856 1432; x_wconf 81' lang='lat' dir='ltr'><strong>perfectionem</strong></span> <span class='ocrx_word' id='word_1_67' title='bbox 900 1349 1103 1415; x_wconf 88' lang='lat' dir='ltr'><strong>cordis</strong></span> <span class='ocrx_word' id='word_1_68' title='bbox 1158 1352 1223 1414; x_wconf 91' lang='lat' dir='ltr'><strong>et</strong></span> <span class='ocrx_word' id='word_1_69' title='bbox 1268 1348 1792 1415; x_wconf 87' lang='lat' dir='ltr'><strong>anachoretarum</strong></span> <span class='ocrx_word' id='word_1_70' title='bbox 1835 1350 2040 1416; x_wconf 87' lang='lat' dir='ltr'><strong>uitam</strong></span> <span class='ocrx_word' id='word_1_71' title='bbox 2093 1353 2283 1434; x_wconf 89' lang='lat' dir='ltr'><strong>atque</strong></span> <span class='ocrx_word' id='word_1_72' title='bbox 2344 1351 2694 1417; x_wconf 87' lang='lat' dir='ltr'><strong>doctrinam</strong></span> 
     </span>
     <span class='ocr_line' id='line_1_12' title="bbox 406 1453 1083 1539; baseline 0.001 -21"><span class='ocrx_word' id='word_1_73' title='bbox 406 1453 615 1537; x_wconf 84' lang='lat' dir='ltr'><strong>potius</strong></span> <span class='ocrx_word' id='word_1_74' title='bbox 658 1453 1083 1539; x_wconf 89' lang='lat' dir='ltr'><strong>pertinebunt.</strong></span> 
     </span>
    </p>

    <p class='ocr_par' dir='ltr' id='par_1_5' title="bbox 400 1557 2773 3528">
     <span class='ocr_line' id='line_1_13' title="bbox 491 1557 2692 1644; baseline 0.002 -22"><span class='ocrx_word' id='word_1_75' title='bbox 491 1557 571 1624; x_wconf 89' lang='lat' dir='ltr'><strong>X.</strong></span> <span class='ocrx_word' id='word_1_76' title='bbox 633 1557 795 1624; x_wconf 85' lang='lat' dir='ltr'><strong>Cum</strong></span> <span class='ocrx_word' id='word_1_77' title='bbox 852 1558 1047 1644; x_wconf 83' lang='lat' dir='ltr'><strong>igitur</strong></span> <span class='ocrx_word' id='word_1_78' title='bbox 1106 1559 1461 1642; x_wconf 86' lang='lat' dir='ltr'><strong>praedictas</strong></span> <span class='ocrx_word' id='word_1_79' title='bbox 1520 1559 2002 1640; x_wconf 90' lang='lat' dir='ltr'><strong>sollemnitates,</strong></span> <span class='ocrx_word' id='word_1_80' title='bbox 2071 1578 2227 1643; x_wconf 90' lang='lat' dir='ltr'><strong>quas</strong></span> <span class='ocrx_word' id='word_1_81' title='bbox 2289 1560 2382 1625; x_wconf 93' lang='lat' dir='ltr'><strong>illi</strong></span> <span class='ocrx_word' id='word_1_82' title='bbox 2441 1562 2692 1644; x_wconf 82' lang='lat' dir='ltr'><strong>synaxis</strong></span> 
     </span>
     <span class='ocr_line' id='line_1_14' title="bbox 404 1662 2693 1748; baseline 0.001 -20"><span class='ocrx_word' id='word_1_83' title='bbox 404 1666 653 1745; x_wconf 88' lang='lat' dir='ltr'><strong>uocant,</strong></span> <span class='ocrx_word' id='word_1_84' title='bbox 699 1662 1073 1728; x_wconf 85' lang='lat' dir='ltr'><strong>celebraturi</strong></span> <span class='ocrx_word' id='word_1_85' title='bbox 1114 1663 1519 1746; x_wconf 91' lang='lat' dir='ltr'><strong>conueniunt,</strong></span> <span class='ocrx_word' id='word_1_86' title='bbox 1564 1666 1818 1729; x_wconf 90' lang='lat' dir='ltr'><strong>tantum</strong></span> <span class='ocrx_word' id='word_1_87' title='bbox 1862 1663 2197 1748; x_wconf 87' lang='lat' dir='ltr'><strong>praebetur</strong></span> <span class='ocrx_word' id='word_1_88' title='bbox 2242 1683 2281 1730; x_wconf 89' lang='lat' dir='ltr'><strong>a</strong></span> <span class='ocrx_word' id='word_1_89' title='bbox 2319 1665 2562 1732; x_wconf 89' lang='lat' dir='ltr'><strong>cunctis</strong></span> <span class='ocrx_word' id='word_1_90' title='bbox 2609 1667 2693 1730; x_wconf 87' lang='lat' dir='ltr'><strong>si-</strong></span> 
     </span>
     <span class='ocr_line' id='line_1_15' title="bbox 402 1766 2692 1850; baseline 0.002 -19"><span class='ocrx_word' id='word_1_91' title='bbox 402 1766 691 1850; x_wconf 89' lang='lat' dir='ltr'><strong>lentium,</strong></span> <span class='ocrx_word' id='word_1_92' title='bbox 752 1770 843 1849; x_wconf 89' lang='lat' dir='ltr'><strong>ut,</strong></span> <span class='ocrx_word' id='word_1_93' title='bbox 906 1785 1051 1832; x_wconf 89' lang='lat' dir='ltr'><strong>cum</strong></span> <span class='ocrx_word' id='word_1_94' title='bbox 1096 1767 1163 1832; x_wconf 92' lang='lat' dir='ltr'><strong>in</strong></span> <span class='ocrx_word' id='word_1_95' title='bbox 1221 1785 1423 1832; x_wconf 90' lang='lat' dir='ltr'><strong>unum</strong></span> <span class='ocrx_word' id='word_1_96' title='bbox 1464 1771 1602 1833; x_wconf 90' lang='lat' dir='ltr'><strong>tam</strong></span> <span class='ocrx_word' id='word_1_97' title='bbox 1661 1785 1998 1833; x_wconf 89' lang='lat' dir='ltr'><strong>numerosa</strong></span> <span class='ocrx_word' id='word_1_98' title='bbox 2039 1767 2308 1833; x_wconf 84' lang='lat' dir='ltr'><strong>fratrum</strong></span> <span class='ocrx_word' id='word_1_99' title='bbox 2355 1770 2692 1835; x_wconf 90' lang='lat' dir='ltr'><strong>multitudo</strong></span> 
     </span>
     <span class='ocr_line' id='line_1_16' title="bbox 405 1871 2693 1957; baseline 0.001 -21"><span class='ocrx_word' id='word_1_100' title='bbox 405 1872 759 1954; x_wconf 88' lang='lat' dir='ltr'><strong>conueniat,</strong></span> <span class='ocrx_word' id='word_1_101' title='bbox 805 1875 1051 1956; x_wconf 88' lang='lat' dir='ltr'><strong>praeter</strong></span> <span class='ocrx_word' id='word_1_102' title='bbox 1094 1871 1297 1954; x_wconf 86' lang='lat' dir='ltr'><strong>illum,</strong></span> <span class='ocrx_word' id='word_1_103' title='bbox 1346 1872 1453 1954; x_wconf 91' lang='lat' dir='ltr'><strong>qui</strong></span> <span class='ocrx_word' id='word_1_104' title='bbox 1497 1889 1884 1957; x_wconf 89' lang='lat' dir='ltr'><strong>consurgens</strong></span> <span class='ocrx_word' id='word_1_105' title='bbox 1928 1871 2248 1956; x_wconf 87' lang='lat' dir='ltr'><strong>psalmum</strong></span> <span class='ocrx_word' id='word_1_106' title='bbox 2286 1873 2583 1939; x_wconf 84' lang='lat' dir='ltr'><strong>decantat</strong></span> <span class='ocrx_word' id='word_1_107' title='bbox 2626 1875 2693 1939; x_wconf 90' lang='lat' dir='ltr'><strong>in</strong></span> 
     </span>
     <span class='ocr_line' id='line_1_17' title="bbox 404 1976 2692 2064; baseline 0 -23"><span class='ocrx_word' id='word_1_108' title='bbox 404 1977 631 2058; x_wconf 86' lang='lat' dir='ltr'><strong>medio,</strong></span> <span class='ocrx_word' id='word_1_109' title='bbox 678 1977 889 2042; x_wconf 88' lang='lat' dir='ltr'><strong>nullus</strong></span> <span class='ocrx_word' id='word_1_110' title='bbox 934 1977 1266 2042; x_wconf 90' lang='lat' dir='ltr'><strong>hominum</strong></span> <span class='ocrx_word' id='word_1_111' title='bbox 1308 1977 1562 2060; x_wconf 87' lang='lat' dir='ltr'><strong>penitus</strong></span> <span class='ocrx_word' id='word_1_112' title='bbox 1610 1976 1829 2042; x_wconf 86' lang='lat' dir='ltr'><strong>adesse</strong></span> <span class='ocrx_word' id='word_1_113' title='bbox 1875 1977 2182 2060; x_wconf 89' lang='lat' dir='ltr'><strong>credatur,</strong></span> <span class='ocrx_word' id='word_1_114' title='bbox 2243 1995 2317 2043; x_wconf 87' lang='lat' dir='ltr'><strong>ac</strong></span> <span class='ocrx_word' id='word_1_115' title='bbox 2360 1979 2692 2064; x_wconf 85' lang='lat' dir='ltr'><strong>praecipue</strong></span> 
     </span>
     <span class='ocr_line' id='line_1_18' title="bbox 406 2081 2692 2166; baseline 0.001 -20"><span class='ocrx_word' id='word_1_116' title='bbox 406 2099 551 2146; x_wconf 88' lang='lat' dir='ltr'><strong>cum</strong></span> <span class='ocrx_word' id='word_1_117' title='bbox 610 2083 1083 2147; x_wconf 88' lang='lat' dir='ltr'><strong>consummatur</strong></span> <span class='ocrx_word' id='word_1_118' title='bbox 1130 2081 1357 2148; x_wconf 86' lang='lat' dir='ltr'><strong>oratio:</strong></span> <span class='ocrx_word' id='word_1_119' title='bbox 1419 2082 1485 2147; x_wconf 93' lang='lat' dir='ltr'><strong>in</strong></span> <span class='ocrx_word' id='word_1_120' title='bbox 1545 2099 1672 2165; x_wconf 88' lang='lat' dir='ltr'><strong>qua</strong></span> <span class='ocrx_word' id='word_1_121' title='bbox 1715 2099 1842 2146; x_wconf 90' lang='lat' dir='ltr'><strong>non</strong></span> <span class='ocrx_word' id='word_1_122' title='bbox 1901 2086 2126 2166; x_wconf 89' lang='lat' dir='ltr'><strong>sputus</strong></span> <span class='ocrx_word' id='word_1_123' title='bbox 2172 2082 2504 2166; x_wconf 85' lang='lat' dir='ltr'><strong>emittitur,</strong></span> <span class='ocrx_word' id='word_1_124' title='bbox 2565 2102 2692 2149; x_wconf 91' lang='lat' dir='ltr'><strong>non</strong></span> 
     </span>
     <span class='ocr_line' id='line_1_19' title="bbox 404 2185 2692 2270; baseline 0.001 -20"><span class='ocrx_word' id='word_1_125' title='bbox 404 2185 711 2252; x_wconf 86' lang='lat' dir='ltr'><strong>excreatio</strong></span> <span class='ocrx_word' id='word_1_126' title='bbox 758 2185 1087 2270; x_wconf 87' lang='lat' dir='ltr'><strong>obstrepit,</strong></span> <span class='ocrx_word' id='word_1_127' title='bbox 1133 2204 1260 2252; x_wconf 90' lang='lat' dir='ltr'><strong>non</strong></span> <span class='ocrx_word' id='word_1_128' title='bbox 1306 2185 1501 2252; x_wconf 88' lang='lat' dir='ltr'><strong>tussis</strong></span> <span class='ocrx_word' id='word_1_129' title='bbox 1532 2186 1902 2268; x_wconf 85' lang='lat' dir='ltr'><strong>intersonat,</strong></span> <span class='ocrx_word' id='word_1_130' title='bbox 1949 2204 2077 2251; x_wconf 91' lang='lat' dir='ltr'><strong>non</strong></span> <span class='ocrx_word' id='word_1_131' title='bbox 2121 2187 2408 2253; x_wconf 89' lang='lat' dir='ltr'><strong>oscitatio</strong></span> <span class='ocrx_word' id='word_1_132' title='bbox 2441 2206 2692 2253; x_wconf 91' lang='lat' dir='ltr'><strong>somno-</strong></span> 
     </span>
     <span class='ocr_line' id='line_1_20' title="bbox 402 2289 2692 2377; baseline 0.001 -22"><span class='ocrx_word' id='word_1_133' title='bbox 402 2291 579 2356; x_wconf 86' lang='lat' dir='ltr'><strong>lenta</strong></span> <span class='ocrx_word' id='word_1_134' title='bbox 620 2291 881 2356; x_wconf 86' lang='lat' dir='ltr'><strong>dissutis</strong></span> <span class='ocrx_word' id='word_1_135' title='bbox 928 2291 1113 2356; x_wconf 89' lang='lat' dir='ltr'><strong>malis</strong></span> <span class='ocrx_word' id='word_1_136' title='bbox 1160 2294 1226 2356; x_wconf 91' lang='lat' dir='ltr'><strong>et</strong></span> <span class='ocrx_word' id='word_1_137' title='bbox 1268 2289 1596 2356; x_wconf 88' lang='lat' dir='ltr'><strong>hiantibus</strong></span> <span class='ocrx_word' id='word_1_138' title='bbox 1642 2289 1936 2372; x_wconf 87' lang='lat' dir='ltr'><strong>trahitur,</strong></span> <span class='ocrx_word' id='word_1_139' title='bbox 1981 2291 2142 2356; x_wconf 90' lang='lat' dir='ltr'><strong>nulli</strong></span> <span class='ocrx_word' id='word_1_140' title='bbox 2171 2292 2468 2377; x_wconf 82' lang='lat' dir='ltr'><strong>gemituS,</strong></span> <span class='ocrx_word' id='word_1_141' title='bbox 2515 2293 2692 2358; x_wconf 90' lang='lat' dir='ltr'><strong>nulla</strong></span> 
     </span>
     <span class='ocr_line' id='line_1_21' title="bbox 405 2394 2690 2480; baseline 0.001 -20"><span class='ocrx_word' id='word_1_142' title='bbox 405 2394 677 2480; x_wconf 88' lang='lat' dir='ltr'><strong>suspiria</strong></span> <span class='ocrx_word' id='word_1_143' title='bbox 720 2395 913 2461; x_wconf 91' lang='lat' dir='ltr'><strong>etiam</strong></span> <span class='ocrx_word' id='word_1_144' title='bbox 966 2395 1291 2461; x_wconf 87' lang='lat' dir='ltr'><strong>adstantes</strong></span> <span class='ocrx_word' id='word_1_145' title='bbox 1337 2394 1696 2479; x_wconf 85' lang='lat' dir='ltr'><strong>inpeditura</strong></span> <span class='ocrx_word' id='word_1_146' title='bbox 1752 2399 2148 2480; x_wconf 88' lang='lat' dir='ltr'><strong>promuntur,</strong></span> <span class='ocrx_word' id='word_1_147' title='bbox 2209 2415 2336 2462; x_wconf 92' lang='lat' dir='ltr'><strong>non</strong></span> <span class='ocrx_word' id='word_1_148' title='bbox 2381 2398 2512 2462; x_wconf 90' lang='lat' dir='ltr'><strong>ulla</strong></span> <span class='ocrx_word' id='word_1_149' title='bbox 2569 2415 2690 2463; x_wconf 84' lang='lat' dir='ltr'><strong>uox</strong></span> 
     </span>
     <span class='ocr_line' id='line_1_22' title="bbox 404 2500 2690 2585; baseline 0.002 -20"><span class='ocrx_word' id='word_1_150' title='bbox 404 2500 641 2584; x_wconf 85' lang='lat' dir='ltr'><strong>absque</strong></span> <span class='ocrx_word' id='word_1_151' title='bbox 687 2501 1027 2567; x_wconf 89' lang='lat' dir='ltr'><strong>sacerdotis</strong></span> <span class='ocrx_word' id='word_1_152' title='bbox 1071 2518 1325 2585; x_wconf 88' lang='lat' dir='ltr'><strong>precem</strong></span> <span class='ocrx_word' id='word_1_153' title='bbox 1368 2500 1802 2566; x_wconf 87' lang='lat' dir='ltr'><strong>concludentis</strong></span> <span class='ocrx_word' id='word_1_154' title='bbox 1847 2501 2098 2566; x_wconf 89' lang='lat' dir='ltr'><strong>auditur</strong></span> <span class='ocrx_word' id='word_1_155' title='bbox 2141 2503 2265 2567; x_wconf 90' lang='lat' dir='ltr'><strong>nisi</strong></span> <span class='ocrx_word' id='word_1_156' title='bbox 2309 2503 2470 2569; x_wconf 89' lang='lat' dir='ltr'><strong>forte</strong></span> <span class='ocrx_word' id='word_1_157' title='bbox 2512 2502 2690 2585; x_wconf 89' lang='lat' dir='ltr'><strong>haec,</strong></span> 
     </span>
     <span class='ocr_line' id='line_1_23' title="bbox 403 2605 2689 2691; baseline 0.001 -20"><span class='ocrx_word' id='word_1_158' title='bbox 403 2624 564 2689; x_wconf 88' lang='lat' dir='ltr'><strong>quae</strong></span> <span class='ocrx_word' id='word_1_159' title='bbox 609 2626 720 2691; x_wconf 91' lang='lat' dir='ltr'><strong>per</strong></span> <span class='ocrx_word' id='word_1_160' title='bbox 764 2624 1091 2671; x_wconf 86' lang='lat' dir='ltr'><strong>excessum</strong></span> <span class='ocrx_word' id='word_1_161' title='bbox 1136 2606 1368 2671; x_wconf 87' lang='lat' dir='ltr'><strong>mentis</strong></span> <span class='ocrx_word' id='word_1_162' title='bbox 1422 2606 1700 2671; x_wconf 89' lang='lat' dir='ltr'><strong>claustra</strong></span> <span class='ocrx_word' id='word_1_163' title='bbox 1743 2605 1867 2671; x_wconf 90' lang='lat' dir='ltr'><strong>oris</strong></span> <span class='ocrx_word' id='word_1_164' title='bbox 1913 2606 2206 2691; x_wconf 86' lang='lat' dir='ltr'><strong>effugerit</strong></span> <span class='ocrx_word' id='word_1_165' title='bbox 2263 2626 2547 2691; x_wconf 87' lang='lat' dir='ltr'><strong>quaeque</strong></span> <span class='ocrx_word' id='word_1_166' title='bbox 2592 2609 2689 2673; x_wconf 92' lang='lat' dir='ltr'><strong>in-</strong></span> 
     </span>
     <span class='ocr_line' id='line_1_24' title="bbox 404 2710 2690 2795; baseline 0.001 -20"><span class='ocrx_word' id='word_1_167' title='bbox 404 2710 789 2776; x_wconf 85' lang='lat' dir='ltr'><strong>sensibiliter</strong></span> <span class='ocrx_word' id='word_1_168' title='bbox 833 2710 1005 2777; x_wconf 88' lang='lat' dir='ltr'><strong>cordi</strong></span> <span class='ocrx_word' id='word_1_169' title='bbox 1049 2710 1417 2795; x_wconf 88' lang='lat' dir='ltr'><strong>obrepserit,</strong></span> <span class='ocrx_word' id='word_1_170' title='bbox 1478 2710 1869 2776; x_wconf 89' lang='lat' dir='ltr'><strong>inmoderato</strong></span> <span class='ocrx_word' id='word_1_171' title='bbox 1931 2711 2172 2775; x_wconf 90' lang='lat' dir='ltr'><strong>scilicet</strong></span> <span class='ocrx_word' id='word_1_172' title='bbox 2217 2715 2405 2795; x_wconf 88' lang='lat' dir='ltr'><strong>atque</strong></span> <span class='ocrx_word' id='word_1_173' title='bbox 2464 2712 2690 2777; x_wconf 90' lang='lat' dir='ltr'><strong>intole-</strong></span> 
     </span>
     <span class='ocr_line' id='line_1_25' title="bbox 400 2814 2690 2900; baseline 0.001 -21"><span class='ocrx_word' id='word_1_174' title='bbox 400 2814 590 2880; x_wconf 84' lang='lat' dir='ltr'><strong>rabili</strong></span> <span class='ocrx_word' id='word_1_175' title='bbox 634 2815 891 2899; x_wconf 88' lang='lat' dir='ltr'><strong>spiritus</strong></span> <span class='ocrx_word' id='word_1_176' title='bbox 938 2815 1183 2881; x_wconf 87' lang='lat' dir='ltr'><strong>feruore</strong></span> <span class='ocrx_word' id='word_1_177' title='bbox 1229 2833 1551 2896; x_wconf 87' lang='lat' dir='ltr'><strong>succenso,</strong></span> <span class='ocrx_word' id='word_1_178' title='bbox 1606 2815 1760 2879; x_wconf 92' lang='lat' dir='ltr'><strong>dum</strong></span> <span class='ocrx_word' id='word_1_179' title='bbox 1805 2832 1897 2898; x_wconf 89' lang='lat' dir='ltr'><strong>ea,</strong></span> <span class='ocrx_word' id='word_1_180' title='bbox 1943 2833 2104 2898; x_wconf 89' lang='lat' dir='ltr'><strong>quae</strong></span> <span class='ocrx_word' id='word_1_181' title='bbox 2150 2815 2354 2900; x_wconf 87' lang='lat' dir='ltr'><strong>ignita</strong></span> <span class='ocrx_word' id='word_1_182' title='bbox 2397 2835 2578 2883; x_wconf 92' lang='lat' dir='ltr'><strong>mens</strong></span> <span class='ocrx_word' id='word_1_183' title='bbox 2622 2818 2690 2882; x_wconf 91' lang='lat' dir='ltr'><strong>in</strong></span> 
     </span>
     <span class='ocr_line' id='line_1_26' title="bbox 403 2918 2691 3004; baseline 0.001 -21"><span class='ocrx_word' id='word_1_184' title='bbox 403 2921 607 2984; x_wconf 90' lang='lat' dir='ltr'><strong>semet</strong></span> <span class='ocrx_word' id='word_1_185' title='bbox 648 2920 790 3003; x_wconf 89' lang='lat' dir='ltr'><strong>ipsa</strong></span> <span class='ocrx_word' id='word_1_186' title='bbox 841 2937 967 2985; x_wconf 92' lang='lat' dir='ltr'><strong>non</strong></span> <span class='ocrx_word' id='word_1_187' title='bbox 1013 2918 1335 3004; x_wconf 85' lang='lat' dir='ltr'><strong>praeualet</strong></span> <span class='ocrx_word' id='word_1_188' title='bbox 1378 2919 1720 3001; x_wconf 89' lang='lat' dir='ltr'><strong>continere,</strong></span> <span class='ocrx_word' id='word_1_189' title='bbox 1779 2938 1890 3003; x_wconf 90' lang='lat' dir='ltr'><strong>per</strong></span> <span class='ocrx_word' id='word_1_190' title='bbox 1936 2919 2320 2985; x_wconf 85' lang='lat' dir='ltr'><strong>ineffabilem</strong></span> <span class='ocrx_word' id='word_1_191' title='bbox 2375 2920 2691 3004; x_wconf 86' lang='lat' dir='ltr'><strong>quendam</strong></span> 
     </span>
     <span class='ocr_line' id='line_1_27' title="bbox 401 3024 2688 3109; baseline 0.001 -21"><span class='ocrx_word' id='word_1_192' title='bbox 401 3024 713 3109; x_wconf 89' lang='lat' dir='ltr'><strong>gemitum</strong></span> <span class='ocrx_word' id='word_1_193' title='bbox 743 3044 817 3089; x_wconf 84' lang='lat' dir='ltr'><strong>ex</strong></span> <span class='ocrx_word' id='word_1_194' title='bbox 861 3024 1105 3090; x_wconf 89' lang='lat' dir='ltr'><strong>intimis</strong></span> <span class='ocrx_word' id='word_1_195' title='bbox 1134 3024 1405 3108; x_wconf 89' lang='lat' dir='ltr'><strong>pectoris</strong></span> <span class='ocrx_word' id='word_1_196' title='bbox 1452 3024 1551 3089; x_wconf 91' lang='lat' dir='ltr'><strong>sui</strong></span> <span class='ocrx_word' id='word_1_197' title='bbox 1580 3025 1986 3089; x_wconf 89' lang='lat' dir='ltr'><strong>conclauibus</strong></span> <span class='ocrx_word' id='word_1_198' title='bbox 2031 3043 2369 3109; x_wconf 88' lang='lat' dir='ltr'><strong>euaporare</strong></span> <span class='ocrx_word' id='word_1_199' title='bbox 2407 3029 2688 3091; x_wconf 89' lang='lat' dir='ltr'><strong>conatur.</strong></span> 
     </span>
     <span class='ocr_line' id='line_1_28' title="bbox 402 3128 2773 3215; baseline -0.001 -22"><span class='ocrx_word' id='word_1_200' title='bbox 402 3129 583 3194; x_wconf 90' lang='lat' dir='ltr'><strong>illum</strong></span> <span class='ocrx_word' id='word_1_201' title='bbox 626 3146 797 3211; x_wconf 91' lang='lat' dir='ltr'><strong>uero,</strong></span> <span class='ocrx_word' id='word_1_202' title='bbox 844 3130 955 3213; x_wconf 92' lang='lat' dir='ltr'><strong>qui</strong></span> <span class='ocrx_word' id='word_1_203' title='bbox 983 3128 1366 3195; x_wconf 89' lang='lat' dir='ltr'><strong>constitutus</strong></span> <span class='ocrx_word' id='word_1_204' title='bbox 1412 3128 1495 3195; x_wconf 92' lang='lat' dir='ltr'><strong>in·</strong></span> <span class='ocrx_word' id='word_1_205' title='bbox 1523 3132 1738 3214; x_wconf 90' lang='lat' dir='ltr'><strong>tepore</strong></span> <span class='ocrx_word' id='word_1_206' title='bbox 1769 3130 2000 3195; x_wconf 90' lang='lat' dir='ltr'><strong>mentis</strong></span> <span class='ocrx_word' id='word_1_207' title='bbox 2046 3148 2192 3194; x_wconf 89' lang='lat' dir='ltr'><strong>cum</strong></span> <span class='ocrx_word' id='word_1_208' title='bbox 2237 3131 2508 3195; x_wconf 89' lang='lat' dir='ltr'><strong>clamore</strong></span> <span class='ocrx_word' id='word_1_209' title='bbox 2541 3150 2688 3215; x_wconf 90' lang='lat' dir='ltr'><strong>sup·</strong></span> <span class='ocrx_word' id='word_1_210' title='bbox 2735 3135 2773 3190; x_wconf 75' lang='lat'><strong>2</strong></span> 
     </span>
     <span class='ocr_line' id='line_1_29' title="bbox 402 3232 2688 3317; baseline 0.001 -20"><span class='ocrx_word' id='word_1_211' title='bbox 402 3232 597 3316; x_wconf 86' lang='lat' dir='ltr'><strong>plicat</strong></span> <span class='ocrx_word' id='word_1_212' title='bbox 655 3237 767 3299; x_wconf 91' lang='lat' dir='ltr'><strong>aut</strong></span> <span class='ocrx_word' id='word_1_213' title='bbox 826 3234 1063 3317; x_wconf 87' lang='lat' dir='ltr'><strong>aliquid</strong></span> <span class='ocrx_word' id='word_1_214' title='bbox 1121 3234 1346 3299; x_wconf 90' lang='lat' dir='ltr'><strong>horum</strong></span> <span class='ocrx_word' id='word_1_215' title='bbox 1407 3252 1567 3317; x_wconf 89' lang='lat' dir='ltr'><strong>quae</strong></span> <span class='ocrx_word' id='word_1_216' title='bbox 1626 3234 2050 3317; x_wconf 84' lang='lat' dir='ltr'><strong>praediximus</strong></span> <span class='ocrx_word' id='word_1_217' title='bbox 2113 3254 2148 3298; x_wconf 94' lang='lat' dir='ltr'><strong>e</strong></span> <span class='ocrx_word' id='word_1_218' title='bbox 2206 3234 2495 3300; x_wconf 85' lang='lat' dir='ltr'><strong>faucibus</strong></span> <span class='ocrx_word' id='word_1_219' title='bbox 2557 3235 2688 3300; x_wconf 92' lang='lat' dir='ltr'><strong>suis</strong></span> 
     </span>
     <span class='ocr_line' id='line_1_30' title="bbox 403 3337 2690 3424; baseline 0.001 -23"><span class='ocrx_word' id='word_1_220' title='bbox 403 3337 641 3404; x_wconf 91' lang='lat' dir='ltr'><strong>emittit</strong></span> <span class='ocrx_word' id='word_1_221' title='bbox 686 3356 759 3403; x_wconf 88' lang='lat' dir='ltr'><strong>ac</strong></span> <span class='ocrx_word' id='word_1_222' title='bbox 801 3339 1131 3423; x_wconf 89' lang='lat' dir='ltr'><strong>praecipue</strong></span> <span class='ocrx_word' id='word_1_223' title='bbox 1178 3338 1656 3404; x_wconf 86' lang='lat' dir='ltr'><strong>oscitationibus</strong></span> <span class='ocrx_word' id='word_1_224' title='bbox 1701 3340 2124 3423; x_wconf 87' lang='lat' dir='ltr'><strong>praeuenitur,</strong></span> <span class='ocrx_word' id='word_1_225' title='bbox 2171 3339 2502 3423; x_wconf 86' lang='lat' dir='ltr'><strong>dupliciter</strong></span> <span class='ocrx_word' id='word_1_226' title='bbox 2545 3358 2690 3424; x_wconf 91' lang='lat' dir='ltr'><strong>pec-</strong></span> 
     </span>
     <span class='ocr_line' id='line_1_31' title="bbox 402 3442 2689 3528; baseline 0.001 -22"><span class='ocrx_word' id='word_1_227' title='bbox 402 3458 543 3506; x_wconf 89' lang='lat' dir='ltr'><strong>care</strong></span> <span class='ocrx_word' id='word_1_228' title='bbox 573 3444 1003 3527; x_wconf 88' lang='lat' dir='ltr'><strong>pronuntiant,</strong></span> <span class='ocrx_word' id='word_1_229' title='bbox 1050 3443 1253 3527; x_wconf 90' lang='lat' dir='ltr'><strong>primo</strong></span> <span class='ocrx_word' id='word_1_230' title='bbox 1286 3444 1451 3526; x_wconf 88' lang='lat' dir='ltr'><strong>quod</strong></span> <span class='ocrx_word' id='word_1_231' title='bbox 1495 3442 1799 3509; x_wconf 88' lang='lat' dir='ltr'><strong>orationis</strong></span> <span class='ocrx_word' id='word_1_232' title='bbox 1831 3462 1982 3509; x_wconf 88' lang='lat' dir='ltr'><strong>suae</strong></span> <span class='ocrx_word' id='word_1_233' title='bbox 2025 3462 2170 3509; x_wconf 89' lang='lat' dir='ltr'><strong>reus</strong></span> <span class='ocrx_word' id='word_1_234' title='bbox 2202 3445 2306 3527; x_wconf 88' lang='lat' dir='ltr'><strong>sit,</strong></span> <span class='ocrx_word' id='word_1_235' title='bbox 2351 3444 2516 3528; x_wconf 89' lang='lat' dir='ltr'><strong>quod</strong></span> <span class='ocrx_word' id='word_1_236' title='bbox 2549 3462 2689 3509; x_wconf 89' lang='lat' dir='ltr'><strong>eam</strong></span> 
     </span>
    </p>
   </div>
   <div class='ocr_carea' id='block_1_5' title="bbox 402 3588 2696 3998">
    <p class='ocr_par' dir='ltr' id='par_1_6' title="bbox 402 3588 2696 3998">
     <span class='ocr_line' id='line_1_32' title="bbox 488 3588 2690 3661; baseline -0 -14"><span class='ocrx_word' id='word_1_237' title='bbox 488 3592 523 3647; x_wconf 82' lang='lat'><strong>2</strong></span> <span class='ocrx_word' id='word_1_238' title='bbox 558 3594 615 3645; x_wconf 89' lang='lat' dir='ltr'><strong>et</strong></span> <span class='ocrx_word' id='word_1_239' title='bbox 649 3588 1102 3661; x_wconf 86' lang='lat' dir='ltr'><strong>quemadmodum</strong></span> <span class='ocrx_word' id='word_1_240' title='bbox 1138 3590 1334 3646; x_wconf 77' lang='lat' dir='ltr'><strong>G¹HL</strong></span> <span class='ocrx_word' id='word_1_241' title='bbox 1368 3596 1419 3647; x_wconf 82' lang='lat' dir='ltr'><strong>et</strong></span> <span class='ocrx_word' id='word_1_242' title='bbox 1454 3589 1661 3647; x_wconf 74' lang='lat' dir='ltr'><strong>‘omnia</strong></span> <span class='ocrx_word' id='word_1_243' title='bbox 1695 3589 1810 3647; x_wconf 68' lang='lat' dir='ltr'><strong>ms?</strong></span> <span class='ocrx_word' id='word_1_244' title='bbox 1839 3590 2070 3661; x_wconf 77' lang='lat' dir='ltr'><strong>C&#39;wyckii</strong></span> <span class='ocrx_word' id='word_1_245' title='bbox 2139 3594 2202 3646; x_wconf 88' lang='lat' dir='ltr'><strong>ut</strong></span> <span class='ocrx_word' id='word_1_246' title='bbox 2235 3590 2690 3661; x_wconf 83' lang='lat' dir='ltr'><strong>quemadmodum</strong></span> 
     </span>
     <span class='ocr_line' id='line_1_33' title="bbox 406 3676 2689 3749; baseline -0 -15"><span class='ocrx_word' id='word_1_247' title='bbox 406 3678 559 3735; x_wconf 65' lang='lat'><strong>6²&amp;</strong></span> <span class='ocrx_word' id='word_1_248' title='bbox 678 3680 711 3733; x_wconf 90' lang='lat'><strong>3</strong></span> <span class='ocrx_word' id='word_1_249' title='bbox 746 3677 992 3732; x_wconf 90' lang='lat' dir='ltr'><strong>homines</strong></span> <span class='ocrx_word' id='word_1_250' title='bbox 1031 3677 1105 3733; x_wconf 60' lang='grc' dir='ltr'><strong>θ’</strong></span> <span class='ocrx_word' id='word_1_251' title='bbox 1221 3680 1257 3733; x_wconf 85' lang='grc'><strong>4</strong></span> <span class='ocrx_word' id='word_1_252' title='bbox 1290 3677 1368 3731; x_wconf 89' lang='lat' dir='ltr'><strong>hii</strong></span> <span class='ocrx_word' id='word_1_253' title='bbox 1409 3678 1626 3734; x_wconf 76' lang='lat' dir='ltr'><strong>G¹HL¹</strong></span> <span class='ocrx_word' id='word_1_254' title='bbox 1733 3680 1766 3733; x_wconf 89' lang='lat'>5</span> <span class='ocrx_word' id='word_1_255' title='bbox 1803 3676 2016 3731; x_wconf 88' lang='lat' dir='ltr'><strong>cludere</strong></span> <span class='ocrx_word' id='word_1_256' title='bbox 2051 3679 2122 3735; x_wconf 88' lang='lat' dir='ltr'><strong><em>H</em></strong></span> <span class='ocrx_word' id='word_1_257' title='bbox 2217 3694 2373 3749; x_wconf 89' lang='lat' dir='ltr'><strong>opere</strong></span> <span class='ocrx_word' id='word_1_258' title='bbox 2409 3678 2601 3733; x_wconf 86' lang='lat' dir='ltr'><strong>cudere</strong></span> <span class='ocrx_word' id='word_1_259' title='bbox 2635 3680 2689 3733; x_wconf 90' lang='lat' dir='ltr'><strong><em>L</em></strong></span> 
     </span>
     <span class='ocr_line' id='line_1_34' title="bbox 404 3764 2696 3821; baseline 0 -1"><span class='ocrx_word' id='word_1_260' title='bbox 404 3766 501 3820; x_wconf 85' lang='lat' dir='ltr'><strong>deo</strong></span> <span class='ocrx_word' id='word_1_261' title='bbox 539 3767 607 3821; x_wconf 90' lang='lat' dir='ltr'><strong><em>H</em></strong></span> <span class='ocrx_word' id='word_1_262' title='bbox 728 3768 763 3821; x_wconf 88' lang='grc'>6</span> <span class='ocrx_word' id='word_1_263' title='bbox 799 3764 1177 3819; x_wconf 83' lang='lat' dir='ltr'><strong>coenubiorum</strong></span> <span class='ocrx_word' id='word_1_264' title='bbox 1214 3766 1283 3820; x_wconf 89' lang='lat' dir='ltr'><strong><em>H</em></strong></span> <span class='ocrx_word' id='word_1_265' title='bbox 1282 3768 1297 3801; x_wconf 93' lang='lat'><strong>¹</strong></span> <span class='ocrx_word' id='word_1_266' title='bbox 1428 3768 1459 3821; x_wconf 80' lang='lat'><strong>7</strong></span> <span class='ocrx_word' id='word_1_267' title='bbox 1498 3764 1828 3820; x_wconf 81' lang='lat' dir='ltr'><strong>abtabuntur</strong></span> <span class='ocrx_word' id='word_1_268' title='bbox 1862 3765 1933 3820; x_wconf 90' lang='lat' dir='ltr'><strong><em>H</em></strong></span> <span class='ocrx_word' id='word_1_269' title='bbox 2053 3766 2324 3821; x_wconf 87' lang='lat' dir='ltr'><strong>interioris</strong></span> <span class='ocrx_word' id='word_1_270' title='bbox 2357 3766 2590 3821; x_wconf 86' lang='lat' dir='ltr'><strong>hominis</strong></span> <span class='ocrx_word' id='word_1_271' title='bbox 2627 3768 2696 3821; x_wconf 87' lang='lat' dir='ltr'><em>H</em></span> 
     </span>
     <span class='ocr_line' id='line_1_35' title="bbox 402 3850 2689 3923; baseline 0 -14"><span class='ocrx_word' id='word_1_272' title='bbox 402 3855 437 3909; x_wconf 89' lang='lat'>8</span> <span class='ocrx_word' id='word_1_273' title='bbox 473 3850 901 3907; x_wconf 82' lang='lat' dir='ltr'><strong>anachoritarum</strong></span> <span class='ocrx_word' id='word_1_274' title='bbox 928 3853 996 3907; x_wconf 92' lang='lat' dir='ltr'><strong><em>H</em></strong></span> <span class='ocrx_word' id='word_1_275' title='bbox 1095 3852 1267 3921; x_wconf 90' lang='lat' dir='ltr'><strong>adque</strong></span> <span class='ocrx_word' id='word_1_276' title='bbox 1292 3853 1369 3908; x_wconf 81' lang='lat' dir='ltr'><strong>L¹</strong></span> <span class='ocrx_word' id='word_1_277' title='bbox 1478 3854 1542 3908; x_wconf 89' lang='grc'><strong>10</strong></span> <span class='ocrx_word' id='word_1_278' title='bbox 1578 3852 1658 3906; x_wconf 89' lang='lat' dir='ltr'><strong>XI</strong></span> <span class='ocrx_word' id='word_1_279' title='bbox 1683 3852 1754 3907; x_wconf 90' lang='lat' dir='ltr'><strong><em>H</em></strong></span> <span class='ocrx_word' id='word_1_280' title='bbox 1850 3852 2128 3923; x_wconf 90' lang='lat' dir='ltr'><strong>sollempn.</strong></span> <span class='ocrx_word' id='word_1_281' title='bbox 2154 3853 2208 3908; x_wconf 89' lang='lat' dir='ltr'><strong><em>L</em></strong></span> <span class='ocrx_word' id='word_1_282' title='bbox 2314 3854 2522 3908; x_wconf 84' lang='lat' dir='ltr'><strong>sinaxes</strong></span> <span class='ocrx_word' id='word_1_283' title='bbox 2547 3854 2689 3920; x_wconf 88' lang='lat' dir='ltr'><strong><em>H(v)</em></strong></span> 
     </span>
     <span class='ocr_line' id='line_1_36' title="bbox 406 3940 2688 3998; baseline -0 -2"><span class='ocrx_word' id='word_1_284' title='bbox 406 3942 467 3996; x_wconf 92' lang='lat'><strong>11</strong></span> <span class='ocrx_word' id='word_1_285' title='bbox 516 3940 866 3994; x_wconf 87' lang='lat' dir='ltr'><strong>cumueniunt</strong></span> <span class='ocrx_word' id='word_1_286' title='bbox 907 3940 983 3995; x_wconf 88' lang='lat' dir='ltr'><strong>L¹</strong></span> <span class='ocrx_word' id='word_1_287' title='bbox 1128 3942 1193 3995; x_wconf 87' lang='lat'><strong>12</strong></span> <span class='ocrx_word' id='word_1_288' title='bbox 1239 3940 1578 3993; x_wconf 86' lang='lat' dir='ltr'><strong>innumerosa</strong></span> <span class='ocrx_word' id='word_1_289' title='bbox 1622 3942 1719 3996; x_wconf 86' lang='lat' dir='ltr'><strong>Hv</strong></span> <span class='ocrx_word' id='word_1_290' title='bbox 1861 3942 1925 3996; x_wconf 90' lang='lat'><strong>14</strong></span> <span class='ocrx_word' id='word_1_291' title='bbox 1981 3940 2217 3994; x_wconf 89' lang='lat' dir='ltr'><strong>medium</strong></span> <span class='ocrx_word' id='word_1_292' title='bbox 2271 3942 2342 3998; x_wconf 88' lang='lat' dir='ltr'><strong><em>H</em></strong></span> <span class='ocrx_word' id='word_1_293' title='bbox 2478 3944 2542 3998; x_wconf 88' lang='lat'><strong>16</strong></span> <span class='ocrx_word' id='word_1_294' title='bbox 2595 3940 2688 3995; x_wconf 93' lang='lat' dir='ltr'><strong>ob-</strong></span> 
     </span>
    </p>
   </div>
   <div class='ocr_carea' id='block_1_6' title="bbox 401 4019 2690 4474">
    <p class='ocr_par' dir='ltr' id='par_1_7' title="bbox 401 4019 2690 4474">
     <span class='ocr_line' id='line_1_37' title="bbox 401 4019 2686 4123; baseline 0.001 -16"><span class='ocrx_word' id='word_1_295' title='bbox 401 4052 584 4123; x_wconf 80' lang='lat' dir='ltr'><strong>stripit</strong></span> <span class='ocrx_word' id='word_1_296' title='bbox 619 4053 688 4108; x_wconf 82' lang='grc' dir='ltr'><strong>Η</strong></span> <span class='ocrx_word' id='word_1_297' title='bbox 796 4054 1132 4107; x_wconf 76' lang='lat' dir='ltr'><strong>intersonant</strong></span> <span class='ocrx_word' id='word_1_298' title='bbox 1170 4052 1244 4107; x_wconf 63' lang='grc' dir='ltr'><strong>αι</strong></span> <span class='ocrx_word' id='word_1_299' title='bbox 1363 4054 1426 4108; x_wconf 81' lang='lat'><strong>17</strong></span> <span class='ocrx_word' id='word_1_300' title='bbox 1466 4019 1640 4120; x_wconf 72' lang='lat' dir='ltr'><strong>dis&#39;jtis</strong></span> <span class='ocrx_word' id='word_1_301' title='bbox 1678 4055 1747 4108; x_wconf 84' lang='lat' dir='ltr'><strong><em>H</em></strong></span> <span class='ocrx_word' id='word_1_302' title='bbox 1845 4053 2002 4107; x_wconf 78' lang='lat' dir='ltr'><strong>mous</strong></span> <span class='ocrx_word' id='word_1_303' title='bbox 2041 4054 2179 4108; x_wconf 62' lang='grc' dir='ltr'><strong>ΗΠ</strong></span> <span class='ocrx_word' id='word_1_304' title='bbox 2284 4052 2575 4123; x_wconf 76' lang='lat' dir='ltr'><strong>hyantibus</strong></span> <span class='ocrx_word' id='word_1_305' title='bbox 2612 4055 2686 4110; x_wconf 62' lang='grc' dir='ltr'><strong>Ι,Ι</strong></span> 
     </span>
     <span class='ocr_line' id='line_1_38' title="bbox 402 4138 2690 4197; baseline 0.001 -4"><span class='ocrx_word' id='word_1_306' title='bbox 402 4140 636 4194; x_wconf 81' lang='lat' dir='ltr'><strong>trahitur</strong></span> <span class='ocrx_word' id='word_1_307' title='bbox 659 4138 815 4194; x_wconf 82' lang='lat' dir='ltr'><strong>labiis</strong></span> <span class='ocrx_word' id='word_1_308' title='bbox 840 4141 894 4196; x_wconf 89' lang='lat' dir='ltr'><strong><em>L</em></strong></span> <span class='ocrx_word' id='word_1_309' title='bbox 1002 4142 1067 4195; x_wconf 91' lang='lat'><strong>18</strong></span> <span class='ocrx_word' id='word_1_310' title='bbox 1090 4138 1390 4193; x_wconf 86' lang='lat' dir='ltr'><strong>astantibus</strong></span> <span class='ocrx_word' id='word_1_311' title='bbox 1415 4141 1491 4194; x_wconf 84' lang='lat' dir='ltr'><strong>L²</strong></span> <span class='ocrx_word' id='word_1_312' title='bbox 1601 4156 1706 4195; x_wconf 89' lang='lat' dir='ltr'><strong>non</strong></span> <span class='ocrx_word' id='word_1_313' title='bbox 1731 4139 1842 4194; x_wconf 79' lang='lat' dir='ltr'><strong>ulla</strong></span> <span class='ocrx_word' id='word_1_314' title='bbox 1869 4141 2074 4196; x_wconf 69' lang='lat' dir='ltr'><strong><em>G28L:</em></strong></span> <span class='ocrx_word' id='word_1_315' title='bbox 2111 4141 2368 4196; x_wconf 88' lang='lat' dir='ltr'><strong>nonnulla</strong></span> <span class='ocrx_word' id='word_1_316' title='bbox 2393 4142 2467 4197; x_wconf 60' lang='grc' dir='ltr'><strong>θ’</strong></span> <span class='ocrx_word' id='word_1_317' title='bbox 2540 4140 2690 4195; x_wconf 85' lang='lat' dir='ltr'><strong>nulla</strong></span> 
     </span>
     <span class='ocr_line' id='line_1_39' title="bbox 402 4226 2690 4299; baseline 0.001 -16"><span class='ocrx_word' id='word_1_318' title='bbox 402 4228 499 4283; x_wconf 88' lang='lat' dir='ltr'><strong>Hv</strong></span> <span class='ocrx_word' id='word_1_319' title='bbox 587 4229 653 4283; x_wconf 83' lang='lat'><strong>19</strong></span> <span class='ocrx_word' id='word_1_320' title='bbox 688 4226 987 4281; x_wconf 84' lang='lat' dir='ltr'><strong>sacerdotes</strong></span> <span class='ocrx_word' id='word_1_321' title='bbox 1012 4228 1087 4281; x_wconf 87' lang='lat' dir='ltr'><strong>L¹</strong></span> <span class='ocrx_word' id='word_1_322' title='bbox 1176 4242 1363 4295; x_wconf 83' lang='lat' dir='ltr'><strong>praece</strong></span> <span class='ocrx_word' id='word_1_323' title='bbox 1387 4229 1441 4282; x_wconf 99' lang='lat' dir='ltr'><strong><em>L</em></strong></span> <span class='ocrx_word' id='word_1_324' title='bbox 1528 4226 1906 4282; x_wconf 87' lang='lat' dir='ltr'><strong>concludentes</strong></span> <span class='ocrx_word' id='word_1_325' title='bbox 1935 4228 2009 4283; x_wconf 57' lang='lat'><strong>64¹</strong></span> <span class='ocrx_word' id='word_1_326' title='bbox 2097 4231 2162 4284; x_wconf 84' lang='grc'><strong>21</strong></span> <span class='ocrx_word' id='word_1_327' title='bbox 2191 4228 2519 4299; x_wconf 85' lang='lat' dir='ltr'><strong>subrepserit</strong></span> <span class='ocrx_word' id='word_1_328' title='bbox 2542 4230 2690 4285; x_wconf 82' lang='lat' dir='ltr'><strong>HLr</strong></span> 
     </span>
     <span class='ocr_line' id='line_1_40' title="bbox 402 4312 2687 4384; baseline 0.002 -16"><span class='ocrx_word' id='word_1_329' title='bbox 402 4312 575 4382; x_wconf 87' lang='lat' dir='ltr'><strong>adque</strong></span> <span class='ocrx_word' id='word_1_330' title='bbox 598 4315 674 4370; x_wconf 85' lang='lat' dir='ltr'><strong>L¹</strong></span> <span class='ocrx_word' id='word_1_331' title='bbox 779 4312 1124 4369; x_wconf 86' lang='lat' dir='ltr'><strong>intollerabili</strong></span> <span class='ocrx_word' id='word_1_332' title='bbox 1151 4314 1274 4369; x_wconf 74' lang='lat' dir='ltr'><strong>GH</strong></span> <span class='ocrx_word' id='word_1_333' title='bbox 1372 4316 1441 4370; x_wconf 88' lang='grc'><strong>23</strong></span> <span class='ocrx_word' id='word_1_334' title='bbox 1464 4315 1638 4383; x_wconf 87' lang='lat' dir='ltr'><strong>ipsam</strong></span> <span class='ocrx_word' id='word_1_335' title='bbox 1663 4316 1715 4369; x_wconf 91' lang='lat' dir='ltr'><strong><em>L</em></strong></span> <span class='ocrx_word' id='word_1_336' title='bbox 1811 4318 2090 4369; x_wconf 72' lang='lat' dir='ltr'><strong>contenere</strong></span> <span class='ocrx_word' id='word_1_337' title='bbox 2117 4317 2200 4371; x_wconf 86' lang='lat' dir='ltr'><strong>H¹</strong></span> <span class='ocrx_word' id='word_1_338' title='bbox 2297 4316 2584 4384; x_wconf 87' lang='lat' dir='ltr'><strong>quemdam</strong></span> <span class='ocrx_word' id='word_1_339' title='bbox 2611 4318 2687 4372; x_wconf 93' lang='lat' dir='ltr'><strong>L¹</strong></span> 
     </span>
     <span class='ocr_line' id='line_1_41' title="bbox 402 4401 2687 4474; baseline 0 -17"><span class='ocrx_word' id='word_1_340' title='bbox 402 4404 471 4457; x_wconf 89' lang='grc'><strong>25</strong></span> <span class='ocrx_word' id='word_1_341' title='bbox 508 4404 743 4471; x_wconf 88' lang='lat' dir='ltr'><strong>tempore</strong></span> <span class='ocrx_word' id='word_1_342' title='bbox 780 4402 865 4457; x_wconf 89' lang='lat' dir='ltr'><strong>H¹</strong></span> <span class='ocrx_word' id='word_1_343' title='bbox 944 4406 1181 4470; x_wconf 84' lang='lat' dir='ltr'><strong>teporem</strong></span> <span class='ocrx_word' id='word_1_344' title='bbox 1217 4418 1284 4457; x_wconf 78' lang='lat' dir='ltr'><strong>ex</strong></span> <span class='ocrx_word' id='word_1_345' title='bbox 1317 4401 1556 4471; x_wconf 61' lang='lat' dir='ltr'><strong>teporem</strong></span> <span class='ocrx_word' id='word_1_346' title='bbox 1592 4403 1647 4457; x_wconf 88' lang='lat' dir='ltr'><strong><em>L</em></strong></span> <span class='ocrx_word' id='word_1_347' title='bbox 1761 4401 2028 4473; x_wconf 86' lang='lat' dir='ltr'><strong>subplicat</strong></span> <span class='ocrx_word' id='word_1_348' title='bbox 2062 4403 2116 4458; x_wconf 96' lang='lat' dir='ltr'><strong><em>L</em></strong></span> <span class='ocrx_word' id='word_1_349' title='bbox 2229 4406 2300 4461; x_wconf 88' lang='grc'><strong>28</strong></span> <span class='ocrx_word' id='word_1_350' title='bbox 2339 4404 2575 4474; x_wconf 86' lang='lat' dir='ltr'><strong>primum</strong></span> <span class='ocrx_word' id='word_1_351' title='bbox 2610 4404 2687 4458; x_wconf 89' lang='lat' dir='ltr'><strong>L¹</strong></span> 
     </span>
    </p>
   </div>
  </div>
 </body>
</html>
