3167 4975
280 1589 331 1628 to

278 2109 329 2151 15

1261 450 1421 504 lust.
1458 449 1569 504 lib.
1609 449 1712 515 111,
1750 453 1798 505 3.
2593 448 2674 512 37

384 629 578 693 briter
616 630 867 712 captam
922 645 1135 691 secum
1182 627 1533 691 transuexit
1579 627 1658 690 ad
1703 627 1930 707 caeloS‚
1973 626 2283 710 igneaque
2337 625 2680 708 romphaea

386 735 705 798 summota
748 733 1083 814 antiquum
1129 731 1403 796 incolam
1448 732 1738 815 paradiso
1784 731 1890 814 pia
1933 731 2326 795 confessione
2376 730 2674 794 restituit.

384 839 603 902 eadem
649 855 895 919 quoque
950 836 1105 901 hora
1150 835 1474 902 Cornelius
1530 836 1813 901 centurio
1869 836 1936 901 in
1989 835 2281 919 precibus
2339 835 2526 900 solita
2567 835 2676 898 de·
2727 844 2756 896 7

384 943 633 1007 uotione
692 942 1041 1026 persistens
1101 941 1766 1007 commemorationem
1827 941 2182 1005 orationum
2243 943 2306 1005 et
2374 940 2679 1022 elemosy-

386 1065 609 1112 narum
656 1064 913 1111 suarum
960 1049 1105 1110 ante
1152 1046 1481 1111 dominum
1525 1046 1762 1110 factam
1809 1046 2030 1130 angelo
2087 1045 2208 1109 sibi
2263 1045 2678 1126 conloquente

385 1151 725 1236 cognoscit,
780 1151 1115 1234 palamque
1170 1151 1226 1214 ei
1282 1151 1437 1214 hora
1489 1167 1658 1215 nona
1713 1150 2062 1215 uocationis
2123 1150 2410 1233 gentium
2471 1168 2677 1214 sacra-

385 1261 599 1321 menta
656 1256 1037 1340 panduntur,
1100 1274 1259 1337 quae
1314 1256 1501 1320 Petro
1561 1255 1628 1320 in
1690 1273 1946 1319 excessu
2007 1255 2239 1319 mentis
2293 1255 2447 1320 hora
2502 1259 2678 1319 sexta

386 1364 633 1427 fuerant
675 1361 976 1426 reuelata.
1052 1361 1173 1425 alio
1219 1378 1465 1443 quoque
1512 1362 1648 1426 loco
1695 1361 1771 1424 de
1818 1361 2036 1425 eodem
2082 1363 2362 1442 tempore
2407 1360 2474 1424 in
2521 1359 2676 1424 acti-

382 1466 503 1531 bus
559 1466 984 1550 apostolomm
1040 1466 1131 1530 ita
1175 1469 1492 1529 narratur:
1550 1467 1824 1530 Petrus
1881 1469 2130 1529 autem
2187 1467 2259 1528 et
2303 1464 2676 1528 Iohannes

386 1571 899 1636 ascendebant
956 1572 1029 1636 in
1086 1570 1449 1654 templum
1505 1571 1593 1636 ad
1649 1570 1908 1636 horam
1961 1569 2332 1635 orationis
2387 1587 2672 1634 nonam.

384 1675 611 1759 quibus
666 1676 903 1758 liquido
960 1674 1378 1760 conprobatur
1432 1694 1558 1740 non
1603 1675 1898 1740 inmerito
1945 1693 1982 1738 a
2028 1674 2262 1739 sanctis
2311 1677 2376 1738 et
2427 1679 2676 1758 aposto·
2725 1683 2760 1736 8

382 1781 520 1845 licis
576 1780 729 1846 uiris
784 1781 901 1845 has
954 1781 1141 1846 horas
1196 1781 1507 1865 religiosis
1568 1779 1888 1863 obsequiis
1949 1783 2346 1844 consecratas
2403 1797 2440 1842 a
2493 1779 2675 1844 nobis

384 1905 629 1969 quoque
685 1885 1005 1950 obseruari
1062 1886 1354 1950 similiter
1398 1891 1712 1969 oportere:
1768 1886 1878 1967 qui
1933 1885 2056 1950 nisi
2109 1886 2286 1949 uelut
2336 1885 2476 1969 lege
2522 1903 2676 1966 qua-

384 1989 529 2055 dam
590 1991 833 2055 soluere
891 1992 1047 2055 haec
1105 1991 1361 2074 pietatis
1420 1989 1630 2055 officia
1690 1990 1906 2054 saltim
1968 1989 2224 2054 statutis
2285 1989 2675 2074 temporibus

386 2096 733 2180 adigamur,
782 2098 987 2161 totum
1034 2095 1155 2160 diei
1204 2096 1481 2179 spatium
1526 2094 1842 2160 obliuione
1889 2099 1999 2159 aut
2053 2094 2292 2158 desidia
2335 2094 2438 2158 uel
2494 2113 2676 2159 occu-

382 2199 743 2284 pationibus
784 2200 1055 2264 inuoluti
1087 2199 1325 2281 absque
1356 2199 1656 2264 orationis
1687 2199 2190 2283 interpellatione
2221 2199 2670 2264 consumimus

384 2305 459 2368 de
512 2303 891 2388 uespertinis
946 2307 1159 2368 autem
1216 2303 1537 2368 sacrificiis
1601 2304 1750 2386 quid
1812 2301 2164 2384 dicendum,
2226 2321 2387 2386 quae
2445 2304 2677 2388 iugiter

382 2409 591 2474 offerri
644 2409 839 2474 etiam
893 2410 959 2473 in
1014 2410 1213 2472 ueteri
1268 2411 1650 2473 testamento
1703 2409 1842 2494 1686
1889 2408 2212 2493 Moysaica
2265 2408 2674 2474 sanciuntur?

382 2514 750 2580 holocausta
789 2513 959 2579 enim
1000 2514 1315 2579 matutina
1357 2518 1421 2578 et
1452 2513 1758 2579 sacrificia
1788 2514 2148 2598 uespertina
2179 2514 2422 2579 cunctis
2454 2514 2674 2579 diebus
2723 2522 2756 2574 9

382 2619 447 2683 16
503 2620 758 2702 templo,
814 2619 963 2684 licet
1016 2617 1387 2703 figuralibus
1433 2619 1683 2700 hostiis,
1739 2619 1932 2683 etiam
1979 2638 2052 2682 ex
2097 2637 2170 2683 eo
2223 2619 2488 2703 probare
2532 2638 2676 2703 pos-

384 2742 602 2787 sumus
647 2724 1075 2788 indesinenter
1121 2723 1353 2804 oblata,
1402 2724 1565 2805 quod
1614 2742 1652 2787 a
1695 2723 1904 2787 Dauid
1959 2724 2235 2787 canitur:
2299 2724 2674 2808 dirigatur

382 2828 623 2893 oratio
668 2846 827 2893 mea
872 2828 1073 2893 sicut
1120 2829 1513 2892 incensum
1556 2828 1634 2892 in
1679 2832 2088 2911 conspectu
2136 2831 2290 2893 tuo:
2348 2828 2672 2895 eleuatio

382 2950 730 3023 manuum
778 2950 1106 2997 mearum
1154 2933 1626 2997 sacrificium
1671 2934 2208 3016 uespertinum.
2258 2951 2380 3015 quo
2426 2934 2493 2998 in
2538 2935 2674 3000 loco

383 3038 458 3101 de
501 3037 611 3101 illo
658 3054 905 3120 quoque
955 3055 1102 3101 uero
1151 3037 1453 3101 sacrificio
1492 3038 1852 3121 uespertino
1895 3038 2200 3102 sacratius
2241 3038 2527 3123 intellegi
2564 3059 2674 3123 po-

384 3144 528 3222 test,
576 3142 741 3223 quod
786 3143 889 3206 uel
937 3161 1195 3225 uespere
1237 3160 1274 3206 a
1313 3142 1565 3207 domino
1607 3143 1919 3207 saluatore
1961 3143 2334 3208 cenantibus
2376 3146 2676 3227 apostolis

383 3246 669 3328 traditur,
712 3265 855 3310 cnm
895 3246 1176 3311 initiaret
1216 3247 1513 3311 ecclesiae
1557 3251 1956 3312 sacrosancta
1997 3248 2316 3331 mysteria,
2363 3249 2464 3312 uel
2509 3250 2674 3331 quod

382 3349 516 3433 ipse
560 3350 661 3414 die
706 3355 955 3435 postero
1004 3350 1379 3416 sacrificium
1424 3352 1858 3435 uespertinum
1903 3354 1970 3417 in
2015 3353 2140 3416 fine
2179 3353 2420 3418 scilicet
2459 3372 2674 3417 saecu-

380 3453 585 3519 lorum
645 3456 995 3520 eleuatione
1056 3474 1362 3521 manuum
1424 3475 1680 3521 suarum
1747 3475 1858 3541 pro
1923 3458 2124 3522 salute
2192 3458 2412 3522 mundi
2479 3458 2674 3523 totius

594 3592 649 3662 1]
677 3590 743 3647 cf.
773 3592 903 3648 Gen.
931 3596 981 3658 3,
1008 3597 1090 3649 24.
1164 3593 1222 3663 3]
1245 3595 1310 3648 cf.
1338 3593 1457 3649 Act.
1490 3598 1567 3659 10,
1591 3597 1638 3649 3.
1711 3595 1768 3664 9]
1793 3593 1910 3648 Act.
1934 3597 1983 3660 3,
2008 3598 2052 3650 1.
2129 3596 2217 3665 19]
2245 3594 2312 3651 cf.
2333 3595 2496 3650 Num.
2517 3598 2601 3661 28,
2621 3598 2671 3652 4.

382 3678 473 3750 21]
510 3680 599 3734 Ps.
629 3682 746 3745 140,
771 3683 821 3736 2.
945 3680 1037 3751 24]
1077 3681 1143 3735 cf.
1170 3680 1363 3736 matth.
1391 3685 1474 3747 26,
1502 3685 1570 3738 26
1609 3698 1720 3751 sqq.

412 3832 419 3839 ·
475 3803 500 3858 1
550 3801 792 3856 rumfaea
837 3804 908 3858 Η
971 3802 1231 3871 rumphea
1276 3804 1329 3858 L
1490 3806 1523 3859 2
1559 3803 1809 3873 paradiso
1851 3804 2020 3860 6¹11.-
2053 3804 2314 3875 paradyso
2356 3806 2510 3861 6²1·st
2579 3824 2672 3876 pa-

382 3887 585 3941 radisso
630 3890 707 3943 L¹
798 3946 805 3953 ,
866 3892 899 3944 3
945 3890 1235 3958 eademque
1286 3891 1365 3947 G.-
1408 3894 1479 3960 cf.
1510 3910 1567 3961 p.
1605 3895 1690 3961 35,
1721 3896 1795 3948 26
1951 3896 1986 3947 4
2039 3892 2466 3963 elemosynarum
2516 3894 2673 3949 GL2:

382 3975 651 4029 elemosiu.
690 3976 760 4031 H
824 3976 1100 4046 elimosyn.
1139 3979 1214 4031 L¹
1322 3981 1355 4034 5
1402 3978 1561 4033 (16616
1606 3980 1661 4033 L
1767 3982 1800 4035 9
1845 3979 2091 4033 iohannis
2129 3982 2213 4034 Ηι
2322 3984 2388 4036 10
2423 3998 2570 4035 oram
2610 3982 2680 4037 H

385 4066 450 4118 12
485 4079 603 4116 oras
639 4064 694 4117 L
800 4063 1071 4133 relegiosis
1102 4066 1253 4119 G¹L¹
1364 4068 1429 4121 13
1466 4066 1750 4121 obseruare
1775 4068 1858 4121 Ηι
1965 4066 2244 4136 obportere
2273 4069 2356 4123 Ηι
2465 4070 2530 4124 14
2567 4069 2672 4123 sal-

380 4154 490 4203 tem
518 4150 595 4203 L²
694 4153 760 4205 16
797 4166 1227 4219 consummemus
1254 4154 1323 4207 H
1412 4156 1477 4209 17
1515 4152 1657 4221 quod
1683 4154 1766 4207 H¹
1875 4153 2158 4207 dicendum
2187 4157 2268 4208 cst
2293 4174 2325 4210 v
2431 4157 2496 4212 18
2520 4171 2670 4224 moy-

381 4238 523 4290 saica
556 4238 659 4291 L2:
695 4238 929 4292 mosaica
957 4239 1077 4293 GH
1080 4242 1091 4273 ¹
1167 4240 1419 4293 incisa-ica
1448 4242 1530 4295 H‘
1602 4241 1840 4294 musaica
1861 4242 1937 4295 L¹
2044 4244 2112 4295 20
2146 4241 2317 4295 hostis
2342 4242 2503 4296 H¹L¹
2610 4260 2672 4297 ex

379 4339 440 4377 60
476 4324 637 4377 etiam
675 4324 746 4379 H
861 4328 929 4381 25
967 4326 1283 4396 cenantibus
1325 4326 1375 4383 G
1502 4330 1572 4384 27
1610 4328 1718 4381 fin&
1754 4329 1806 4382 L
1913 4327 2242 4382 saecolorum
2277 4330 2353 4383 L¹
2459 4332 2528 4387 28
2565 4328 2668 4384 616-

378 4411 651 4465 uationem
692 4412 767 4467 &⁷¹
839 4412 1067 4466 eleuatio
1105 4414 1175 4468 Η
