3167 4975
1167 445 1326 499 Inst.
1363 445 1472 499 lib.
1510 445 1634 510 XII,
1673 448 1895 502 29--32.
2551 449 2679 513 229

389 625 662 702 uocetur,
708 622 1162 686 habitationem
1211 623 1521 687 solitariae
1563 624 1759 688 cellae
1792 625 2120 706 desiderat,
2169 645 2278 688 seu
2310 631 2475 689 certe
2508 627 2683 690 uelut

387 727 597 810 plures
644 727 798 791 alios
845 727 1198 792 lucraturus
1245 731 1606 793 construere
1654 733 2101 794 monasterium
2151 733 2214 795 et
2252 749 2405 813 quos
2459 732 2678 796 docere

387 837 572 913 atque
612 833 922 896 instruere
969 831 1194 897 debeat
1237 851 1618 917 congregare
1649 834 1925 916 festinat,
1974 855 2045 898 ex
2078 835 2377 919 discipulo
2409 855 2677 918 nequam

389 936 814 1001 detestabilior
875 939 1173 1020 magister
1227 937 1505 1002 effectus.
1583 957 1731 1002 nam
1793 958 1935 1004 cum
1978 939 2352 1004 huiusmodi
2414 942 2679 1005 elatione

307 1065 336 1102 ⁵
387 1043 588 1106 cordis
635 1044 698 1105 in
743 1043 1336 1124 perniciosissimum
1383 1047 1663 1126 teporem
1710 1047 2083 1127 noxiumque
2130 1049 2441 1110 conruerit
2472 1049 2535 1110 et
2564 1066 2681 1110 nec

388 1167 574 1211 uerus
621 1148 968 1212 monachus
1014 1167 1130 1212 nec
1176 1150 1511 1213 saecularis
1559 1149 1818 1214 effectus
1866 1152 1965 1232 sit,
2027 1151 2191 1233 quod
2248 1155 2344 1216 est
2388 1151 2679 1232 deteriuS‚

389 1254 574 1316 etiam
623 1253 1070 1336 perfectionem
1117 1253 1234 1318 sibi
1281 1271 1352 1317 ex
1405 1253 1524 1318 hoc
1581 1255 1719 1338 ipso
1778 1255 2122 1320 miserabili
2181 1258 2349 1320 statu
2413 1259 2476 1320 et
2534 1276 2680 1322 con-

389 1359 740 1422 uersatione
784 1360 1108 1440 promittit.

477 1463 706 1528 XXXI.
743 1461 1162 1542 Quamobrem
1197 1465 1250 1528 si
1280 1464 1542 1528 aedificii
1571 1467 1766 1528 nostri
1798 1465 2051 1548 fastigia
2081 1467 2358 1549 perfecta
2389 1468 2679 1532 uolumus

283 1589 334 1626 1⁰
389 1587 463 1632 ac
521 1569 834 1651 placentia
895 1569 1009 1633 deo
1069 1588 1463 1654 consurgere,
1528 1569 1941 1635 fundamenta
1986 1573 2119 1635 eius
2165 1590 2288 1637 non
2336 1573 2679 1640 secundum

392 1676 640 1737 nostrae
685 1673 957 1738 libidinis
1004 1674 1414 1755 uoluntatem,
1477 1675 1588 1738 sed
1650 1675 1995 1740 secundum
2042 1677 2443 1742 districtionis
2490 1697 2680 1742 euan-

389 1779 623 1861 gelicae
654 1777 1046 1862 disciplinam
1078 1781 1278 1844 iacere
1309 1780 1699 1844 festinemus.
1753 1798 1913 1863 quae
1945 1782 2069 1846 alia
2098 1801 2233 1846 esse
2265 1801 2389 1846 non
2421 1787 2683 1865 possunt

390 1901 580 1965 quam
642 1886 826 1947 timor
887 1884 984 1947 dei
1045 1888 1231 1966 atque
1290 1885 1644 1966 humilitaS‚
1710 1904 1867 1968 quae
1936 1886 2011 1949 de
2078 1887 2557 1951 mansuetudine
2620 1891 2685 1952 et

389 1987 590 2052 cordis
637 1989 1034 2070 simplicitate
1082 1989 1420 2054 descendit.
1490 1991 1812 2054 humilitas
1858 2009 2005 2054 uero
2052 1992 2410 2056 nullatenus
2456 1994 2684 2076 pote-rit

281 2122 331 2160 ιε,
391 2093 626 2176 absque
687 2094 968 2157 nuditate
1029 2095 1324 2176 conquiri.
1404 2114 1529 2178 qua
1571 2095 2015 2179 peregrinante
2075 2115 2191 2160 nec
2250 2097 2680 2162 oboedientiae

387 2198 624 2263 bonum
684 2218 800 2263 nec
858 2201 1198 2282 patientiae
1257 2201 1448 2265 robur
1515 2220 1631 2264 nec
1699 2201 2198 2266 mansuetudinis
2260 2203 2681 2284 tranquillitas

389 2322 501 2366 nec
545 2305 1001 2369 consummatio
1047 2306 1323 2370 caritatis
1369 2308 1600 2388 poterit
1646 2306 2047 2389 adprehendi,
2114 2307 2247 2371 sine
2302 2307 2530 2389 quibus
2579 2327 2683 2372 cor

387 2411 673 2472 nostrum
719 2408 1153 2474 habitaculum
1199 2411 1456 2493 spiritus
1504 2412 1705 2475 sancti
1750 2412 2002 2494 penitus
2050 2431 2187 2475 esse
2234 2430 2357 2475 non
2432 2414 2681 2495 poterit,

386 2516 476 2579 ita
537 2516 981 2596 pronuntiante
1044 2516 1291 2581 domino
1358 2536 1469 2598 per
1535 2518 1937 2599 prophetam:
2009 2535 2228 2599 super
2298 2536 2509 2599 quem
2575 2538 2681 2583 re-

269 2648 330 2685 20
389 2619 727 2701 quiescet
786 2620 1104 2701 spiritus
1167 2640 1371 2685 meus
1433 2622 1579 2685 nisi
1641 2640 1862 2704 super
1923 2623 2255 2704 quietum
2317 2626 2387 2687 et
2446 2624 2680 2687 humi-

384 2725 530 2788 lem
576 2726 647 2788 et
694 2728 1140 2790 trementem
1187 2726 1416 2790 uerba
1461 2730 1662 2791 mea?
1740 2728 1873 2791 siue
1916 2728 2261 2791 secundum
2308 2730 2683 2810 exemplaria

387 2848 545 2911 quae
590 2829 972 2893 Hebraicam
1018 2831 1374 2913 exprimunt
1419 2831 1780 2895 ueritatem:
1841 2832 1957 2895 ad·
1992 2850 2205 2913 quem
2266 2836 2513 2896 autem
2574 2854 2681 2897 re-

387 2934 727 3017 spiciam,
789 2935 934 2999 nisi
995 2936 1080 2999 ad
1141 2936 1711 3018 pauperculum,
1774 2939 1847 3001 et
1907 2937 2320 3000 contritum
2380 2938 2679 3019 spiritu,

387 3042 461 3104 et
504 3042 952 3104 trementem
998 3040 1226 3105 uerba
1273 3044 1478 3105 mea?

267 3172 330 3210 25
473 3144 740 3209 XXXII.
790 3143 1177 3227 Quapropter
1232 3146 1468 3210 athleta
1513 3142 1770 3226 Christi,
1832 3146 1938 3227 qui
2000 3146 2345 3228 spiritalem
2410 3166 2679 3231 agonem

386 3250 667 3333 legitime
714 3252 959 3314 certans
993 3268 1030 3314 a
1061 3250 1310 3315 domino
1350 3251 1661 3314 desiderat
1705 3251 2005 3331 coronari,
2050 3252 2214 3315 hanc
2246 3270 2486 3333 quoque
2518 3252 2681 3317 fero-

387 3355 708 3419 cissimam
754 3354 1024 3419 bestiam
1071 3359 1143 3420 ut
1189 3356 1641 3420 deuoratricem
1688 3358 2055 3420 cunctarum
2111 3356 2421 3421 uirtutum
2481 3359 2682 3422 omni-

387 3459 590 3525 modis
651 3460 907 3524 festinet
969 3461 1356 3545 extinguere,
1426 3464 1633 3525 certus
1702 3461 1865 3543 quod
1931 3461 2051 3524 hac
2118 3460 2183 3525 in
2253 3479 2365 3525 suo
2432 3465 2681 3543 pectore

386 3568 814 3629 commorante
881 3584 1007 3629 non
1077 3567 1280 3629 solum
1349 3566 1698 3649 omnigenis
1767 3565 1938 3629 uitiis
2008 3584 2219 3629 carere
2280 3585 2404 3630 non
2463 3568 2681 3649 possit,

600 3738 688 3807 19]
723 3736 862 3792 nsai.
890 3740 972 3802 66,
999 3741 1032 3793 2
1071 3737 1272 3808 (Lxx).

474 3897 507 3951 3
543 3894 822 3949 instituere
859 3896 947 3950 Lv
1086 3898 1119 3951 4
1158 3896 1439 3949 elationem
1479 3898 1554 3950 13¹
1687 3900 1717 3951 5
1756 3896 2336 3965 impernitiosissimum
2373 3898 2424 3950 L
2566 3911 2680 3949 cor-

384 3983 556 4037 ruerit
595 3982 700 4036 GL
832 3986 864 4038 6
909 3984 1002 4052 sit]
1044 3987 1097 4050 et
1133 3984 1186 4038 L
1317 3984 1410 4052 qui
1448 3984 1530 4037 H¹
1664 3986 1693 4039 7
1738 3984 1899 4037 etiam
1936 4001 2037 4039 om.
2078 3985 2131 4038 L
2270 3986 2303 4039 9
2342 3983 2565 4037 aedifitii
2608 3984 2681 4039 ΘΙ

386 4074 448 4127 11
481 4070 842 4124 distinctionis
873 4072 1017 4127 G¹H
1120 4073 1184 4125 12
1211 4070 1496 4139 disciplina
1525 4072 1599 4126 6¹¹
1646 4099 1655 4109 ·
1709 4074 1774 4126 13
1809 4073 1863 4125 et
1895 4070 2070 4124 cordis
2102 4072 2287 4126 GHT:
2324 4071 2601 4140 cordisque
2627 4072 2681 4126 L

387 4160 454 4215 14
493 4156 722 4211 discedit
757 4158 842 4213 Η1
947 4174 1076 4211 uera
1101 4159 1153 4213 L
1264 4160 1329 4213 16
1355 4157 1510 4210 robor
1539 4159 1699 4213 G¹H¹
1809 4160 1871 4213 17
1897 4158 2095 4227 poterit
2119 4157 2447 4226 adprehendi
2474 4176 2573 4213 om.
2608 4160 2680 4213 61¹

387 4248 454 4303 19
481 4244 766 4313 requiescit
794 4246 870 4300 6²
964 4248 1032 4300 22
1059 4244 1325 4299 ebraicam
1353 4246 1466 4299 HL
1563 4248 1631 4300 25
1658 4244 1899 4298 anthleta
1924 4246 1993 4299 H
2046 4244 2304 4298 athletam
2331 4246 2407 4299 L¹
2497 4247 2562 4299 27
2592 4244 2681 4298 de—

381 4332 706 4387 baratricem
753 4334 830 4387 L¹
972 4334 1040 4388 28
1089 4338 1264 4387 certus
1310 4351 1411 4389 om.
1455 4332 1528 4386 G¹
1676 4332 1816 4386 hanc
1864 4334 1941 4387 L¹
2092 4335 2159 4390 29
2206 4348 2363 4387 omne
2408 4348 2578 4401 genus
2630 4332 2683 4388 L

383 4420 515 4475 uitis
551 4420 635 4475 Η1
707 4420 827 4475 uitii
865 4422 945 4475 12²
