3167 4975
552 422 679 489 238
1361 423 1683 479 Iohannis
1729 422 2029 479 Cassiani

551 599 817 681 denique
861 599 1238 665 Eunomiani
1292 604 1356 666 et
1407 600 1869 681 Macedoniani,
1930 601 2077 665 hinc
2136 600 2491 665 Photiniaci
2546 605 2611 665 et
2653 601 2851 684 Apol—

551 704 872 769 linaristae
942 706 1256 789 ceterique
1329 706 1736 770 ecclesiarum
1807 725 2029 789 uepres
2100 708 2164 769 et
2237 709 2570 770 enecantes
2645 704 2850 769 bonae

468 817 503 870 2
551 808 696 873 fidei
741 810 989 894 frugem
1036 810 1251 875 tribuli
1294 811 1705 894 pullularunt.
1783 829 2049 892 quorum
2094 812 2335 894 primus
2377 809 2650 891 Hebion,
2696 811 2849 874 dum

547 914 1041 980 incarnationem
1089 915 1468 980 dominicam
1523 915 1715 980 nimis
1738 992 1745 999 ,
1771 916 2023 996 asserit,
2086 915 2437 980 diuinitatis
2498 933 2639 979 eam
2702 933 2851 979 con-

547 1018 866 1084 iunctione
912 1019 1193 1084 nudauit.
1272 1019 1508 1086 Sabelli
1554 1023 1769 1084 autem
1813 1025 1957 1103 post
2000 1020 2169 1084 hunc
2216 1039 2290 1083 ex
2334 1019 2849 1084 dissimilitudine
2926 1045 2953 1086 ⁵

546 1125 878 1189 haereseos
925 1124 1264 1208 superioris
1304 1125 1580 1189 schisma
1625 1142 2038 1208 prorumpens
2085 1125 2235 1188 dum
2282 1124 2346 1189 in
2392 1127 2571 1208 patre
2602 1142 2675 1188 ac
2718 1123 2848 1188 filio

548 1232 613 1293 et
658 1230 883 1314 spiritu
930 1232 1147 1294 sancto
1195 1229 1566 1294 distantiam
1614 1231 1856 1294 nullam
1904 1249 2041 1294 esse
2088 1230 2428 1311 contendit,
2490 1247 2735 1294 sacram
2782 1231 2850 1293 et

544 1332 934 1398 ineffabilem
978 1334 1350 1415 trinitatem,
1413 1338 1725 1416 quantum
1778 1334 1843 1398 in
1890 1334 2025 1417 ipso
2072 1334 2212 1414 fuit,
2273 1332 2649 1417 blasphema
2698 1351 2849 1398 con-

545 1439 793 1502 fusione
859 1439 1247 1522 permiscuit.
1347 1442 1565 1503 secuta
1632 1443 1730 1503 est
1797 1438 2017 1503 deinde
2084 1438 2251 1502 hunc
2320 1456 2508 1520 quem
2577 1438 2846 1502 diximus

545 1541 852 1608 Arrianae
897 1542 1332 1626 peruersitatis
1377 1543 1689 1627 impietae,
1745 1561 1925 1624 quae,
1982 1561 2060 1606 ne
2106 1542 2423 1606 uideretur
2469 1561 2677 1606 sacras
2724 1543 2847 1606 mi-
2904 1570 2954 1607 ιο

547 1666 720 1712 scere
751 1666 1075 1732 personaS,
1123 1648 1406 1713 diuersas
1444 1667 1580 1712 esse
1629 1647 1782 1711 dixit
1828 1649 2018 1728 atque
2066 1647 2406 1711 dissimiles
2452 1647 2520 1710 in
2566 1647 2845 1712 trinitate

547 1751 959 1817 substantias,
1035 1752 1382 1817 Eunomius
1424 1755 1639 1817 autem
1684 1754 1830 1834 post
1874 1752 2042 1815 hunc
2085 1751 2360 1832 quidem,
2408 1751 2519 1815 sed
2564 1750 2847 1815 eiusdem

546 1858 885 1922 admodum
915 1858 1268 1940 prauitatiS,
1313 1858 1461 1921 licet
1501 1857 1777 1920 similem
1824 1855 1944 1921 sibi
1992 1857 2273 1921 diuinam
2319 1875 2458 1920 esse
2506 1856 2849 1921 asseruerit

546 1963 918 2042 trinitatem,
981 1963 1296 2026 diuersam
1344 1965 1554 2026 tamen
1604 1979 1643 2024 a
1686 1981 1753 2025 se
1816 1961 2157 2041 contendit,
2220 1961 2559 2026 admittens
2620 1960 2848 2024 simili·-

459 2075 494 2128 3
542 2066 848 2147 tudinem,
911 2067 1246 2131 excludens
1306 2066 1715 2150 parilitatem.
1808 2065 2216 2130 Macedonius
2279 2083 2523 2148 quoque
2576 2065 2847 2129 inreme-
2906 2093 2955 2131 1⁵

544 2171 762 2235 diabili
791 2171 855 2235 in
889 2171 1180 2254 spiritum
1211 2173 1502 2234 sanctum
1526 2170 1857 2254 impietate
1887 2170 2358 2253 blasphemanS,
2389 2171 2539 2234 licet
2562 2170 2847 2234 eiusdem

545 2276 937 2341 substantiae
983 2278 1229 2358 patrem
1275 2278 1340 2339 et
1383 2274 1586 2341 filium
1633 2274 1872 2355 dixerit,
1936 2279 2229 2339 sanctum
2274 2277 2491 2339 tamen
2550 2275 2849 2358 spiritum

544 2385 895 2445 creaturam
955 2399 1187 2446 uocans
1246 2399 1391 2444 reus
1453 2379 1647 2445 totius
1710 2379 2063 2444 diuinitatis
2123 2379 2273 2459 fuit,
2344 2380 2491 2461 quia
2550 2378 2717 2443 laedi
2775 2379 2845 2444 in

543 2486 828 2551 trinitate
875 2485 1113 2569 aliquid
1160 2503 1284 2551 non
1330 2489 1541 2569 potest
1588 2486 1724 2550 sine
1770 2485 1967 2550 totius
2014 2484 2314 2551 trinitatis
2360 2485 2607 2549 iniuria.
2676 2483 2849 2550 Pho-

543 2592 714 2656 tinus
776 2595 989 2656 autem
1043 2591 1336 2674 quamuis
1383 2591 1597 2655 Iesum
1657 2590 1767 2673 qui
1828 2609 1899 2655 ex
1960 2591 2203 2675 uirgine
2266 2594 2453 2655 natus
2510 2593 2608 2655 est
2654 2591 2843 2654 deum
2900 2616 2955 2655 20

543 2696 785 2777 dixerit,
833 2697 996 2760 male
1043 2700 1260 2760 tamen
1290 2714 1434 2761 cum
1480 2695 1788 2779 principio
1834 2695 2111 2760 hominis
2156 2696 2533 2780 principium
2574 2696 2671 2759 dei
2703 2714 2847 2759 esse

543 2800 856 2867 confinxit.
933 2800 1318 2884 Apollinaris
1363 2819 1511 2865 uero
1557 2800 1879 2865 hominem
1926 2800 2176 2864 unitum
2222 2801 2335 2865 deo
2382 2800 2845 2865 inconsiderate

540 2905 916 2989 intellegens
960 2906 1308 2970 humanam
1353 2924 1500 2969 eum
1545 2924 1671 2969 non
1716 2904 2016 2970 habuisse
2050 2905 2328 2968 animam
2358 2906 2525 2969 male
2558 2904 2845 2985 credidit,

543 3008 692 3092 quia
749 3028 877 3075 non
937 3011 1196 3075 minoris
1259 3010 1482 3075 erroris
1544 3012 1642 3073 est
1700 3009 1953 3074 domino
2015 3009 2161 3073 Iesu
2208 3008 2459 3074 Christo
2524 3009 2847 3093 inproprie.

543 3114 767 3179 addere
815 3132 1008 3197 quam
1050 3116 1301 3199 propria
1344 3114 1663 3198 derogare.
1741 3114 2045 3196 quidquid
2092 3114 2260 3178 enim
2307 3115 2383 3178 de
2428 3114 2535 3178 illo
2580 3132 2704 3178 non
2748 3114 2845 3177 ita
2898 3138 2953 3177 ιν,

459 3228 496 3281 4
545 3218 772 3284 dicitur
816 3222 888 3284 ut
935 3223 1048 3299 est,
1097 3219 1346 3284 etiamsi
1389 3220 1589 3284 honor
1632 3218 1944 3299 uideatur,
2006 3218 2235 3283 iniuria
2280 3222 2397 3283 est.
2473 3218 2563 3283 ita
2606 3217 2845 3301 singuli

544 3342 617 3387 ex
663 3324 1172 3388 dissimilitudine
1209 3323 1554 3387 haereseon
1584 3323 1875 3387 haeresin
1907 3326 2306 3406 procreantes
2339 3341 2557 3387 omnes
2588 3322 2845 3405 quidem

543 3446 582 3493 a
627 3446 693 3491 se
739 3428 1008 3508 diuersa,
1055 3428 1166 3491 sed
1211 3445 1429 3492 omnes
1479 3430 1695 3492 tamen
1741 3426 1889 3491 fidei
1920 3428 2187 3493 aduersa
2218 3431 2574 3492 senserunt.
2643 3444 2844 3511 nuper

542 3550 820 3615 quoque,
879 3532 945 3596 id
1005 3536 1102 3597 est
1159 3532 1226 3595 in
1286 3530 1507 3596 diebus
1565 3530 1827 3612 nostriS,
1890 3531 2223 3596 emersisse
2276 3532 2589 3596 haeresim
2648 3550 2843 3596 uene-

629 3734 658 3787 1
707 3729 1114 3786 machedoniani
1159 3732 1227 3787 N
1367 3729 1673 3785 Photiniaci
1716 3732 1944 3800 scripsi.-
1986 3728 2282 3799 phitoniaci
2325 3732 2393 3787 N
2474 3728 2729 3785 futiniani
2770 3730 2853 3785 Μ

539 3860 842 3930 photiniani
859 3880 938 3933 Ρυ
1042 3864 1076 3919 3
1099 3860 1416 3932 pulularunt
1431 3880 1476 3932 Ρ
1583 3864 1615 3917 5
1641 3860 1850 3915 sabellii
1875 3863 1980 3931 Mp
2082 3816 2440 3915 ‘similitudine
2462 3862 2533 3916 N
2632 3863 2666 3917 6
2687 3859 2840 3915 here-

541 3964 656 4001 seos
691 3950 859 4019 ΝΜΡ
985 3950 1180 4003 scisma
1213 3950 1318 4020 ΜΡ
1444 3950 1500 4003 et
1533 3948 1646 4003 filio
1684 3950 1759 4004 M
1874 3950 1908 4004 8
1942 3948 2277 4020 blasphemie
2306 3966 2351 4018 Ρ
2474 3950 2509 4003 9
2545 3950 2629 4001 est
2661 3964 2763 4004 om.
2792 3964 2841 4018 Ρ

542 4038 607 4091 12
649 4036 924 4089 eonomius
961 4038 1037 4091 M
1135 4038 1201 4093 13
1247 4034 1558 4091 ammodum
1605 4037 1689 4092 N¹
1795 4035 1899 4090 sibi
1946 4036 2249 4091 trinitatem
2293 4036 2352 4089 in
2396 4035 2679 4089 diuinitate
2726 4051 2841 4089 esse

540 4122 796 4178 concedat
849 4123 1088 4192 equalem
1143 4126 1324 4177 tamen
1380 4138 1488 4177 non
1541 4139 1655 4177 esse
1710 4122 1990 4178 contendit
2035 4124 2111 4178 M
2281 4124 2347 4179 14
2394 4122 2707 4176 ammittens
2752 4122 2819 4177 N
2820 4125 2839 4159 ¹

542 4212 607 4265 15
643 4209 1023 4265 machedonius
1060 4211 1128 4266 N
1264 4213 1329 4266 19
1365 4210 1568 4265 fotinus
1604 4211 1704 4266 Μυ
1773 4210 2032 4279 phatinus
2060 4212 2129 4279 Ρ1
2270 4212 2340 4265 23
2383 4208 2691 4277 intelligens
2728 4210 2835 4279 ΜΡ

539 4297 712 4351 credit
743 4298 810 4353 N
931 4300 998 4355 25
1035 4297 1290 4367 quicquid
1325 4299 1431 4367 ΜΡ
1555 4300 1623 4353 27
1662 4296 2017 4351 similitudine
2052 4298 2185 4353 Nav
2219 4298 2355 4364 (non
2380 4296 2449 4366 Ρ)
2579 4296 2833 4351 hereseon

539 4386 706 4455 ΝΜΡ
775 4385 987 4439 heresin
1022 4387 1122 4456 ΝΡ
1192 4384 1421 4439 heresim
1457 4386 1534 4441 Μ
1630 4388 1699 4441 29
1734 4384 1965 4439 heresim
2002 4386 2170 4454 ΝΜΡ
