3167 4975
276 1591 329 1628 10

278 2113 329 2153 15

1168 453 1327 506 Inst.
1368 451 1474 506 lib.
1514 453 1648 516 ΙΠῙ,
1689 455 1873 509 6-10,
2587 453 2672 518 53

380 650 599 696 ueram
644 649 761 694 nec
808 649 952 694 cum
998 629 1297 694 fratribus
1346 629 1658 694 unitatem
1705 634 2076 713 perpetuam
2111 651 2222 694 nec
2255 629 2504 694 firmam
2537 631 2672 693 diu-

382 743 757 818 turnamque
804 755 986 818 posse
1032 735 1301 798 rotinere
1348 735 1767 814 concordiam,
1815 735 1923 798 sed
1970 755 2048 798 ne
2096 735 2160 799 in
2206 735 2502 799 coenobio
2535 735 2672 816 qui-

382 843 527 906 dem
586 841 819 905 diutius
880 858 1243 922 permanere
1308 857 1473 920 eum,
1536 840 1646 920 qui
1705 839 1880 920 prius
1937 841 2298 904 uoluntates
2355 859 2499 904 suas
2548 859 2674 905 non

383 947 667 1011 didicerit
714 963 1023 1028 superare.

469 1051 675 1114 VIIII.
724 1051 843 1114 His
892 1049 1083 1134 igitur
1130 1049 1441 1114 institutis
1490 1067 1595 1112 eos
1645 1067 1800 1130 quos
1849 1049 2108 1113 initiant
2139 1051 2315 1114 uelut
2347 1051 2674 1114 elementis

384 1155 759 1238 quibusdam
808 1173 881 1218 ac
926 1153 1187 1237 syllabis
1234 1154 1493 1218 inbuere
1526 1154 1604 1218 ad
1636 1154 2083 1237 perfectionem
2119 1159 2305 1236 atque
2338 1136 2676 1220 informare

384 1260 706 1340 festInant,
768 1279 878 1342 per
922 1258 1079 1323 haee
1125 1259 1203 1323 ad
1264 1258 1573 1341 liquidum
1637 1259 2086 1338 discernentes,
2143 1263 2356 1322 utrum
2411 1259 2560 1324 ficta
2616 1264 2673 1324 et

382 1364 756 1448 imaginaria
802 1381 877 1427 an
926 1381 1077 1426 uera
1122 1363 1251 1427 sint
1295 1363 1658 1427 humilitate
1705 1363 1971 1427 fundati.
2045 1363 2122 1427 ad
2169 1365 2330 1445 quod
2379 1367 2451 1428 ut
2497 1365 2676 1428 facile

382 1471 639 1534 ualeant
682 1468 1029 1552 peruenire,
1077 1470 1531 1549 consequenter
1578 1467 1998 1532 instituuntur
2043 1468 2250 1532 nullas
2291 1469 2542 1551 penitus
2577 1489 2676 1533 co—

382 1574 719 1658 gitationes
766 1573 1118 1657 prurientes
1166 1573 1229 1636 in
1278 1573 1459 1636 corde
1507 1573 1858 1655 perniciosa
1903 1573 2268 1636 confusione
2301 1573 2521 1652 celare,
2570 1574 2676 1636 sed

384 1679 716 1743 confestim
782 1681 853 1742 ut
913 1681 1161 1742 exortae
1209 1677 1446 1741 fuerint
1506 1695 1612 1741 eas
1663 1695 1774 1742 suo
1834 1677 2190 1761 patefacere
2254 1677 2502 1757 seniori,
2563 1697 2680 1742 nec

385 1803 570 1868 super
616 1801 829 1847 earum
876 1782 1103 1846 iudicio
1152 1782 1489 1864 quicquam
1524 1801 1674 1847 suae
1715 1781 2075 1846 discretioni
2109 1783 2522 1864 committere,
2571 1783 2678 1846 sed

384 1889 539 1952 illud
585 1889 833 1951 credere
882 1888 1121 1952 malum
1169 1906 1307 1950 esse
1353 1887 1455 1950 uel
1504 1886 1762 1968 bonum,
1810 1887 1975 1968 quod
2022 1887 2389 1950 discusserit
2436 1905 2507 1951 ac
2539 1906 2680 1970 pro-

384 1993 771 2058 nuntiauerit
812 1992 1072 2056 senioris
1106 2009 1384 2055 examen.
1460 1992 1672 2073 itaque
1715 1991 1786 2054 fit
1817 1995 1890 2055 ut
1921 1992 1984 2054 in
2019 1992 2190 2056 nullo
2224 1992 2677 2056 circunmeuire

384 2099 677 2162 iuuenem
724 2098 987 2161 callidus
1034 2097 1329 2162 inimicus
1377 2096 1552 2160 uelut
1599 2097 1992 2180 inexpertum
2041 2097 2454 2180 ignarumque
2501 2115 2680 2180 prae,-

385 2204 615 2282 ualeat,
676 2221 791 2266 nec
853 2201 981 2265 ulla
1042 2202 1257 2265 fraude
1322 2201 1606 2284 decipere
1669 2221 1856 2282 quem
1905 2201 2191 2285 peruidet
2237 2219 2360 2265 11011
2409 2219 2524 2265 sua
2570 2202 2678 2265 sed

386 2308 647 2372 senioris
710 2307 1081 2371 discretione.
1144 2307 1395 2386 muniri,
1466 2310 1530 2369 et
1600 2306 2036 2390 suggestiones
2099 2324 2244 2369 suas
2311 2306 2408 2369 uel
2480 2306 2679 2390 ignita

384 2413 604 2494 iacula,
653 2430 1083 2496 quaecumque
1132 2412 1196 2475 iu
1244 2429 1347 2474 cor
1394 2411 1527 2474 eius
1562 2411 1865 2493 iniecerit,
1913 2415 1983 2474 ut
2015 2409 2324 2474 seniorem
2359 2411 2522 2474 celet
2555 2430 2680 2475 non

384 2538 567 2603 posse
615 2518 882 2582 suaderi.
934 2518 1089 2581 alias
1138 2518 1366 2600 quippe
1414 2516 1872 2580 subtilissimus
1918 2516 2203 2579 diabolus
2251 2517 2532 2580 inludere
2577 2517 2678 2580 uel

384 2625 623 2687 deicere
670 2624 977 2687 iuniorem
1026 2639 1149 2686 non
1196 2622 1447 2705 poterit,
1506 2622 1625 2686 uisi
1675 2640 1820 2685 cum
1867 2641 2013 2684 eum
2059 2640 2168 2684 seu
2217 2640 2326 2703 per
2375 2622 2680 2704 adrogan-

388 2728 542 2793 tiam
590 2728 723 2791 siue
783 2746 894 2810 per
942 2727 1386 2790 uerecundiam
1435 2726 1511 2789 ad
1575 2726 2030 2809 cogitationum
2089 2744 2344 2789 suarum
2389 2726 2680 2789 uelamen

388 2833 691 2897 inlexerit.
764 2832 1056 2915 generale
1106 2850 1376 2913 namque
1424 2833 1487 2894 et
1535 2830 1792 2895 euidens
1843 2830 2143 2894 indicium
2191 2829 2534 2895 diabolicae
2582 2849 2682 2894 co-

388 2938 710 3022 gitationis
759 2956 895 3000 esse.
927 2936 1359 3019 pronuntiant,
1409 2935 1462 2998 si
1494 2953 1635 2998 eam
1669 2935 1898 2999 seniori
1929 2936 2388 2999 confundamur
2423 2934 2679 3019 aperire.

473 3044 550 3107 X.
598 3042 755 3107 Post
812 3042 967 3105 haec
1028 3044 1209 3104 tanta
1255 3040 1661 3105 obseruantia
1708 3039 2140 3104 oboedientiae
2200 3040 2418 3123 regula
2474 3043 2684 3103 custo-

392 3148 579 3227 ditur,
641 3150 714 3210 ut
759 3147 1031 3211 iuniores
1081 3144 1317 3227 absque.
1365 3144 1706 3228 praepositi
1755 3144 1848 3207 sui
1901 3144 2162 3208 scientia
2209 3146 2308 3208 uel
2371 3146 2682 3227 permissu

392 3270 515 3317 non
562 3252 766 3316 solum
830 3269 953 3315 uon
1002 3250 1275 3314 audeant
1335 3250 1560 3313 cellam
1606 3249 1915 3332 progredi,
1980 3250 2086 3313 sed
2137 3269 2214 3312 ne
2261 3250 2382 3333 ipsi
2428 3250 2682 3331 quidem

392 3356 712 3420 communi
782 3374 853 3419 ac
924 3355 1193 3420 naturali
1264 3354 1625 3418 necessitati
1699 3354 2059 3423 satisfacere
2129 3372 2244 3417 sua
2313 3354 2684 3418 auctoritate

390 3464 814 3545 praesumant.
867 3460 1081 3541 sicque
1128 3460 1423 3523 uniuersa
1469 3459 1779 3542 conplere,
1842 3476 2274 3541 quaecumque
2323 3457 2560 3522 fuerint
2606 3458 2682 3521 ab

394 3586 465 3630 eo
509 3568 863 3649 praecepta,
912 3567 1237 3647 tamquam
1284 3564 1337 3628 si
1385 3582 1455 3627 ex
1504 3564 1618 3626 deo
1667 3563 1796 3627 sint
1841 3563 2104 3627 caelitus
2151 3562 2338 3643 edita,
2389 3562 2522 3626 sine
2555 3562 2686 3627 ulla

480 3770 513 3820 2
552 3764 807 3818 coenubio
846 3765 930 3819 Η1
1062 3768 1094 3819 3
1132 3732 1421 3816 diuturnus
1460 3764 1524 3817 Π
1637 3760 1996 3832 uolumptates
2032 3763 2110 3817 L¹
2234 3766 2265 3817 4
2309 3762 2564 3815 dedicerit
2603 3764 2688 3817 Ηι

394 3856 425 3909 5
460 3850 595 3905 vm
633 3852 701 3906 Η
819 3850 1083 3904 elimentis
1126 3852 1283 3905 G¹JI¹
1410 3854 1443 3904 ΰ
1480 3848 1684 3903 sillabis
1723 3849 1794 3903 H
1891 3849 2198 3903 imformare
2237 3850 2290 3903 L
2408 3852 2474 3904 1o
2509 3850 2687 3917 perni-

392 3940 529 3993 tiosa
552 3940 657 3995 LS
746 3938 1080 3992 confussione
1109 3938 1173 3991 H
1176 3940 1189 3973 ¹
1288 3940 1352 3992 12
1380 3936 1696 3990 discretione
1719 3938 1796 3991 11¹
1897 3939 1960 3991 13
1987 3935 2300 3989 disemum-it,
2321 3938 2388 3991 ΙΙ
2482 3940 2543 3991 lo
2569 3952 2687 4005 per-

396 4025 533 4079 uidit,
566 4027 649 4079 H¹
744 4024 1021 4094 praeuidet,
1054 4026 1164 4079 L²v
1262 4027 1323 4079 17
1361 4024 1734 4077 discretionem
1760 4024 1830 4077 (3¹
1895 4022 2194 4075 decretione
2220 4042 2286 4077 ea,-
2311 4022 2598 4075 decretioni
2627 4024 2694 4076 ΙΙ

394 4113 761 4181 suggessiones
798 4114 873 4167 L¹
980 4111 1130 4165 uelut
1177 4112 1249 4167 Sc
1360 4114 1422 4165 18
1470 4110 1626 4163 corde
1678 4113 1744 4164 ΙΙ
1841 4110 2034 4162 seniori
2072 4110 2150 4163 L2
2269 4112 2331 4163 19
2369 4109 2589 4162 suadere.
2628 4112 2696 4163 H

394 4199 643 4253 diabulus
689 4202 849 4255 H¹L¹
992 4201 1061 4253 2«)
1116 4198 1346 4251 deiecere
1399 4200 1471 4252 (1'1
1616 4197 1854 4266 decipere
1911 4198 1978 4251 ΙΙ
2111 4198 2179 4251 22
2235 4195 2553 4249 intellexerit
2614 4198 2686 4250 (4¹

396 4288 715 4399 intellexerit
758 4332 819 4385 Il
918 4299 1221 4398 generalem
1258 4330 1333 4383 L¹
1442 4332 1506 4384 24
1548 4328 1713 4381 VIIII
1754 4329 1818 4382 H
1928 4330 1996 4381 25
2033 4327 2348 4395 praepossiti
2389 4328 2464 4381 11¹
2571 4344 2686 4395 per-

397 4418 556 4471 misso
600 4418 651 4471 G
722 4418 1015 4486 praemissu
1062 4418 1137 4471 H¹
1246 4420 1315 4471 26
1352 4432 1449 4469 nec
1489 4418 1567 4470 ΙΙΙ
1677 4418 1742 4470 27
1783 4415 2094 4467 necessitate,
2132 4416 2216 4467 Ηι
