3167 4975
1369 420 1526 473 1nst.
1565 420 1675 474 lib.
1704 407 1824 474 vn.
2614 423 2737 488 129

537 597 706 660 XVI.
755 597 948 662 Cuius
999 597 1342 661 testhnonii
1390 617 1456 660 se
1504 598 1705 661 colore
1753 601 2071 676 tueantur,
2126 599 2233 680 qui
2290 599 2429 662 exui
2476 600 2739 663 faculta-

453 701 620 765 tibus
669 703 798 766 suis
847 703 1086 766 nolunt.

535 806 737 870 XVII.
787 807 882 870 De
927 807 1391 871 renuntiat-ione
1442 807 1869 889 apostolorum
1917 811 1980 870 et
2026 807 2324 871 eeclesiae
2360 808 2735 890 primitiuae.

535 911 767 975 XVIII.
821 911 1018 991 Quod,
1081 911 1134 974 si
1182 911 1496 994 apostolos
1542 911 1780 975 imitari
1844 912 2144 990 uelimuS,
2208 931 2331 975 non
2397 912 2735 976 debeamus

369 1033 395 1070 5
451 1017 678 1080 nostris
724 1015 1192 1080 definitionibus
1240 1016 1473 1095 uiuere,
1523 1017 1632 1079 sed
1678 1015 1929 1080 illorum
1978 1017 2263 1098 exempla
2308 1019 2549 1081 sectari.

537 1121 802 1185 XVIIII.
853 1121 1180 1187 Sententia
1225 1121 1426 1185 sancti
1474 1121 1749 1204 episcopi
1780 1121 1977 1185 Basili
2018 1121 2317 1185 aduersus
2347 1119 2733 1204 Synolotium

448 1227 707 1308 prolata.
1365 1251 1372 1258 ·

534 1330 668 1394 XX.
719 1329 920 1410 Quam
967 1330 1458 1414 ignominiosum
1505 1331 1589 1394 sit
1636 1349 1673 1394 a
1718 1329 2035 1413 filargyria
2078 1331 2376 1412 superari.

533 1433 701 1498 XXI.
753 1434 1295 1515 Quemadmodum
1342 1435 1697 1518 superanda
1742 1435 1826 1498 sit
1870 1434 2202 1518 filargyria.

343 1557 394 1594 ιο
531 1539 732 1603 ΧΧΠ.
783 1538 961 1618 Quod
1005 1540 1206 1622 possit
1265 1541 1404 1620 quis
1467 1539 1661 1602 etiam
1723 1557 1845 1602 non
1907 1538 2147 1602 habens
2208 1539 2506 1622 pecunias
2566 1539 2735 1604 filar-

445 1663 633 1726 gyms
677 1645 954 1708 iudicari.

529 1748 764 1812 XXIII.
813 1749 1186 1831 Exemplum
1235 1749 1309 1812 de
1357 1749 1531 1812 Iuda.

529 1853 796 1917 XXIIII.
847 1853 1024 1933 Quod
1071 1853 1388 1935 filargyria
1434 1853 1556 1916 nisi
1606 1853 1889 1917 nuditate
1937 1853 2105 1917 uinoi
2152 1872 2275 1918 non
2323 1855 2539 1936 possit.

528 1958 722 2021 XXV.
771 1959 868 2022 De.
915 1959 1082 2022 exitu
1115 1957 1445 2022 Annauiae
1494 1960 1556 2020 et
1586 1955 1931 2040 Sapphirae
1976 1962 2038 2021 et
2069 1957 2279 2038 Iudae,
2345 1977 2529 2040 quem
2564 1959 2731 2022 filar-

341 2089 390 2128 15
445 2063 618 2145 gyria
663 2063 1000 2145 inpellente
1048 2062 1393 2126 subierunt.

525 2167 754 2230 XXVI.
805 2167 981 2248 Quod
1027 2167 1344 2251 fflargyria
1387 2167 1629 2249 lepram
1678 2167 1923 2231 animae
1968 2168 2194 2232 inferat
2244 2169 2609 2250 spiritalem.

528 2272 788 2336 XXVII.
839 2273 1228 2336 Testimonia
1282 2273 1356 2335 de
1419 2272 1766 2354 scripturis,
1830 2271 2054 2354 quibus
2115 2273 2559 2356 perfectionem
2624 2274 2731 2340 de-

445 2377 724 2441 siderans
772 2378 1064 2441 edocetur
1111 2395 1233 2442 non
1279 2396 1598 2442 resumere
1643 2396 1804 2459 quae
1852 2378 2219 2441 renuntians
2270 2377 2602 2442 abdicauit.

527 2482 822 2547 XXVIII.
859 2482 1034 2564 Quod
1081 2483 1382 2547 aduersus
1431 2483 1812 2567 filargyriam
1862 2483 2125 2548 uictoria
2166 2502 2286 2547 non
2322 2483 2501 2547 aliter
2533 2485 2731 2566 possit

337 2612 390 2650 20
447 2589 563 2652 nisi
609 2589 892 2652 nuditate
940 2587 1238 2671 conquiri.

527 2692 856 2757 XXVIIII.
892 2694 1434 2773 Quemadmodum
1481 2694 1685 2776 possit
1717 2694 1966 2758 nuditas
2001 2714 2037 2756 a
2068 2694 2375 2757 monacho
2407 2694 2726 2758 retentari.

528 2798 724 2862 XXX.
773 2798 1075 2862 Remedia
1120 2802 1337 2862 contra
1382 2799 1673 2863 morbum
1720 2798 2089 2882 filargyriae.

527 2902 758 2966 XXXI.
793 2902 969 2983 Quod
1000 2922 1126 2967 non
1166 2903 1368 2986 possit
1412 2904 1550 2985 quis
1600 2902 1983 2987 filargyriam
2029 2903 2279 2966 uincere.
2328 2902 2448 2965 nisi
2496 2902 2558 2965 in
2592 2920 2731 2963 eoe-

445 3006 626 3070 nobio
672 3026 1102 3089 perseueranS,
1150 3011 1212 3070 et
1257 3007 1789 3089 quemadmodum
1835 3008 2037 3089 possit
2075 3006 2309 3069 ibidem
2341 3024 2725 3089 permanere.

531 3198 554 3251 1
598 3214 650 3249 se
677 3195 845 3250 colere
873 3198 940 3251 H
1005 3197 1176 3251 colore
1212 3216 1264 3249 se
1293 3200 1341 3251 A
1418 3197 1589 3251 ‹zolore
1617 3198 1738 3264 (om.
1761 3202 1837 3265 se)
1862 3198 1913 3251 L
2022 3197 2166 3265 quiq.
2195 3198 2259 3251 H
2362 3200 2395 3251 3
2433 3195 2649 3248 eclesiae
2676 3196 2728 3249 A

440 3294 836 3395 primitiugrum
871 3328 924 3381 L
1032 3330 1065 3382 4
1101 3330 1221 3395 apls
1252 3330 1316 3383 H
1415 3328 1665 3383 uellimus
1695 3330 1760 3383 H
1863 3328 2150 3381 debeamus
2172 3328 2303 3382 L'l':
2340 3326 2650 3380 deberemus
2676 3328 2727 3381 A

443 3413 693 3467 debemus
731 3415 823 3469 Ην
953 3418 983 3469 5
1022 3414 1436 3469 diffinitionibus
1477 3418 1544 3471 H
1611 3416 1760 3471 difin.
1797 3418 1850 3471 L
1982 3420 2015 3470 6
2046 3413 2202 3468 basili
2242 3416 2369 3469 AT.-
2403 3412 2582 3467 basilii
2614 3414 2729 3469 HL

443 3501 744 3555 sincletium
769 3502 822 3555 L
883 3501 1186 3555 senelitium
1215 3504 1265 3557 Τ
1355 3506 1386 3558 8
1422 3503 1492 3556 sit
1515 3522 1616 3558 om.
1644 3504 1697 3557 L
1792 3509 1825 3555 9
1850 3502 2319 3571 quemammodum
2347 3502 2400 3555 L
2497 3503 2562 3555 10
2586 3500 2729 3553 filar-

442 3588 608 3656 girius
653 3590 722 3644 H
785 3588 1078 3656 fylargicus
1114 3590 1168 3644 L
1313 3592 1377 3645 13
1415 3590 1516 3643 nisi
1553 3590 1610 3644 in
1648 3592 1715 3646 H
1849 3606 2001 3660 posse
2039 3590 2108 3644 H
2242 3592 2306 3644 14
2346 3588 2638 3657 sapphyrae
2676 3590 2729 3642 A
2818 3634 2838 3655 ,

443 3675 630 3743 saffyre
673 3677 742 3731 H
805 3674 986 3746 saffire
1024 3677 1077 3730 L
1219 3680 1272 3730 et
1309 3676 1473 3731 Iudae
1519 3696 1621 3733 om.
1658 3680 1711 3732 A
1820 3677 2133 3747 philargiria
2169 3678 2222 3731 L
2337 3676 2607 3744 filargyria
2636 3719 2645 3728 .
2676 3718 2687 3729 .
2719 3718 2728 3728 .

447 3808 508 3861 lo·
533 3806 672 3873 quod
699 3824 800 3860 om.
823 3808 891 3860 H
985 3810 1046 3861 15
1073 3766 1328 3876 imffiente
1353 3809 1406 3862 L
1505 3812 1569 3863 16
1594 3808 1911 3877 philargiria
1934 3808 1987 3861 L
2081 3806 2275 3860 libram
2302 3808 2377 3862 L¹
2475 3809 2537 3862 17
2564 3806 2727 3859 scrib-

441 3893 574 3945 turis
612 3894 738 3947 ΑΗ
864 3896 930 3948 19
966 3893 1352 3963 phylargiriam
1391 3896 1444 3949 L
1480 3897 1733 3963 (pa-ssim)
1876 3894 2101 3947 uictoria
2137 3894 2190 3947 L
2333 3892 2489 3947 aliter
2524 3910 2630 3945 11011
2669 3894 2735 3947 ΙΙ

441 3982 502 4033 21
543 3979 800 4033 monacho
839 3980 1054 4033 nuditas
1092 3980 1214 4049 (om.
1243 3983 1294 4051 a)
1319 3984 1372 4036 A
1477 3986 1546 4037 23
1583 3983 1639 4035 in
1677 4002 1777 4037 om.
1806 3982 1921 4035 HL
2017 3984 2083 4035 24
2122 3998 2445 4049 permanere.
2508 3980 2728 4033 Finiunt

442 4066 674 4134 eapitula
700 4066 764 4119 de
791 4067 888 4139 spu
917 4068 1221 4136 lilargyriae
1249 4071 1300 4123 A
1360 4069 1667 4137 Explioiunt
1696 4060 1927 4137 capitula
1954 4068 2032 4123 L:
2057 4086 2156 4124 ont.
2190 4070 2311 4123 GH
2366 4069 2479 4141 Ine,
2513 4067 2649 4120 liber
2675 4070 2725 4121 A

443 4196 638 4266 Incipit
676 4198 740 4250 de
778 4199 878 4268 siin
916 4156 1201 4267 ffiffiiffffae
1249 4198 1382 4253 liber
1427 4200 1687 4267 septimus
1729 4200 1780 4254 G
1817 4199 2183 4268 Incipitnm*
2234 4199 2369 4252 liber
2413 4198 2476 4252 de
2514 4197 2727 4267 phylar-

441 4285 588 4352 gyria
625 4287 707 4340 L:
741 4304 842 4341 om.
879 4288 939 4341 H
