3167 4975
511 411 635 474 172
1316 411 1632 466 Iohannis
1678 410 1979 466 Cassiani

1241 663 1536 747 LIBER
1590 663 2051 748 DECIMUS.

1134 813 1260 877 DE
1307 812 1678 879 SPIRITU
1720 811 2152 878 AOEDIAE.

1411 973 1878 1025 CAPITULA.

588 1110 637 1173 I.
687 1109 862 1190 Quod
909 1115 1154 1174 sextum
1211 1113 1532 1174 certamen
1577 1111 1663 1175 sit
1706 1111 2007 1175 aduersus
2064 1111 2349 1192 spiritum
2398 1111 2667 1190 acediae,
2730 1114 2795 1174 et

501 1214 576 1277 de
623 1219 850 1278 natura
897 1216 1046 1278 eius,
2875 1243 2901 1280 ε,

587 1319 667 1382 II.
733 1319 1049 1400 Expositio
1113 1319 1380 1400 acediae,
1441 1321 1543 1384 uel
1606 1320 2135 1402 quemadmodum
2204 1323 2419 1401 serpat
2478 1319 2541 1382 in
2610 1318 2793 1382 eorde

501 1423 808 1502 monachi,
857 1441 1096 1505 quaeue
1141 1424 1371 1488 inferat
1417 1425 1616 1488 menti
1661 1424 2002 1507 dispendia.

585 1527 703 1591 III.
751 1526 989 1607 Quibus
1034 1527 1368 1611 generibus
1416 1529 1798 1594 monachum
1845 1533 2098 1610 superet
2144 1528 2373 1592 acedia.

585 1631 735 1695 IIII.
785 1631 962 1712 Quod
1009 1633 1223 1696 acedia
1267 1637 1558 1698 excaecet
1604 1637 1883 1697 mentem
1932 1631 2009 1696 ab
2059 1633 2231 1696 omni
2268 1632 2793 1713 contemplatione

496 1737 821 1800 uirtutum.
2850 1765 2903 1804 ιο

586 1840 660 1904 V.
713 1840 891 1921 Quod
937 1841 1163 1923 duplex
1209 1842 1457 1906 acediae
1505 1843 1589 1906 sit
1632 1843 2017 1925 inpugnatio.

584 1945 690 2008 VI.
741 1945 846 2026 Hi,
894 1947 996 2027 qui
1043 1945 1120 2009 ab
1163 1946 1376 2010 acedia
1421 1947 1738 2028 coeperint
1782 1947 1966 2027 uinci,
2016 1949 2323 2028 quatenus
2354 1944 2789 2010 conlabuntur.

585 2049 724 2112 VII.
773 2050 1062 2131 Apostoli
1107 2051 1465 2114 testimonia
1510 2054 1729 2115 contra
1775 2052 2059 2133 spiritum
2108 2049 2375 2114 acediae.

584 2153 760 2217 VIII.
788 2153 963 2233 Quod
995 2172 1252 2219 necesse
1285 2155 1368 2218 sit
1395 2156 1741 2237 inquietum
1777 2175 1913 2218 esse
1946 2173 2113 2238 eum,
2144 2157 2249 2236 qni
2280 2173 2463 2236 opere
2488 2172 2789 2218 manuum

501 2275 754 2321 suarum
803 2277 926 2322 non
973 2259 1112 2323 uult
1159 2277 1296 2322 esse
1342 2263 1693 2323 contentus.
2850 2298 2903 2336 1⁵

584 2362 789 2426 VIIII.
842 2362 1019 2443 Quod
1080 2381 1205 2427 non
1253 2365 1455 2428 solum
1519 2364 1863 2446 apostoluS,
1926 2363 2034 2428 sed
2100 2365 2288 2428 etiam
2336 2364 2421 2445 hi,
2484 2365 2587 2446 qui
2646 2382 2789 2427 cum

497 2468 603 2532 illo
650 2471 848 2549 erant,
897 2469 1188 2533 manibus
1235 2471 1364 2533 suis
1411 2470 1649 2551 operati
1696 2473 1860 2534 sunt.

583 2574 660 2637 X.
710 2572 886 2653 Quod
947 2574 1025 2638 ob
1088 2574 1207 2639 hoc
1269 2574 1558 2639 manibus
1622 2576 1749 2638 suis
1812 2574 2132 2657 apostolus
2194 2578 2489 2655 operatus
2549 2574 2659 2653 sit,
2720 2578 2793 2638 ut

499 2676 678 2742 nobis
725 2678 1024 2760 operandi
1068 2678 1399 2760 praeberet
1443 2680 1819 2761 exemplum.

583 2783 692 2847 XI.
742 2782 918 2863 Quod
965 2802 1088 2847 non
1145 2785 1348 2848 solum
1395 2785 1701 2866 exemplo,
1762 2782 1871 2847 sed
1919 2784 2107 2848 etiam
2152 2782 2362 2847 uerbis
2422 2783 2791 2865 praedicans
2846 2820 2908 2860 20

499 2889 812 2951 monuerit
856 2889 1117 2970 operari.

583 2992 726 3056 XII.
775 2993 870 3055 De
919 3011 990 3056 eo
1054 2994 1214 3074 quod
1262 2994 1443 3057 dicit:
1507 2994 1569 3057 si
1631 2995 1793 3075 quis
1856 3011 1999 3057 non
2058 2993 2227 3057 uult
2283 2993 2597 3074 operari,
2658 3008 2791 3055 nec

498 3097 910 3161 manducet.

581 3201 759 3265 XIII.
795 3202 889 3265 De
923 3220 994 3265 eo
1027 3202 1188 3284 quod
1221 3202 1397 3267 dicit:
1445 3203 1871 3267 audiuimus
1918 3204 2113 3266 enim
2158 3203 2357 3266 inter
2402 3218 2531 3265 uos
2581 3219 2791 3283 quos-

498 3305 660 3369 dam
706 3305 1090 3370 ambulare
1137 3308 1490 3388 inquiete.
2846 3344 2907 3383 25

583 3410 792 3473 XIIII.
843 3410 1019 3491 Quod
1067 3412 1266 3475 multa
1310 3412 1466 3475 uitia
1511 3416 1795 3493 amputet
1839 3414 2115 3494 operatio
2161 3428 2482 3475 manuum.

582 3514 709 3578 XV.
746 3515 840 3578 De
887 3516 1274 3579 humanitate
1307 3518 1495 3580 etiam
1529 3517 1743 3580 otiosis
1777 3521 1840 3580 et
1871 3514 2348 3601 neglegentibus
2378 3514 2785 3597 inpertienda.

703 3688 794 3757 22]
832 3687 886 3740 II
914 3687 1095 3741 These.
1123 3690 1172 3748 3,
1201 3691 1280 3743 10.
1425 3688 1516 3757 24]
1555 3688 1590 3741 l.
1614 3704 1657 3741 c.
1690 3690 1770 3743 11.

581 3850 612 3901 4
652 3846 850 3899 acidiae
889 3848 940 3901 L
977 3848 1230 3916 (passim)
1301 3847 1500 3901 accidie
1535 3848 1605 3901 H
1714 3850 1747 3901 6
1784 3845 2259 3915 quemammodum
2295 3846 2348 3900 L
2457 3848 2487 3900 7
2524 3861 2694 3913 quaue
2732 3845 2789 3899 L

497 3934 690 3987 mentis
731 3936 846 3989 HT
947 3938 978 3991 8
1015 3938 1233 4003 superat
1268 3935 1421 3989 acdia
1455 3936 1522 3989 H
1624 3939 1657 3989 9
1694 3935 1847 3989 acdia
1884 3936 1951 3989 H
2050 3938 2293 3987 excaecat
2328 3934 2499 3988 HLT
2604 3936 2663 3988 11
2714 3932 2789 3985 sit

495 4022 642 4074 aedie
671 4024 736 4076 H
828 4024 893 4077 12
918 4022 996 4075 hii
1023 4024 1141 4077 HT
1230 4022 1442 4077 abcidia
1465 4024 1532 4077 H
1622 4022 1875 4090 quatinus
1897 4023 1951 4075 L
2048 4025 2112 4077 13
2137 4020 2505 4075 testimonium
2532 4021 2586 4073 L
2678 4019 2789 4073 aci-

495 4109 612 4162 diae
633 4110 794 4177 H(L)
887 4114 951 4164 16
969 4110 1110 4178 quod
1133 4110 1323 4165 HLT:
1341 4109 1606 4178 quomodo
1626 4112 1679 4164 A
1771 4108 2035 4178 apostolos
2056 4110 2123 4163 H
2188 4107 2411 4177 apostoli
2432 4108 2485 4162 L
2578 4108 2643 4162 18
2660 4122 2789 4176 apo-

495 4196 661 4249 stolus
687 4216 788 4251 om.
815 4198 928 4251 HT
1001 4196 1268 4265 apostolus
1295 4196 1540 4251 manibus
1561 4197 1669 4249 suis
1690 4199 1743 4251 A
1852 4198 2123 4265 operatam
2144 4196 2214 4250 H
2310 4198 2381 4250 20
2406 4193 2584 4248 uerbis
2602 4212 2702 4249 om.
2724 4194 2797 4249 H

494 4286 562 4338 22
600 4284 642 4337 si
681 4304 784 4339 om.
825 4287 876 4339 L
982 4302 1080 4337 nee
1105 4286 1238 4339 AT:
1271 4300 1380 4339 non
1405 4286 1520 4339 HL
1627 4288 1694 4339 25
1734 4284 2067 4338 ambulantes
2102 4284 2220 4338 HT
2317 4285 2389 4338 26
2424 4281 2563 4351 quod
2602 4300 2705 4338 om.
2732 4282 2789 4337 L

493 4372 728 4440 operatio
767 4388 1020 4424 manuum
1059 4372 1242 4439 (manti
1285 4374 1358 4437 T)
1396 4372 1583 4426 ALT:
1618 4372 1986 4441 operationum
2024 4372 2093 4425 H
2192 4373 2259 4425 27
2296 4370 2593 4423 umanitate
2628 4368 2697 4424 H
