3167 4975
508 413 631 478 188
1317 413 1637 467 Iohannis
1683 411 1984 467 Cassiani

505 590 626 670 qui
687 607 971 652 mecum
1018 593 1192 652 sunt
1253 589 1895 653 ministrauerunt
1956 606 2213 652 manus
2261 591 2472 652 istae.
2551 588 2799 651 omnia

503 693 800 757 ostendi
859 693 1092 774 uobiS,
1163 694 1335 775 quia
1394 694 1500 758 sic
1559 692 1995 757 laborantes
2056 697 2351 776 oportet
2418 693 2797 775 suscipere

500 797 850 862 infirmos
913 815 994 862 ac
1056 799 1491 862 meminisse
1555 797 1765 861 uerbi
1835 797 2117 861 domini
2178 797 2377 877 Iesu,
2448 795 2795 878 quoniam

503 901 660 983 ipse
692 902 906 966 dixit:
955 902 1250 967 beatius
1299 907 1414 967 est
1445 902 1683 985 magis
1730 902 1901 965 dare
1942 919 2159 984 quam
2200 903 2557 984 accipere.
2605 917 2799 983 graue

505 1006 684 1071 nobis
717 1025 868 1071 suae
901 1008 1391 1072 conuersationis
1425 1007 1679 1088 reliquit
1710 1008 2087 1087 exemplum,
2134 1023 2281 1070 cum
2320 1025 2387 1070 se
2433 1024 2557 1070 non
2592 1005 2795 1069 solum
2884 1023 2913 1059 τ-

501 1111 564 1176 id
610 1116 936 1196 operatum
982 1131 1118 1176 esse
1164 1115 1452 1192 testatur,
1515 1111 1678 1193 quod
1726 1113 2169 1175 necessitatem
2216 1111 2313 1174 sui
2357 1108 2798 1175 tantummodo

502 1217 773 1299 corporis
831 1217 1168 1299 expediret,
1229 1217 1339 1280 sed
1385 1217 1578 1280 etiam
1635 1216 1799 1297 quod
1859 1215 2077 1279 usibus
2142 1233 2355 1280 eorum
2418 1215 2526 1296 qui
2582 1230 2799 1277 secum

503 1324 685 1385 erant
727 1325 942 1402 posset
987 1320 1294 1402 sufficere,
1355 1321 1452 1384 his
1507 1319 1801 1384 uidelicet
1845 1321 1949 1401 qui
1994 1320 2217 1384 cotidie
2266 1318 2633 1383 necessariis
2680 1318 2799 1380 mi-

503 1426 777 1490 nisteriis
824 1426 1112 1509 occupati
1157 1442 1557 1508 nequaquam
1603 1424 1724 1487 sibi
1768 1442 1989 1505 parare
2044 1423 2335 1488 similiter
2380 1423 2619 1486 uictum
2666 1421 2797 1485 suis

505 1531 794 1595 manibus
856 1530 1284 1594 occurrebant.
1363 1533 1426 1594 et
1472 1529 1634 1594 sicut
1693 1529 1771 1592 ad
1818 1528 2409 1592 Thessalonicenses
2471 1529 2795 1610 operatum
2857 1546 2915 1582 10

507 1654 574 1698 se
620 1635 790 1715 dixit,
839 1638 911 1698 ut
953 1635 1075 1699 illis
1121 1635 1388 1699 formam
1439 1635 1616 1698 daret
1660 1633 1738 1697 ad
1783 1633 2159 1698 imitandum
2208 1651 2373 1712 eum,
2421 1635 2485 1696 et
2530 1631 2631 1694 hic
2669 1631 2797 1694 tale

503 1738 738 1821 aliquid
768 1739 984 1804 int-ulit
1013 1739 1257 1802 dicens:
1305 1738 1554 1803 omnia
1598 1737 1896 1802 ostendi
1942 1737 2179 1818 uobiS,
2228 1737 2402 1818 quia
2445 1737 2552 1798 sic
2595 1734 2797 1799 labo·

503 1848 760 1908 rantes
807 1846 1105 1926 oportet
1151 1844 1536 1925 suscipere
1585 1842 1955 1923 infirmoS,
2004 1842 2241 1905 scilicet
2285 1841 2389 1904 uel
2436 1843 2649 1904 mente
2694 1839 2796 1902 uel

502 1967 777 2030 corpore,
823 1949 886 2011 id
919 1951 1016 2012 est
1060 1951 1133 2012 ut
1163 1952 1374 2012 nostro
1421 1947 1629 2030 potius
1675 1947 1887 2011 labore
1920 1950 2303 2029 sumptuque
2335 1943 2539 2028 operis
2572 1941 2796 2009 sudore

503 2054 782 2136 quaesito
829 2056 893 2117 et
936 2069 1061 2116 non
1110 2053 1186 2116 de
1249 2052 1673 2117 abundantiae
1719 2052 1969 2116 cumulo
2018 2070 2129 2116 seu
2178 2050 2453 2132 reposita
2511 2049 2795 2132 pecunia,
2857 2077 2912 2114 ιε,

503 2157 614 2221 sed
675 2177 752 2221 ne
799 2157 876 2221 de
937 2157 1143 2221 aliena
1187 2156 1442 2238 quidem
1502 2157 1794 2239 largitate
1842 2173 1915 2220 ac
1977 2155 2330 2220 substantia
2376 2172 2481 2217 eos
2543 2153 2795 2216 reficere

502 2263 896 2327 festinemus,

589 2366 859 2431 XVIIII.
909 2367 990 2431 Et
1034 2367 1153 2431 hoc
1207 2367 1417 2449 ipsum
1462 2365 1701 2431 domini
1762 2365 1912 2429 dicit
1956 2383 2093 2429 esse
2153 2363 2547 2428 mandatum.
2625 2379 2795 2444 quo-

507 2473 701 2537 niam
747 2473 928 2555 ipse,
975 2471 1199 2555 inquit,
1249 2471 1453 2551 dixit,
1500 2470 1563 2534 id
1611 2472 1707 2535 est
1750 2470 2039 2535 dominus
2080 2468 2289 2534 Iesus:
2336 2468 2635 2533 beatius
2681 2469 2795 2531 est

504 2577 740 2660 magis
801 2577 972 2641 dare
1034 2594 1249 2659 quam
1310 2576 1667 2659 accipere.
1744 2576 1900 2639 haec
1946 2576 2043 2639 est
2101 2574 2501 2657 inpertientis
2555 2572 2795 2636 beatior
2850 2602 2910 2639 ιο

499 2682 761 2766 largitas
817 2700 1008 2764 quam
1069 2682 1428 2763 accipientis
1489 2681 1769 2765 penuria,
1834 2698 1991 2762 quae
2053 2698 2177 2745 non
2225 2680 2299 2743 de
2358 2678 2627 2760 pecunia
2684 2695 2795 2758 per

499 2787 936 2851 infidelitatem
981 2787 1084 2851 uel
1133 2785 1550 2850 diffidentiam
1603 2788 1927 2850 reseruata
1970 2804 2085 2849 nec
2131 2784 2206 2848 de
2251 2782 2583 2848 reconditis
2646 2799 2795 2845 aua-

499 2892 676 2956 ritiae
736 2892 1048 2955 thesauris
1094 2892 1474 2974 inpenditur,
1537 2890 1649 2955 sed
1694 2908 1855 2973 quae
1900 2890 1977 2953 de
2036 2890 2240 2953 fructu
2299 2888 2502 2969 operis
2561 2886 2794 2968 proprii

502 2999 566 3060 et
608 2996 708 3078 pio
755 2996 979 3060 sudore
1024 2995 1356 3077 profertur.
1406 2999 1469 3060 et
1511 2994 1737 3059 idcirco
1784 2994 2080 3059 beatius
2144 2997 2259 3057 est
2317 2990 2557 3075 magis
2620 2990 2790 3053 dare

501 3119 719 3183 quam
781 3102 1140 3182 accipere,
1204 3101 1370 3182 quia,
1435 3118 1578 3165 cum
1624 3100 1790 3164 illius
1838 3100 1945 3181 qui
1992 3099 2214 3180 accipit
2256 3098 2361 3161 hic
2420 3097 2527 3177 qui
2573 3094 2792 3160 tribuit
2852 3126 2907 3164 2⁵

500 3206 733 3270 habeat
797 3209 1266 3289 paupertatem,
1335 3205 1747 3270 nihilominus
1807 3203 2021 3268 labore
2086 3204 2334 3286 proprio
2395 3220 2517 3265 non
2587 3200 2792 3264 solum

713 3386 801 3456 10]
840 3386 907 3440 cf.
933 3384 992 3439 H
1028 3386 1210 3440 Thess
1237 3388 1284 3449 3,
1311 3388 1360 3440 9.
1472 3386 1560 3455 12]
1598 3386 1718 3439 Act.
1745 3388 1828 3449 20,
1855 3388 1939 3440 35.
2050 3384 2156 3453 18]·
2177 3383 2211 3437 1.
2240 3400 2282 3437 9.
2390 3381 2482 3451 24]
2518 3380 2553 3435 l.
2582 3398 2625 3435 c.

585 3548 619 3599 4
655 3546 738 3597 est
772 3562 873 3600 om.
899 3544 986 3599 Η1
1094 3543 1219 3597 dare
1257 3543 1428 3611 magis
1454 3545 1522 3599 H
1622 3546 1654 3597 5
1692 3542 1923 3610 reliquid
1952 3544 2023 3597 θ’
2132 3544 2165 3595 6
2201 3542 2427 3594 testetur
2452 3541 2505 3595 L
2612 3555 2791 3593 neces-

499 3675 716 3729 sitatem
741 3676 877 3730 HT.-
904 3676 1216 3729 necessitate
1244 3676 1396 3729 G¹L¹
1457 3673 1761 3727 necessitati
1791 3672 1977 3728 G²L²v
2083 3676 2114 3727 7
2142 3628 2411 3741 expederit
2434 3672 2503 3725 H
2604 3686 2788 3723 eorum

499 3764 590 3832 qui
615 3806 626 3817 .
658 3806 668 3817 .
697 3806 709 3817 .
735 3781 854 3833 cap.
878 3768 951 3819 20
973 3765 1092 3818 init.
1121 3762 1344 3817 alicuius
1367 3761 1682 3831 propensius
1706 3759 2001 3814 laborantis
2025 3766 2211 3815 extant
2234 3760 2295 3813 in
2327 3760 2371 3813 G
2482 3760 2516 3813 8
2539 3758 2711 3827 possit
2734 3759 2787 3812 L

499 3849 718 3905 cottidie
760 3851 812 3905 G
934 3852 968 3906 9
1003 3853 1213 3919 patrare
1249 3852 1318 3905 H
1436 3851 1501 3905 10
1539 3848 1835 3902 tesso-Ionio.
1876 3848 1945 3902 H
2054 3848 2113 3902 11
2156 3846 2309 3899 daret
2344 3848 2399 3899 et
2436 3845 2503 3899 ad
2542 3846 2611 3899 H
2708 3847 2790 3897 ta-

496 3938 604 3992 lem
643 3940 719 3993 L¹
829 3941 893 3994 12
929 3937 1156 4007 aliquid]
1193 3937 1323 4006 quid
1364 3936 1448 3991 Gv
1543 3942 1675 4005 post
1713 3935 1891 3989 dicens
1927 3936 1991 3989 in
2026 3935 2179 3989 codd.
2206 3940 2255 3989 et
2290 3935 2353 3987 in
2387 3951 2418 3987 r
2452 3950 2570 4001 cap.
2597 3936 2667 3985 19
2702 3933 2789 3986 in-

497 4026 634 4096 cipit
667 4025 784 4092 (sed
817 4042 1099 4079 numerum
1135 4042 1235 4079 om.
1279 4024 1418 4089 GH)
1528 4025 1593 4078 14
1630 4024 1949 4090 sumptoque
1985 4022 2055 4076 H
2119 4023 2401 4087 sumtoque
2436 4020 2489 4073 L
2623 4021 2685 4073 15
2724 4017 2791 4071 de

497 4130 598 4168 om.
638 4113 691 4167 L
815 4128 994 4165 secure
1039 4110 1215 4180 posita
1250 4112 1303 4165 L
1437 4111 1502 4165 16
1545 4125 1610 4163 119
1658 4108 1746 4178 de]
1795 4124 1891 4161 nec
1935 4109 1989 4162 L
2132 4110 2196 4163 17
2234 4106 2550 4160 festinemus
2594 4123 2696 4161 om.
2734 4106 2788 4159 L

500 4203 565 4256 18
603 4200 756 4255 codd.
781 4206 830 4254 et
864 4218 896 4253 -r
929 4216 1042 4253 mm
1077 4199 1422 4267 distinquunt
1528 4212 1641 4249 esse
1666 4194 1983 4249 mandatum
2009 4194 2140 4247 dicit
2164 4195 2233 4248 H
2336 4196 2399 4249 19
2433 4191 2621 4260 inquid
2650 4192 2799 4246 (ΡΗ

497 4290 580 4339 est
607 4293 736 4355 post
769 4284 977 4339 beatius
1013 4302 1114 4340 om.
1144 4286 1197 4339 L
1303 4286 1372 4339 20
1408 4283 1538 4337 haec
1585 4283 1772 4338 codd.:
1812 4282 1913 4335 hoc
1948 4300 1981 4336 υ
2086 4283 2151 4337 21
2188 4281 2433 4351 penuria]
2470 4279 2695 4348 pecunia
2726 4280 2797 4333 H

497 4376 564 4430 22
603 4373 666 4426 de
704 4390 804 4427 om.
834 4374 885 4425 L
993 4374 1061 4426 23
1096 4371 1402 4425 thensauris
1444 4372 1490 4426 G
1560 4370 1842 4423 thesaurus
1881 4370 1934 4423 L
2040 4368 2107 4423 24
2147 4368 2273 4421 dare
2310 4366 2481 4435 magis
2520 4367 2587 4421 H
