3167 4975
491 410 561 468 II

491 579 792 643 honorem
838 580 1308 663 proueheretun
1327 579 1374 663 ¹)
1423 584 1779 664 temporum
1824 582 1983 645 ratio
2030 582 2288 664 inpedit.
2340 586 2587 647 constat
2620 582 2787 646 enim

493 702 638 747 eum
685 687 832 747 ante
873 704 925 748 a.
963 682 1110 766 398,
1161 703 1280 767 quo
1311 685 1628 749 Iohannes
1662 684 2148 768 chrysostomus
2180 687 2393 751 sedem
2426 686 2788 752 Constanti-

494 789 927 872 nopolitanam
983 793 1252 854 nanctus
1299 793 1415 871 est,
1472 792 1532 853 in
1583 789 1873 874 Aegypto
1928 794 2387 855 commoratum
2434 810 2589 855 esse.
2670 791 2789 855 ita-

493 911 613 974 que
684 912 829 958 cum
902 893 978 957 de
1049 893 1412 958 nominibus
1483 895 1757 959 auctoris
1828 895 1989 959 nihil
2058 896 2211 959 certi
2274 896 2476 979 possit
2545 894 2789 959 definiri

493 998 617 1061 nisi
664 999 828 1079 quod
892 999 1160 1063 alterum
1216 1018 1437 1063 uerum
1502 1018 1641 1063 esse
1702 1002 1766 1063 et
1818 1000 2185 1083 genuinum,
2248 1001 2516 1063 alterum
2570 1004 2791 1083 postea

457 1158 462 1165 .
493 1104 822 1183 tamquam
864 1103 1144 1167 sanctius
1188 1104 1473 1168 additum
1515 1104 1785 1183 uidetur,
1832 1092 2031 1168 maior
2070 1105 2273 1187 primo
2306 1108 2563 1188 aspectu
2594 1104 2790 1169 oritur

496 1204 836 1272 difficultas
885 1208 945 1271 in
980 1209 1253 1292 patriam
1285 1198 1460 1273 illius
1488 1208 1971 1290 inquirentibus,
2020 1209 2297 1292 primum
2330 1210 2498 1273 enim
2529 1209 2595 1272 id
2626 1209 2789 1290 quod

497 1312 660 1394 apud
706 1310 1104 1377 Gennadium
1150 1314 1380 1397 legitur
1425 1314 1693 1375 natione
1738 1311 1980 1399 Scytha
2027 1313 2130 1377 uix
2178 1332 2401 1377 sanum
2449 1318 2573 1377 est:
2622 1316 2789 1377 certe

495 1414 642 1479 libri
685 1418 1061 1481 recentiores
1109 1416 1417 1482 Gennadii
1475 1421 1546 1481 ut
1593 1416 2081 1501 Bambergensis
2129 1422 2191 1483 et
2235 1418 2593 1499 Be1·nensiS‚
2650 1421 2789 1480 tum

494 1520 822 1585 Parisinus
876 1542 928 1607 p
991 1522 1277 1587 Cassiani
1335 1521 1635 1587 exhibent
1688 1532 1884 1585 natus
1941 1521 2155 1586 Serta.
2232 1523 2455 1587 deinde
2502 1522 2790 1587 Cassiani

499 1624 716 1688 stilum
780 1625 1219 1709 scribendique
1279 1628 1652 1691 facultatem
1712 1628 1899 1711 paulo
1961 1627 2326 1712 diligentius
2379 1626 2790 1710 perpendenti

498 1732 562 1792 et
608 1730 1023 1795 eruditionem
1077 1732 1262 1813 plane
1309 1731 1605 1797 Latinam
1652 1732 2074 1797 consideranti
2126 1749 2381 1815 prorsus
2430 1731 2791 1815 negandum

499 1833 616 1897 erit
663 1834 957 1915 cuiquam
1003 1838 1250 1899 tantam
1297 1836 1540 1919 copiam
1590 1837 1895 1901 sermonis
1926 1836 2159 1917 Latini,
2205 1836 2271 1900 in
2318 1853 2440 1917 quo
2488 1855 2565 1899 ne
2598 1835 2791 1898 uesti-

496 1937 674 2021 gium
735 1938 988 2019 quidem
1047 1939 1302 2023 linguae
1364 1940 1719 2024 cuiuspiam
1779 1940 2084 2005 barbarae
2147 1942 2473 2023 appareat,
2538 1942 2789 2022 praesto

499 2042 694 2106 fuisse
741 2042 863 2107 nisi
911 2044 987 2123 ei,
1036 2042 1144 2125 qui
1189 2062 1227 2107 a
1271 2044 1491 2127 primis
1537 2044 1846 2129 pueritiae
1894 2044 2076 2109 annis
2123 2043 2350 2108 Latina
2396 2047 2530 2107 erat
2574 2044 2792 2127 lingua

503 2146 868 2211 instructus.
947 2147 1114 2229 quod
1160 2146 1281 2211 sibi
1329 2149 1669 2232 contigisse
1718 2148 2059 2213 Cassianus
2104 2149 2239 2232 ipse
2301 2151 2589 2227 testatur,
2646 2166 2791 2211 cum

503 2250 574 2314 in
622 2249 796 2315 Gonl.
845 2251 1057 2331 XIIII,
1105 2270 1237 2335 cap.
1293 2250 1373 2315 12
1433 2253 1591 2317 haec
1650 2254 1726 2317 de
1774 2273 1839 2317 se
1900 2253 2122 2317 refert:
2185 2251 2420 2315 uideor
2479 2250 2791 2337 adtiqisse

503 2353 812 2416 notitiam
847 2354 1243 2433 litteravum,
1292 2354 1365 2418 in
1397 2378 1528 2440 qua
1559 2379 1653 2419 me
1686 2356 1785 2419 ita
1830 2356 1939 2419 uel
1986 2356 2313 2419 instantia
2350 2355 2792 2442 paedaqoqi

501 2456 610 2521 uel
655 2458 1003 2522 continuae
1067 2458 1432 2523 lectionis
1491 2453 1859 2524 macerauit
1920 2460 2215 2539 intentiO,
2277 2470 2353 2524 ut
2398 2482 2574 2523 nunc
2618 2480 2789 2522 mens

499 2585 640 2625 mea
677 2563 1020 2648 poeticis
1069 2564 1214 2627 illis
1259 2563 1448 2628 uelut
1493 2564 1743 2650 infecta
1795 2565 2281 2629 carminibus
2344 2564 2505 2628 illas
2552 2563 2793 2649 fabu-

503 2667 758 2730 larum
790 2689 998 2754 nuqas
1032 2668 1566 2754 historiasque
1614 2668 2023 2747 bellorum,
2072 2669 2307 2755 quibus
2355 2692 2397 2731 a
2434 2667 2791 2754 paruulo

489 2771 780 2857 primis
823 2772 1274 2836 studio-rum
1305 2773 1540 2836 inbuta
1572 2784 1664 2838 est
1695 2773 2197 2852 rudimentis,
2244 2773 2564 2838 orationis
2596 2772 2794 2836 etiam

501 2885 781 2961 tempore
841 2876 1209 2955 meditetur,
1261 2877 1711 2964 psallentique
1771 2878 1881 2942 uel
1938 2901 2062 2963 pro
2108 2888 2527 2966 peccatorum
2572 2875 2793 2940 indul-

499 2981 722 3067 9entia
741 2980 1166 3066 supplicanti
1197 2993 1316 3046 aut
1363 2983 1756 3068 inpudens
1793 2993 2227 3069 poematum
2256 2981 2621 3046 memoria
2650 3003 2792 3067 suy-

497 3095 773 3170 9eratur
819 3095 936 3148 aut
983 3087 1175 3170 quasi
1231 3085 1698 3152 bellantium
1746 3089 2060 3151 heroum
2120 3097 2268 3150 ante
2314 3085 2531 3151 oculos
2578 3087 2793 3172 imaqo

499 3199 821 3253 uersetur.
870 3192 1100 3256 diserte
1148 3211 1294 3277 ergo
1340 3193 1670 3276 profitetur
1716 3197 1779 3257 et
1819 3193 2179 3277 paedagogo
2212 3211 2280 3257 se
2310 3211 2575 3275 puerum
2606 3210 2793 3254 usum

502 3315 638 3360 esse
686 3299 749 3360 et
803 3297 1102 3361 continua
1148 3298 1501 3362 carminum
1556 3297 1824 3362 lectione
1870 3300 2247 3380 occupatum
2300 3294 2549 3360 fabulas
2594 3294 2795 3360 histo-

498 3401 750 3482 riasque
804 3400 1181 3464 bellantium
1235 3401 1500 3466 heroum
1555 3403 1647 3466 ita
1702 3401 1768 3466 in
1823 3405 2103 3465 mentem
2158 3401 2489 3484 recepisse,
2548 3405 2618 3465 ut
2663 3419 2796 3464 me-

502 3505 702 3568 moria
747 3523 964 3568 earum
1009 3505 1180 3570 nullo
1228 3505 1411 3570 modo
1443 3509 1660 3590 posset
1689 3504 1943 3570 aboleri.
2002 3524 2205 3588 neque
2237 3509 2451 3569 tamen
2483 3503 2796 3569 Graecum

502 3608 754 3674 natione
801 3608 996 3672 fuisse
1044 3609 1188 3674 inde
1234 3610 1659 3694 colligendum
1705 3613 1821 3690 est,
1870 3609 2035 3692 quod
2080 3610 2215 3674 eius
2260 3610 2513 3693 linguae
2558 3627 2795 3693 gnarus

501 3713 654 3777 fuit:
675 3713 728 3797 2)
776 3713 950 3778 illam
1003 3714 1173 3778 enim
1221 3717 1332 3778 aut
1376 3733 1530 3798 puer
1576 3715 1878 3779 didicerat
1924 3717 2034 3778 aut
2078 3713 2145 3778 in
2188 3713 2794 3798 peregrinationibus

501 3822 892 3901 pernouerat.
940 3817 1042 3883 his
1089 3819 1276 3904 digne
1325 3819 1675 3884 aestimatis
1720 3837 1831 3903 pro
1878 3821 2047 3884 certo
2077 3817 2389 3883 habemus
2422 3818 2795 3884 Cassianum

593 4009 632 4077 ¹)
669 4007 978 4065 Gennadius
1001 4009 1037 4065 1.
1062 4009 1126 4064 1.:
1167 4009 1650 4080 Constantinopoli
1672 4027 1709 4064 a
1732 4011 1979 4065 Iohanne
2002 4011 2213 4080 Mayno
2246 4011 2497 4080 episcopo
2534 4007 2798 4064 diaconus

504 4097 818 4254 Μιξῖηὲἰῖιῗ
843 4182 986 4248 XVI,
1017 4187 1044 4239 1
1085 4185 1282 4253 Ioseph
1309 4227 1319 4240 .
1348 4227 1360 4238 .
1390 4227 1399 4237 .
1429 4227 1441 4238 .
1473 4183 1685 4240 Graeca
1719 4184 1991 4253 facundia
2027 4183 2315 4254 diliqenter
2349 4183 2581 4252 edoctus,
2617 4188 2679 4235 ut
2712 4181 2799 4236 uel

503 4271 660 4326 nobis
703 4271 791 4325 uel
833 4272 920 4325 his
965 4273 1060 4340 qui
1099 4272 1430 4342 Aeyyptiam
1475 4271 1722 4340 linquam
1757 4272 1982 4340 penitus
2026 4271 2356 4342 iynorabant
2396 4287 2511 4326 non
2542 4276 2605 4324 ut
2642 4270 2800 4324 ceteri

494 4376 600 4428 per
635 4359 994 4428 interpretem,
1031 4359 1126 4413 sed
1155 4376 1260 4429 per
1293 4366 1452 4414 semet
1487 4360 1671 4429 ipsum
1706 4360 2095 4430 eleyantissime
2131 4359 2450 4430 disputaret.
