3167 4975
550 434 681 498 302
1361 432 1679 487 Iohannis
1723 432 2024 488 Cassiani

549 628 885 693 pugnasse,
932 611 999 673 ut
1047 608 1146 672 dei
1192 607 1377 689 filius,
1436 608 1726 674 dominus
1772 610 1950 673 Iesus
1999 608 2306 688 ChristuS,
2367 610 2554 670 natus
2602 624 2674 669 ex
2719 606 2844 669 uir-

548 716 717 797 gine,
762 714 947 777 homo
994 713 1428 778 tantummodo
1476 714 1788 779 solitarius
1836 714 2208 793 crederetur,
2273 715 2334 775 et
2379 714 2628 794 arrepta
2673 714 2843 794 post-

550 819 806 882 modum
852 818 1104 882 uirtutis
1151 819 1255 883 uia
1299 819 1362 881 id
1410 838 1556 883 eum
1601 819 1704 901 pie
1749 836 1822 883 ac
1853 818 2142 901 religiose
2174 816 2446 881 uiuendo
2477 814 2842 894 obtinuisse,

548 927 619 987 ut
664 923 893 1007 dignus
937 942 1050 1005 per
1094 923 1257 988 hanc
1302 924 1471 987 uitae
1518 924 2004 988 sanctimoniam
2050 922 2230 986 fieret
2273 922 2374 985 cui
2419 940 2488 984 se
2547 921 2844 984 maiestas

549 1028 763 1092 diuina
809 1028 1089 1109 sociaret,
1152 1046 1225 1093 ac
1290 1030 1379 1092 sic
1440 1030 1690 1093 exclusa
1751 1028 1829 1093 ab
1893 1046 1964 1093 eo
2009 1028 2261 1111 penitus
2324 1044 2538 1091 sacrae
2592 1025 2844 1108 originis
2919 1050 2942 1087 ⁵

548 1132 851 1216 dignitate
910 1134 1043 1198 sola
1098 1134 1156 1196 ei
1202 1135 1640 1198 tantummodo
1687 1134 2055 1197 meritorum
2100 1133 2554 1213 relinqueretur
2601 1130 2844 1209 electio,

546 1237 608 1300 id
654 1237 1010 1301 annitentes
1056 1238 1269 1319 utique
1316 1255 1389 1301 ac
1434 1238 1814 1319 laboranteS,
1861 1241 1934 1301 ut
1979 1256 2048 1301 eo
2095 1236 2274 1319 quasi
2320 1237 2384 1299 in
2429 1234 2676 1318 plebem
2711 1252 2847 1297 om-

548 1342 723 1405 nium
784 1342 978 1405 misso
1042 1344 1100 1405 et
1156 1342 1333 1405 uelut
1380 1342 1444 1405 in
1492 1342 1748 1407 turbam
1792 1342 2056 1406 humani
2101 1340 2351 1424 generis
2399 1342 2738 1424 aggregato
2783 1338 2846 1402 id

546 1466 656 1530 per
715 1446 1025 1510 bonorum
1086 1450 1341 1511 actuum
1402 1447 1944 1512 conuersationem
2004 1446 2232 1510 mereri
2293 1464 2510 1509 omnes
2557 1444 2845 1508 homines

545 1568 729 1632 posse
777 1550 1074 1631 dicerent,
1122 1551 1420 1632 quidquid
1464 1551 1628 1616 bene
1674 1552 1944 1615 uiuendo
1993 1552 2096 1615 ille
2138 1550 2501 1614 meruisset:
2550 1548 2846 1632 pestifera

548 1656 785 1719 scilicet
830 1673 903 1718 ac
945 1654 1151 1719 letalis
1200 1656 1479 1737 assertio,
1527 1674 1686 1737 quae
1735 1659 1797 1719 et
1842 1656 1956 1721 deo
1996 1674 2148 1719 uera
2192 1655 2500 1738 derogans
2533 1658 2598 1718 et
2640 1652 2846 1717 homi-

550 1760 733 1823 nibus
780 1759 943 1823 falsa
985 1760 1358 1843 promittens
1406 1760 1471 1823 in
1515 1764 1780 1842 utroque
1829 1760 2085 1824 nefandi
2133 1763 2299 1824 esset
2343 1758 2844 1839 damnabilisque

548 1864 875 1944 mendacii,
922 1864 1072 1928 dum
1120 1868 1185 1928 et
1230 1865 1538 1949 sacrilegii
1586 1864 1814 1929 iniuria
1858 1865 2048 1929 deum
2093 1864 2290 1928 afficit
2335 1868 2400 1928 et
2443 1864 2732 1927 homines
2779 1862 2844 1926 in

548 1988 723 2050 spem
771 1969 969 2032 falsae
1014 1969 1543 2052 praesumptionis
1574 1970 1830 2049 inducit,
1878 1969 2356 2053 peruersissima
2389 1968 2626 2031 scilicet
2658 1971 2844 2048 atque

546 2073 923 2157 impiissima
984 2074 1328 2138 assertione
1390 2075 1759 2139 mortalitati
1803 2074 2042 2139 donans
2103 2074 2268 2156 quod
2328 2092 2452 2137 non
2513 2076 2667 2153 erat,
2729 2073 2846 2135 deo

550 2179 779 2242 tollens
826 2177 992 2260 quod
1038 2182 1189 2242 erat.
1267 2178 1451 2242 huius
1500 2197 1648 2262 ergo
1695 2179 2052 2243 mortiferae
2085 2196 2158 2242 ac
2202 2178 2588 2261 perniciosae
2635 2178 2845 2260 praui-

546 2284 693 2346 tatis
738 2283 897 2347 haec
942 2301 1099 2365 quae
1147 2301 1315 2346 nunc
1358 2286 1497 2347 orta
1544 2287 1642 2347 est
1701 2302 1916 2347 recens
1964 2282 2243 2346 haeresis
2291 2283 2468 2363 quasi
2527 2282 2843 2346 rediuiuos

544 2386 1003 2469 quodammodo
1035 2388 1345 2451 suscitans
1378 2388 1619 2452 cineres
1651 2388 1714 2451 in
1747 2388 2063 2451 ueteribus
2112 2386 2342 2451 fauillis
2377 2404 2611 2451 nouum
2645 2387 2846 2451 mouit

546 2492 936 2556 incendium:
984 2492 1335 2557 solitarium
1382 2493 1608 2576 quippe
1654 2493 1974 2558 hominem
2023 2495 2241 2556 natum
2289 2511 2428 2556 esse
2464 2493 2688 2558 asserit
2732 2491 2843 2555 do-

548 2597 790 2661 minum
821 2598 1031 2661 Iesum
1066 2595 1404 2661 Christum.
1470 2601 1533 2661 et
1560 2597 1698 2661 ideo
1731 2597 1876 2679 quid
1908 2616 2164 2661 necesse
2197 2600 2294 2660 est
2323 2599 2396 2660 ut
2424 2597 2840 2678 requiramuS,

547 2721 627 2766 an
672 2702 739 2764 in
794 2701 1316 2782 consequentibus
1366 2702 1497 2765 eius
1556 2702 1988 2785 peruersitatis
2037 2703 2119 2765 sit
2177 2719 2336 2783 quae
2385 2705 2482 2765 est
2525 2701 2591 2764 in
2637 2701 2842 2784 capite

545 2807 681 2890 ipso
724 2807 977 2870 sceleris
1024 2806 1253 2872 unius?
1302 2805 1686 2888 superfluum
1735 2807 1960 2889 quippe
2006 2810 2102 2870 est
2147 2810 2472 2889 expectare
2521 2807 2587 2870 in
2632 2809 2842 2889 poste-

542 2910 809 2975 rioribus
874 2911 1077 2993 qualis
1142 2911 1253 2992 sit,
1323 2928 1479 2993 quae
1549 2911 1915 2994 expectandi
1981 2911 2236 2975 omnino
2306 2929 2527 2974 causas
2587 2911 2714 2974 iam
2775 2911 2842 2974 in

544 3015 846 3099 principio
894 3033 1019 3079 non
1078 3015 1345 3096 reliquit.
1422 3033 1581 3096 quae
1646 3016 1814 3078 enim
1871 3016 2030 3079 ratio
2093 3019 2188 3079 est
2249 3015 2588 3099 explorare,
2650 3034 2730 3079 an
2773 3015 2840 3078 in

546 3119 1025 3184 similitudinem
1094 3120 1429 3201 superioris
1496 3119 1830 3184 haereseos
1901 3120 2120 3184 eadem
2189 3121 2522 3202 promittat
2578 3120 2840 3198 homini,
2919 3145 2942 3180 ε.

548 3243 725 3305 quae,
774 3225 939 3306 quod
984 3225 1515 3288 immanissimum
1563 3225 1767 3288 scelus
1817 3230 1931 3306 est,
1981 3225 2200 3290 eadem
2247 3225 2411 3290 tollit
2455 3225 2591 3307 deo,
2637 3225 2726 3290 ita
2769 3228 2842 3288 ut

544 3347 743 3411 paene
788 3329 1055 3413 impium
1102 3329 1205 3408 sit,
1266 3346 1411 3392 cum
1471 3329 1797 3393 uideamus
1843 3330 1988 3411 quid
2034 3331 2464 3413 praecesserit,
2525 3329 2840 3411 requirere

546 3433 695 3514 quid
728 3435 1071 3514 sequatur?
1116 3433 1295 3514 quasi
1335 3450 1482 3496 uero
1516 3434 1724 3515 aliqua
1753 3434 1817 3497 in
1848 3433 2377 3516 consequentibus
2410 3452 2603 3499 causa
2631 3433 2840 3496 afferri

544 3537 763 3620 possit,
825 3555 949 3619 qua
1010 3557 1075 3600 se
1122 3535 1345 3621 probet
1406 3555 1530 3602 non
1593 3557 1730 3602 esse
1777 3537 2043 3620 impium
2091 3539 2198 3620 qui
2257 3539 2584 3622 negauerit
2631 3538 2838 3601 deum.

547 3640 636 3705 ait
682 3659 849 3724 ergo,
899 3644 968 3705 ut
997 3660 1183 3725 saepe
1221 3641 1349 3704 iam
1395 3641 1682 3724 diximus,
1729 3660 1894 3706 noua
1923 3642 2220 3724 haeresiS,
2269 3643 2594 3708 dominum
2624 3643 2840 3707 Iesum

628 3781 662 3835 2
698 3778 1016 3833 tantumodo
1052 3781 1129 3835 Μ
1243 3782 1428 3848 arepto.
1462 3781 1563 3850 ΝΡ
1680 3783 1713 3835 3
1747 3781 1834 3849 pie
1871 3780 2218 3849 religioseque
2255 3783 2357 3837 Mv
2471 3781 2763 3851 optinuisse
2793 3799 2840 3850 Ρ

542 3869 575 3921 6
612 3866 932 3920 tantumodo
971 3869 1045 3921 M
1160 3869 1191 3922 7
1230 3867 1315 3935 eo]
1354 3871 1409 3920 et
1444 3869 1518 3922 M
1636 3869 1668 3922 8
1706 3867 1869 3920 uelud
1903 3869 2004 3937 ΝΡ
2127 3867 2290 3922 turba
2323 3869 2400 3923 M
2523 3871 2584 3924 11
2625 3871 2678 3922 ct
2713 3875 2840 3923 ante

544 3953 641 4006 deo
667 3971 769 4009 om.
796 3955 895 4023 ΝΡ
1006 3957 1071 4009 12
1106 3953 1328 4007 nefandi
1364 3954 1523 4024 esset]
1562 3953 1868 4008 execrabilis
1905 3957 1987 4008 est
2012 3956 2085 4009 M
2184 3954 2645 4024 dampnabilisque
2670 3957 2838 4025 ΝΜΡ

544 4039 865 4095 damnabilis
900 4059 969 4096 av
1078 4044 1141 4097 13
1178 4040 1423 4110 sacrilegi
1448 4043 1515 4096 N
1617 4041 1793 4095 affecit
1826 4045 1891 4098 N
1992 4041 2267 4096 hominem
2291 4044 2392 4099 Mv
2497 4043 2553 4096 in
2589 4059 2738 4112 spem
2767 4061 2840 4112 p.-

540 4127 599 4180 in
636 4145 727 4197 spe
762 4129 845 4196 ΖΠ,
884 4147 982 4184 om.
1021 4129 1089 4183 N
1237 4130 1301 4184 16
1346 4129 1672 4198 perniciosae
1719 4145 1778 4182 ac
1815 4129 2120 4184 mortiferae
2158 4132 2260 4185 Μυ
2411 4133 2475 4185 19
2511 4146 2622 4183 esse
2659 4147 2762 4185 om.
2793 4147 2838 4198 p

541 4216 609 4270 22
656 4217 954 4284 exspectare
991 4234 1034 4286 Ρ
1104 4218 1231 4284 fort.
1270 4219 1508 4285 spectare
1554 4223 1604 4271 et
1650 4219 1717 4272 23
1765 4216 2042 4285 spectandi
2076 4217 2420 4272 scribendum
2542 4219 2610 4272 25
2647 4215 2835 4270 simili-

540 4300 727 4355 tudine
766 4303 841 4356 M
955 4303 1162 4356 homini
1198 4321 1299 4359 om.
1340 4305 1415 4358 M
1524 4306 1591 4358 27
1629 4320 1762 4372 pene
1797 4306 1964 4374 ΝΜΡ
2073 4305 2227 4374 quid]
2265 4321 2366 4374 que
2395 4321 2440 4373 Ρ
2555 4305 2622 4359 28
2659 4303 2838 4372 aliqua

542 4405 669 4442 uero
698 4407 743 4458 Ρ
850 4392 917 4446 30
956 4389 1087 4443 ditm
1124 4389 1244 4443 n‘rTn
1276 4409 1319 4459 Ρ

2899 1574 2946 1612 10

2901 2096 2948 2135 15
