3167 4975
553 433 679 497 298
1361 434 1680 487 Iohannis
1727 434 2030 490 Cassiani

552 611 1050 691 persecutionem
1082 612 1520 675 conuertentes
1553 628 1620 674 se
1654 610 1732 673 ad
1763 608 1954 675 fidem
1980 614 2044 675 et
2073 613 2486 695 agnoscentes
2519 611 2846 675 dominum

550 714 791 795 passim
835 715 1094 798 populos
1126 714 1523 795 Iudaeorum,
1572 718 1636 779 et
1665 715 1808 778 uide
1856 734 1935 779 an
1981 719 2148 779 recte
2197 716 2400 779 dicere
2446 716 2718 797 possint:
2766 720 2846 780 tu

552 838 627 883 es
683 820 858 883 deus
920 824 1203 899 noster,
1266 823 1338 883 et
1388 819 1936 884 nesciebamus.
2016 821 2126 884 sed
2173 840 2288 904 ego
2335 820 2495 884 addo
2542 821 2733 901 aliud,
2781 824 2850 885 ut

551 924 665 988 tibi
710 924 826 989 hoc
873 943 997 989 non
1045 943 1118 989 ex
1173 924 1618 989 confitentibus
1663 925 2104 990 tantummodo
2148 925 2422 1007 IudaeiS‚
2483 925 2593 989 sed
2655 926 2844 990 etiam

550 1030 927 1112 negantibus
972 1029 1254 1111 probem.
1328 1030 1641 1113 interroga
1704 1032 1873 1094 enim
1939 1049 2044 1095 eos
2091 1031 2195 1112 qui
2240 1031 2583 1114 perdurant
2645 1031 2848 1095 adhuc
2939 1059 2965 1095 5

550 1134 615 1197 in
664 1134 987 1217 sacrilegio
1016 1134 1301 1214 Iudaeos,
1350 1152 1431 1199 an
1478 1136 1682 1199 sciant
1725 1134 1830 1199 uel
1876 1135 2133 1199 credant
2178 1135 2394 1199 deum:
2443 1136 2602 1199 scire
2635 1136 2848 1218 utique

550 1258 617 1303 se
674 1241 738 1302 et
798 1238 1047 1304 credere
1110 1238 1592 1304 confitebuntur.
1673 1243 1736 1303 at
1789 1242 2010 1304 contra
2069 1241 2386 1325 interroga
2446 1259 2526 1304 an
2590 1240 2849 1305 credant

553 1342 753 1409 filium
814 1344 941 1408 dei:
1004 1344 1327 1427 negabunt
1385 1345 1662 1426 profecto
1724 1348 1790 1409 et
1832 1343 2382 1428 blasphemabunt.
2461 1346 2637 1409 uides
2699 1364 2846 1428 ergo

549 1448 711 1529 quod
758 1449 833 1513 de
881 1467 952 1513 eo
996 1450 1303 1532 propheta
1348 1449 1521 1529 dixit,
1584 1468 1776 1531 quem
1818 1449 2037 1513 Iudaei
2083 1453 2146 1514 et
2189 1450 2548 1513 nescierunt
2597 1468 2844 1531 semper

550 1557 612 1618 et
659 1555 861 1618 adhuc
901 1554 1207 1635 nesciunt,
1255 1572 1379 1619 uon
1419 1554 1495 1619 de
1527 1572 1619 1634 ee,
1665 1572 1855 1635 quem
1887 1555 2098 1637 utique
2131 1558 2193 1618 et
2224 1555 2474 1619 credere
2507 1574 2574 1619 se
2620 1556 2847 1637 putant
2910 1586 2964 1621 ιο

549 1662 611 1723 et
671 1659 970 1724 confiteri.
1049 1663 1111 1723 et
1168 1659 1305 1724 ideo
1366 1659 1527 1723 bene
1589 1659 1675 1739 hi,
1737 1660 1841 1741 qui
1905 1679 1976 1723 ex
2022 1659 2272 1723 Iudaeis
2335 1660 2412 1723 ad
2467 1659 2657 1722 fidem
2703 1662 2844 1742 post

546 1764 965 1847 ignorantiam
1013 1764 1295 1845 ueniunt,
1342 1764 1547 1827 dicere
1595 1767 1888 1847 possunt:
1951 1767 2029 1827 tu
2087 1784 2160 1828 es
2209 1764 2388 1827 deus
2435 1766 2723 1843 noster,
2771 1768 2844 1827 et

548 1868 1095 1933 nesciebamus,
1173 1872 1340 1932 recte
1389 1869 1556 1932 enim
1603 1867 1690 1949 hi,
1752 1868 1858 1950 qui
1903 1872 2046 1951 post
2092 1869 2512 1952 ignorantiam
2559 1867 2840 1947 credunt,

546 1974 823 2037 nescisse
871 1993 937 2037 se
984 1972 1219 2053 dicunt,
1267 1992 1453 2055 quem
1500 1973 1704 2037 adhuc
1751 1992 1874 2037 non
1923 1973 2248 2038 credentes
2295 1992 2363 2038 se
2409 1973 2650 2037 nescire
2697 1990 2842 2037 con-

549 2078 831 2142 tendunt.
911 2078 1121 2159 palam
1184 2078 1354 2141 enim
1416 2081 1513 2142 est
1556 2078 1722 2159 quod
1784 2097 1930 2142 eum
1977 2078 2251 2142 nescisse
2299 2098 2366 2141 se
2410 2079 2582 2161 prius
2629 2078 2843 2141 dicunt
2901 2108 2955 2145 ιε,

546 2186 689 2264 post
733 2183 1149 2265 ignorantiam
1180 2182 1572 2263 confitenteS,
1620 2201 1807 2265 quem
1855 2183 2057 2247 adhuc
2101 2183 2393 2248 nesciunt
2437 2182 2839 2266 denegantes

634 2286 745 2350 XI.
794 2287 1060 2368 Labor,
1108 2288 1328 2369 inquit,
1390 2286 1735 2370 Aegypti,
1784 2291 1855 2352 et
1897 2288 2313 2370 negotiatio
2367 2286 2840 2370 Aethiopiae,

550 2394 622 2455 et
667 2390 965 2455 Sabaim
1012 2392 1161 2455 uiri
1208 2392 1568 2455 sublimes
1616 2392 1703 2455 ad
1751 2394 1821 2455 te
1869 2392 2326 2456 transibunt.
2404 2392 2470 2455 in
2508 2391 2608 2455 his
2641 2392 2840 2455 diuer-

548 2515 762 2561 sarum
836 2497 1161 2562 nationum
1228 2497 1548 2562 uocabulis
1618 2497 1961 2562 aduentum
2031 2499 2486 2562 crediturarum
2552 2497 2840 2580 gentium

548 2601 883 2685 significari
946 2602 1181 2666 nemini
1243 2601 1505 2666 dubium
1564 2607 1679 2667 est.
1758 2604 2058 2667 transisse
2121 2606 2334 2667 autem
2395 2602 2474 2666 ad
2522 2601 2840 2666 Christum
2897 2629 2952 2668 ιο

547 2709 769 2790 gentes
816 2725 1046 2791 negare
1092 2726 1216 2772 non
1248 2708 1441 2787 uaIeS,
1488 2710 1703 2788 utpote
1743 2725 1902 2788 quae
1935 2707 2186 2771 nomine
2222 2706 2716 2772 Christianitatis
2745 2705 2839 2768 in-

549 2810 731 2894 depto
770 2829 897 2876 non
940 2811 1062 2876 fide
1110 2815 1359 2876 tantum
1391 2812 1469 2876 ad
1516 2812 1840 2876 dominum
1870 2812 2084 2876 Iesum
2117 2811 2455 2891 Christum,
2505 2811 2617 2875 sed
2648 2810 2840 2874 etiam

547 2917 679 2999 ipso
726 2917 977 2980 nomine
1023 2917 1429 2997 transierunt,
1491 2917 1654 2999 quia,
1711 2936 1854 2981 cum
1901 2917 2070 2981 idem
2117 2916 2278 2998 quod
2325 2919 2474 2980 sunt
2517 2919 2838 2994 uocentur,

545 3021 783 3085 factum
816 3025 931 3102 est,
978 3021 1143 3104 quod
1184 3026 1317 3086 erat
1345 3021 1491 3086 fidei
1524 3040 1700 3104 opuS,
1747 3023 2015 3086 nominis
2048 3025 2532 3087 sacramentum.
2613 3021 2700 3085 ad
2746 3024 2836 3100 te,

545 3127 769 3209 inquit,
830 3127 1271 3191 transibunt
1330 3130 1401 3190 et
1447 3129 1556 3191 tui
1616 3131 1838 3192 erunt
1899 3130 1970 3191 et
2015 3131 2298 3210 postte
2344 3124 2838 3191 ambulabunt
2895 3157 2954 3195 25

548 3231 785 3295 uincti
832 3232 1161 3296 manicis.
1241 3232 1404 3296 sicut
1434 3236 1582 3296 sunt
1615 3233 1864 3297 uincula
1894 3231 2324 3312 coherctioniS‚
2369 3232 2462 3296 ita
2507 3233 2655 3296 sunt
2699 3231 2838 3293 uin-

548 3336 689 3400 cula
718 3337 993 3400 caritatis
1026 3337 1371 3400 secundum
1400 3336 1553 3400 illud
1584 3337 1748 3419 quod
1781 3337 1872 3401 ait
1903 3337 2224 3402 dominus:
2272 3337 2550 3400 attraxi
2595 3353 2716 3400 eos
2761 3335 2835 3398 in

545 3441 874 3506 uinculis
922 3442 1289 3507 caritatis.
1351 3460 1497 3506 uere
1524 3443 1693 3506 enim
1717 3460 1984 3526 magnae
2009 3445 2159 3506 sunt
2180 3441 2338 3506 haec
2363 3441 2618 3504 uincula
2649 3443 2713 3503 et
2740 3439 2837 3502 in-

756 3621 843 3691 17]
882 3621 1020 3676 Esai.
1046 3625 1233 3687 45,14.
1341 3622 1431 3692 24]
1470 3621 1505 3676 1.
1534 3639 1575 3676 c.
1683 3623 1775 3692 27]
1819 3622 1950 3678 Osee
1991 3626 2070 3686 11,
2097 3626 2145 3678 4.

636 3790 661 3844 l
702 3790 1015 3842 conuertens
1052 3805 1107 3842 se
1142 3791 1220 3844 M
1317 3789 1477 3843 deum
1508 3791 1609 3847 Mv
1713 3793 1746 3845 2
1782 3789 2041 3859 populum
2078 3790 2153 3844 M
2244 3791 2310 3842 ut
2343 3787 2566 3841 uideant
2600 3789 2742 3841 recte
2769 3787 2846 3841 M

545 3878 579 3930 3
615 3879 679 3928 ut
712 3893 814 3931 om.
854 3877 929 3931 M
1041 3879 1076 3933 4
1114 3877 1431 3931 tantumodo
1468 3879 1543 3932 M
1661 3881 1692 3932 5
1729 3895 1790 3931 ex
1831 3876 2151 3946 negantibus
2189 3877 2328 3945 Mpv
2447 3873 2732 3944 probemus
2769 3875 2847 3928 M

546 3965 578 4017 7
614 3963 693 4033 at]
730 3966 795 4018 ut
828 3965 896 4019 N
1030 3967 1063 4019 9
1101 3963 1185 4033 eo]
1224 3965 1324 4018 hoc
1362 3967 1435 4020 M
1522 3981 1582 4018 eo
1619 3965 1720 4019 hoc
1749 3983 1826 4034 pv
1966 3967 2020 4017 et
2055 3982 2156 4020 om.
2195 3964 2270 4018 M
2404 3965 2466 4019 11
2505 3962 2580 4016 hii
2611 3980 2672 4032 p,
2709 3964 2838 4018 item

543 4052 700 4120 infra
808 4053 873 4106 13
906 4051 1211 4120 ignorantia
1233 4054 1300 4107 N
1403 4055 1466 4107 15
1504 4069 1558 4106 se
1597 4071 1698 4108 om.
1725 4054 1800 4107 M
1901 4054 1965 4106 16
1999 4051 2305 4119 ignorantia
2328 4052 2396 4105 N
2498 4053 2560 4106 17
2599 4049 2764 4119 egipti
2791 4068 2836 4120 p

546 4138 802 4208 aetiopiae
826 4139 893 4193 N
996 4141 1061 4194 19
1086 4138 1349 4193 aduentus
1376 4138 1613 4193 creditur
1635 4139 1829 4193 harum
1853 4140 1929 4194 M
2024 4141 2087 4194 21
2125 4137 2343 4206 indepto
2369 4139 2474 4208 Mp
2577 4138 2648 4193 23
2683 4136 2834 4206 quia]

544 4241 647 4296 que
694 4227 769 4280 M
900 4229 967 4282 25
1014 4229 1069 4280 et
1114 4233 1241 4282 ante
1281 4230 1406 4295 post
1448 4245 1547 4282 om.
1588 4228 1689 4282 Mv
1829 4228 1895 4281 26
1941 4226 2164 4280 manicis
2211 4235 2436 4295 pergent
2479 4226 2580 4280 Mv
2620 4225 2838 4294 (ῦπαρ.)

544 4312 896 4366 coherctionis
920 4315 1145 4382 scripsi:
1169 4314 1488 4368 cohertionis
1508 4315 1573 4369 N
1623 4313 1950 4368 cohercionis
1968 4331 2012 4383 p
2067 4313 2353 4367 coercionis
2374 4315 2448 4369 M
2509 4315 2576 4367 27
2602 4311 2772 4365 atraxi
2791 4329 2836 4381 p

544 4402 613 4456 28
649 4399 890 4454 uinculas
928 4402 1003 4455 M
1104 4417 1301 4470 magna
1334 4403 1473 4471 Mpv
