3167 4975
293 1616 348 1654 1⁰

290 2136 349 2175 15

287 2659 350 2697 20

288 3185 349 3224 2⁵

998 476 1225 527 contra
1261 474 1640 527 Nestorium
1678 472 1788 527 lib.
1814 472 1907 535 VI,
1946 476 2096 527 7—9.
2565 471 2694 535 335

404 647 585 726 sum‘,
633 646 783 711 facti
830 648 1084 712 nomine
1129 666 1265 711 rem
1311 649 1664 713 natiuitatis
1711 649 2067 727 ostendenS,
2116 648 2262 729 quia
2293 646 2694 711 efficientiam

401 750 553 813 facti
593 750 805 832 habet,
870 752 1167 834 quidquid
1226 771 1351 817 non
1411 754 1651 837 indiget
1695 754 1821 817 iam
1881 757 1952 817 ut
1995 752 2126 817 fiat.
2203 753 2329 834 qui
2389 756 2694 833 propter

402 870 531 918 nos
594 873 740 939 ergo
802 856 1003 939 inquit
1060 858 1273 921 uenit
1334 862 1404 922 et
1464 862 1686 923 natus
1749 862 1862 922 est
1923 876 2004 921 ex
2065 856 2306 921 Maria
2371 856 2688 939 uirgine.

402 959 458 1022 si
502 960 687 1027 homo
749 961 1065 1025 solitarius
1128 980 1201 1025 ex
1246 962 1451 1027 Maria
1510 966 1696 1027 natus
1759 966 1874 1043 est,
1936 981 2049 1026 cur
2101 962 2350 1026 uenisse
2407 960 2692 1024 dicatur?

404 1082 602 1147 neque
649 1066 818 1129 enim
864 1066 1041 1130 uenit
1084 1067 1206 1131 nisi
1252 1068 1356 1148 qui
1402 1066 1599 1132 habet
1643 1067 1706 1131 id
1739 1068 1942 1149 ipsum
1975 1068 2040 1130 in
2073 1067 2347 1130 essentia
2376 1069 2448 1130 ut
2479 1066 2694 1130 uenire

401 1170 618 1252 possit.
695 1170 801 1251 qui
846 1174 1057 1234 autem
1105 1172 1382 1235 nondum
1429 1172 1492 1235 id
1538 1172 1749 1254 ipsum
1796 1176 2120 1254 acceperat.
2164 1174 2234 1234 ut
2295 1175 2481 1250 esset,
2543 1188 2692 1252 quo·
2742 1179 2777 1231 4

403 1274 585 1338 modo
632 1273 693 1337 id
740 1274 969 1339 habere
1013 1279 1261 1358 poterat
1304 1279 1374 1339 ut
1418 1276 1706 1340 ueniret?
1767 1276 1945 1339 uides
2003 1294 2148 1359 ergo
2196 1276 2358 1358 quod
2404 1276 2537 1357 ipso
2586 1275 2694 1339 ad-

404 1382 631 1443 uentus
665 1381 916 1444 nomine
963 1380 1157 1444 fuisse
1200 1383 1387 1445 antea
1417 1381 1783 1465 designatur
1815 1380 2176 1460 aduenienS,
2224 1380 2370 1462 quia
2400 1380 2693 1444 ueniendi

402 1483 769 1548 facultatem
816 1502 942 1549 non
987 1484 1312 1565 habuerat,
1370 1485 1490 1549 nisi
1544 1486 1644 1549 cui
1693 1506 1764 1549 ex
1809 1484 1930 1549 hoc
1974 1486 2109 1569 ipso
2155 1485 2317 1566 quod
2367 1488 2500 1548 erat
2546 1503 2694 1566 sup-

401 1592 612 1669 petere
657 1594 901 1672 poterat
947 1594 1017 1653 ut
1063 1591 1323 1654 ueniret.
1393 1590 1580 1654 homo
1615 1594 1824 1654 autem
1859 1595 2001 1655 ante
2035 1594 2404 1671 conceptum
2437 1589 2692 1653 omnino

402 1710 527 1755 non
573 1692 720 1757 fuit:
770 1711 916 1777 ergo
962 1694 1026 1757 in
1074 1714 1140 1758 se
1188 1712 1313 1759 non
1358 1694 1581 1759 habuit
1626 1699 1696 1759 ut
1741 1695 1954 1759 uenire
1999 1700 2230 1777 posset.
2311 1694 2498 1757 deum
2545 1710 2692 1775 ergo

402 1798 649 1861 uenisse
696 1802 936 1862 certum
982 1801 1098 1879 est,
1146 1800 1245 1862 cui
1292 1799 1355 1864 in
1402 1802 1665 1882 utroque
1711 1798 2107 1883 praepotenti
2151 1804 2214 1863 et
2245 1818 2383 1863 esse
2416 1798 2694 1880 suppetit

403 1905 467 1965 et
512 1902 747 1983 uenire,
794 1904 901 1983 qui
946 1904 1159 1986 utique
1206 1906 1269 1967 et
1313 1904 1463 1985 quia
1507 1908 1643 1968 erat
1673 1904 1866 1985 uenit,
1915 1908 1978 1967 et
2023 1904 2170 1986 quia
2199 1904 2413 1967 uenire
2447 1920 2695 1984 semper

400 2007 609 2089 potuit
652 2026 900 2089 semper
946 2008 1083 2072 fuit.

492 2110 697 2175 VIIII.
748 2110 868 2177 Sed
914 2112 1061 2194 quid
1107 2113 1182 2177 de
1226 2113 1421 2178 uerbo
1468 2118 2003 2197 argument-amur,
2050 2132 2196 2177 cum
2241 2132 2340 2177 res
2388 2112 2692 2190 eluceant,

404 2219 468 2280 et
510 2217 575 2279 in
622 2216 891 2299 symboli
934 2221 1108 2283 textu
1154 2217 1385 2282 indicia
1427 2238 1638 2283 rerum
1685 2219 2068 2302 quaerimuS,
2128 2237 2272 2282 cum
2333 2219 2465 2299 ipse
2513 2218 2576 2280 in
2623 2232 2694 2279 eo

402 2322 487 2385 sit
541 2339 746 2385 sermo
806 2324 1059 2385 rerum?
1118 2326 1481 2405 repetamus
1542 2324 2002 2388 confessionem
2064 2322 2334 2405 symboli
2397 2326 2458 2385 et
2518 2324 2692 2385 tuam

404 2426 540 2510 (tua
586 2426 751 2490 enim
798 2444 959 2508 quae
1005 2426 1193 2509 illius,
1240 2429 1387 2510 quia
1416 2428 1874 2493 confessionem
1920 2428 2086 2493 illius
2135 2432 2308 2493 tuam
2341 2424 2692 2491 confitendo

402 2530 656 2615 fecisti),
702 2535 774 2595 ut
822 2532 1151 2616 intellegas
1197 2533 1700 2614 praeuaricatum
1747 2537 1808 2598 te
1848 2551 1973 2598 non
2020 2537 2269 2598 tantum
2311 2551 2349 2596 a
2387 2529 2693 2614 symbolo,

404 2635 514 2698 sed
560 2639 624 2699 et
670 2653 706 2700 a
752 2640 834 2701 te.
912 2638 1127 2701 credo
1190 2655 1337 2721 ergo
1393 2638 1599 2720 inquit
1653 2639 1976 2722 symbolus
2036 2639 2109 2702 in
2169 2656 2391 2700 unum
2454 2636 2690 2699 solum

402 2757 661 2804 nerum
722 2739 963 2823 deum,
1032 2747 1317 2824 pat-rem
1386 2743 2008 2827 omnipotentem,
2077 2746 2491 2806 creatorem
2550 2758 2693 2803 om-

403 2843 605 2908 nium
664 2845 1087 2910 uisihilium
1156 2850 1226 2911 et
1291 2847 1799 2912 inuisibilium
1867 2852 2406 2912 creaturarum:
2480 2848 2551 2906 et
2621 2843 2693 2906 in

404 2949 780 3014 dominum
824 2949 1071 3015 Iesum
1118 2951 1529 3034 Christum,
1594 2953 1844 3018 filium
1899 2954 2055 3016 eius
2104 2950 2576 3034 unigenitum
2625 2951 2696 3011 et

404 3056 987 3138 primogenitum
1063 3057 1293 3122 totius
1370 3061 1794 3138 creaturae,
1873 3077 1954 3121 ex
2031 3075 2110 3121 eo
2187 3061 2442 3120 natum
2521 3057 2692 3116 ante

404 3161 650 3224 omnia
716 3162 1021 3225 saecula
1087 3165 1159 3225 et
1225 3179 1364 3226 non
1425 3162 1742 3244 factum,
1811 3163 2025 3226 deum
2086 3179 2343 3225 uerum
2412 3177 2493 3222 ex
2561 3158 2692 3220 deo

403 3281 607 3345 uero,
668 3265 1109 3330 homousion
1153 3267 1381 3348 patri,
1442 3287 1571 3350 per
1618 3287 1834 3350 quem
1881 3271 1952 3331 et
1998 3267 2300 3330 saecula
2345 3262 2693 3346 conpagi-

406 3373 584 3433 nata
646 3373 820 3434 sunt
878 3374 950 3434 et
1009 3372 1255 3436 omnia
1314 3373 1541 3452 facta,
1612 3372 1736 3454 qui
1796 3375 2102 3455 propter
2160 3389 2290 3435 nos
2351 3369 2562 3432 uenit
2621 3369 2694 3429 et

407 3477 625 3538 natus
687 3479 803 3540 est
862 3495 941 3539 ex
986 3475 1228 3540 Maria
1287 3477 1604 3559 uirgine.
1689 3481 2000 3560 propter
2061 3495 2191 3540 nos
2254 3492 2429 3558 ergo,
2491 3472 2691 3553 inquit.
2743 3479 2776 3530 ‘2

405 3577 748 3661 symbolae,
797 3579 1085 3644 dominus
1133 3584 1345 3645 noster
1390 3581 1567 3645 Iesus
1602 3580 1890 3646 Christus
1937 3581 2150 3645 uenit
2196 3585 2268 3643 et
2314 3583 2535 3644 natus
2583 3581 2696 3639 est

405 3701 487 3746 ex
532 3683 772 3748 Maria
816 3685 1144 3769 uirgine,
1208 3690 1279 3750 et
1338 3687 1749 3752 crucifixus
1797 3691 1910 3750 est
1954 3685 2088 3749 sub
2133 3684 2401 3749 Pontio
2447 3681 2696 3746 Pilato

492 3867 527 3920 2
564 3865 817 3935 quicquid
845 3883 891 3936 Ρ
1027 3869 1061 3922 4
1101 3865 1297 3920 dicitur
1332 3885 1365 3923 υ
1496 3870 1527 3922 5
1566 3867 1622 3921 in
1659 3883 1714 3921 se
1751 3868 2076 3922 sentenciam
2115 3868 2188 3922 M
2328 3871 2358 3922 7
2395 3867 2450 3920 id
2489 3885 2588 3922 om.
2630 3867 2704 3920 M

404 3952 558 4007 uides
594 3969 719 4022 ergo
745 3995 758 4009 .
788 3997 799 4008 .
827 3996 838 4008 .
868 3956 933 4010 10
969 3956 1033 4009 ut
1066 3955 1274 4008 ueniret
1307 3973 1408 4012 om.
1448 3957 1525 4011 M
1621 3954 1786 4024 quod]
1825 3955 2089 4023 quomodo
2125 3973 2193 4010 av
2327 3955 2441 4024 ipso
2476 3956 2699 4024 scripsi:

402 4039 518 4110 ipse
560 4041 733 4111 Npav
884 4044 918 4098 8
962 4041 1153 4096 fuisset
1188 4049 1238 4097 et
1275 4042 1581 4110 designatus
1621 4061 1666 4112 Ρ
1808 4047 1930 4097 ante
1975 4063 2044 4099 αυ
2198 4043 2446 4097 ueniend1
2491 4060 2590 4098 om.
2629 4059 2700 4096 av

410 4174 471 4227 11
510 4175 692 4241 posset
726 4173 840 4227 N2:
874 4173 1046 4243 possit
1079 4175 1147 4228 N
1150 4175 1304 4244 'Mpv
1412 4175 1476 4229 12
1512 4177 1738 4242 utroque
1757 4140 2036 4244 ''sspotenti
2075 4177 2162 4231 N.-
2207 4178 2434 4244 utroque
2475 4191 2531 4227 re
2569 4172 2697 4243 ’ᾖρο-

406 4260 545 4312 tenti
573 4278 618 4329 Ρ
690 4263 914 4328 utraque
952 4276 1009 4314 re
1042 4261 1287 4330 ppotenti
1314 4263 1415 4317 Ma
1526 4265 1590 4318 15
1628 4266 2064 4331 argumentorum
2091 4264 2166 4317 M
2265 4266 2331 4319 16
2363 4261 2603 4332 symbolo
2631 4265 2696 4330 p¹

410 4349 557 4400 texti}
593 4349 693 4417 ΝΡ
837 4350 901 4404 17
939 4347 1167 4418 symboli
1206 4347 1592 4403 confessionem
1631 4351 1705 4404 M
1837 4353 1906 4406 20
1940 4354 1994 4404 et
2029 4369 2130 4406 om..
2157 4351 2224 4406 N
2359 4353 2425 4406 25
2465 4351 2574 4406 scl‘a
2599 4351 2699 4418 Np

408 4433 587 4488 secula
622 4434 803 4488 omnia
840 4435 914 4490 M
1012 4435 1223 4504 uerum]
1264 4452 1387 4489 uero
1426 4439 1499 4491 M
1598 4440 1667 4492 26
1703 4438 1978 4491 omousion
2017 4439 2114 4508 ΝΡ

2283 4528 2381 4578 29*
