3167 4975
2484 436 2712 493 XXIII

769 602 1046 657 Parisinus
1081 606 1186 659 260
2114 604 2219 657 mei

409 710 468 789 Ι,
505 707 548 771 8
579 718 640 771 et
684 706 872 771 uiuet
949 759 1508 773 ......
1624 736 1701 767 =
1750 710 1898 773 HL:
1947 718 2023 771 at
2068 709 2268 772 uiuat
2312 710 2407 775 GV

413 814 504 893 ΙΙ,
537 812 600 895 5,
633 812 676 875 2
707 811 934 875 inedia
951 864 1508 878 ......
1624 841 1700 869 =
1750 814 1955 879 GHLr

415 956 504 965 --
535 918 600 999 5,
632 917 674 981 5
717 914 991 995 alleluie
1059 969 1508 982 .....
1624 946 1697 973 -==
1750 917 1933 984 GH2:
1980 916 2265 981 alleluia
2310 920 2495 985 H¹Lv

409 1062 504 1069 —
537 1022 597 1104 7,
630 1023 670 1087 3
717 1026 860 1107 post
882 1021 1281 1109 prolonyari
1311 1043 1444 1109 cap.
1473 1023 1513 1087 8

505 1129 728 1213 incipit
842 1179 1510 1192 .......
1626 1156 1699 1183 =
1748 1129 1845 1195 H:
1893 1128 2045 1195 GSL
2092 1148 2227 1213 cap.
2266 1128 2299 1191 7
2350 1130 2655 1215 incipiunt

409 1234 504 1314 ΙΙ,
525 1232 566 1297 8
589 1234 696 1299 fin.
719 1232 852 1313 Hec
867 1254 1027 1297 uero
1045 1230 1515 1319 qlortjficatione

505 1337 836 1403 trinitatis
855 1336 1295 1401 tantummodo
1311 1338 1514 1403 solere

503 1443 818 1531 antifona
865 1442 1226 1507 terminare

403 1586 500 1595 -—
540 1548 643 1629 11,
677 1548 718 1611 3
773 1546 1190 1633 responsione
1245 1546 1516 1625 alleluie

405 1692 500 1699 —
531 1690 620 1699 ——
659 1691 730 1699 -
768 1652 1000 1715 nullus
1045 1704 1056 1715 .
1095 1704 1108 1717 .
1147 1705 1158 1716 .
1197 1650 1514 1715 alleluiae

507 1778 632 1823 om.

404 1900 494 1910 —
528 1902 618 1909 —
651 1900 734 1910 --
761 1861 1180 1925 inscribtione
1193 1882 1264 1925 ex
1282 1861 1513 1925 inscri-

502 1966 746 2031 biti-one

405 2112 500 2119 —
553 2073 657 2154 13,
686 2073 728 2137 3
765 2071 1231 2159 pinyuedinem

404 2216 499 2223 —
553 2176 634 2240 18
681 2199 884 2262 usque
927 2176 1019 2239 ad
1058 2228 1506 2241 .....
1622 2205 1697 2232 =
1746 2177 1931 2241 HLc:
1980 2199 2183 2262 usque
2230 2176 2302 2240 in
2348 2176 2436 2243 Gr

503 2370 596 2434 Ex
639 2371 728 2434 eis
769 2389 928 2453 quae
970 2369 1300 2435 attulimus
1341 2374 1599 2453 apparet
1630 2370 1989 2435 Parisinum
2023 2368 2153 2433 260
2192 2370 2509 2435 codicibus
2550 2373 2707 2435 meis

407 2476 518 2540 uix
566 2476 890 2541 meliorem
939 2495 1094 2540 esse.
1167 2494 1313 2540 nam
1362 2476 1478 2540 etsi
1527 2476 1831 2540 nonnulla
1875 2476 1939 2540 in
1972 2495 2042 2540 eo
2073 2480 2240 2540 recte
2274 2476 2508 2560 scripta
2539 2482 2707 2556 sunt,

409 2581 630 2645 tamen
673 2601 796 2646 non
837 2582 1067 2646 desunt
1111 2581 1342 2645 menda
1386 2585 1450 2644 et
1497 2581 1653 2645 uitia
1698 2600 1857 2664 quae
1902 2581 1965 2646 in
2013 2582 2187 2646 nullo
2234 2599 2514 2646 meorum
2561 2601 2707 2647 con—

413 2685 788 2770 spiciuntur.

503 3019 988 3083 Institutionum
1033 3017 1336 3083 librorum
1385 3036 1576 3082 manu
1626 3017 2001 3102 scriptorum
2056 3037 2212 3100 quos
2259 3019 2706 3104 descripsimus

407 3142 491 3187 ea
551 3127 649 3187 est
699 3124 880 3204 rati0‚
941 3127 1013 3187 ut
1057 3123 1268 3188 nullus
1333 3122 1772 3187 auctoritatem
1818 3123 2217 3206 praecipuam
2264 3129 2375 3188 aut
2431 3125 2705 3206 pretium

407 3228 734 3312 singulare
779 3227 1030 3309 habeat,
1092 3228 1460 3311 plerumque
1524 3246 1866 3292 consensus
1929 3228 2192 3292 duorum
2255 3248 2366 3292 seu
2428 3229 2703 3312 plurium

404 3334 749 3398 lectionem
810 3351 1028 3398 ueram
1087 3336 1384 3417 praestet,
1443 3333 1645 3397 rarius
1706 3334 2014 3416 scriptura
2073 3335 2425 3418 peculiariS,
2489 3335 2704 3417 quales

407 3439 602 3503 modo
662 3439 726 3502 in
788 3438 908 3502 hoe
967 3439 1152 3502 modo
1211 3439 1277 3502 in
1339 3438 1446 3502 illo
1507 3442 1830 3522 apparent,
1894 3439 1977 3502 sit
2028 3439 2398 3524 recipienda.
2493 3440 2705 3523 itaque

405 3544 642 3608 horum
683 3543 990 3607 librorum
1037 3543 1214 3607 crisis
1255 3543 1599 3607 maximam
1644 3545 1889 3627 partem
1934 3544 2000 3607 in
2047 3544 2136 3608 eis
2186 3545 2511 3628 scripturis
2561 3545 2705 3609 seli-

404 3648 636 3733 gendis
682 3648 926 3728 nititur,
987 3665 1141 3730 quas
1203 3666 1386 3712 ueras
1434 3667 1569 3714 esse
1631 3648 1733 3712 uel
1780 3647 1976 3712 uideri
2038 3651 2149 3712 aut
2191 3649 2352 3713 ratio
2397 3649 2535 3733 ipsa
2596 3652 2706 3714 aut

405 3771 568 3817 usus
615 3753 934 3837 scriptoris
980 3751 1220 3837 probat.
1315 3752 1434 3817 hoc
1479 3753 1570 3817 ita
1616 3772 1751 3817 esse
1801 3758 1871 3817 ut
1924 3753 2097 3818 nullo
2145 3753 2395 3838 negotio
2442 3771 2704 3838 conpro-

403 3858 551 3922 bari
595 3861 821 3941 potest,
868 3859 959 3922 ita
1001 3858 1328 3924 inmensae
1376 3858 1810 3942 amplitudinis
1856 3877 1955 3921 res
1989 3862 2085 3921 est
2129 3857 2463 3942 diligenter
2493 3859 2704 3924 omnia

407 3966 703 4028 tractare.
797 3966 1014 4026 tantus
1061 3963 1230 4028 enim
1292 3963 1488 4027 instat
1553 3965 1616 4026 et
1664 3967 1889 4047 urguet
1953 3981 2251 4027 numerus
2295 3963 2575 4027 locorum
2637 3963 2699 4028 in

405 4066 732 4132 codicibus
779 4067 953 4132 uarie
1000 4067 1395 4147 traditorum,
1441 4070 1533 4147 ut,
1582 4067 1635 4131 si
1682 4085 1897 4131 eorum
1945 4067 2473 4132 examinationem
2521 4084 2702 4132 accu-

401 4175 618 4236 ratam
651 4172 1149 4256 aggrederemur,
1182 4173 1408 4254 quarta
1437 4173 1566 4235 fere
1607 4189 1751 4256 pars
1785 4174 2121 4256 apparatus
2154 4171 2353 4236 critici
2400 4171 2503 4236 hic
2535 4174 2702 4236 esset

401 4277 766 4359 repetenda.
859 4275 1268 4358 quamobrem
1323 4276 1625 4341 breuitati
1670 4276 2019 4340 necessario
2067 4277 2465 4342 consulentes
2528 4296 2700 4340 sum-

401 4379 638 4445 matim
685 4381 760 4444 de
791 4381 1078 4445 codicum
1121 4380 1322 4464 pretio
1369 4385 1432 4446 et
1463 4382 1835 4446 auctoritate
1880 4380 2291 4445 tractabimus
2324 4381 2700 4464 initiumque
