3167 4975
967 438 1197 491 contra
1233 435 1612 490 Nestorium
1648 435 1758 490 lib.
1796 435 1900 498 ΠΙ,
1939 436 2090 490 6-7.
2539 433 2666 499 269

380 612 801 677 ineffabilibus
858 612 1323 695 experimentis,
1386 631 1569 694 quem
1619 613 1913 694 ignorans
1960 611 2278 675 hominem
2343 630 2481 675 esse
2535 629 2668 675 cre-

381 718 553 799 didit,
617 717 973 783 admonitus
1036 718 1225 781 deum
1287 736 1427 781 esse
1486 717 1805 799 cognouit:
1869 733 1994 779 non
2041 715 2480 795 dissimulauit,
2542 734 2668 780 non

380 822 622 887 distulit
666 840 781 886 nec
826 822 991 887 male
1038 826 1409 903 conceptum
1452 839 1722 885 errorem
1771 820 2008 885 infideli
2050 821 2317 902 amplius
2366 819 2674 885 delibera-

381 927 547 991 tione
594 926 941 1011 suspendit,
1004 928 1113 991 sed
1178 926 1389 990 audito
1452 946 1485 989 e
1546 926 1736 989 caelis
1783 925 1928 989 Iesu
1975 925 2210 989 domini
2263 926 2360 989 sui
2423 925 2674 990 nomine

300 1056 326 1095 ε,
382 1031 637 1096 subdita
680 1034 751 1095 ut
794 1031 1091 1111 famulus,
1140 1030 1381 1113 trepida
1425 1033 1495 1094 ut
1539 1030 1914 1113 flagellatuS,
1963 1030 2189 1093 deuota
2233 1033 2304 1093 ut
2333 1046 2672 1094 conuersus

270 2100 326 2139 15

258 2623 327 2661 20

252 3151 325 3192 25

380 1150 531 1199 uoce
562 1136 911 1218 respondit:
958 1136 1133 1217 quid
1178 1136 1479 1216 faciam,
1526 1136 1866 1204 domine?
1913 1136 2124 1217 itaque
2170 1136 2570 1217 paratissima
2601 1154 2672 1199 ac

380 1240 788 1304 deuotissima
832 1240 952 1304 fide
998 1240 1061 1304 id
1106 1240 1324 1303 statim
1381 1240 1630 1319 meruit,
1686 1243 1777 1320 ut,
1839 1258 2030 1321 quem
2077 1239 2344 1303 fideliter
2389 1241 2674 1321 credidit,

381 1362 452 1409 eo
498 1345 633 1427 ipso
680 1346 908 1429 iugiter
954 1363 1079 1409 uon
1126 1350 1385 1425 careret,
1434 1345 1608 1409 etad
1655 1362 1843 1426 quem
1875 1344 2058 1408 corde
2106 1345 2462 1425 transierat,
2509 1346 2562 1409 is
2610 1345 2674 1408 in

381 1468 483 1513 cor
515 1450 645 1513 eius
677 1450 811 1533 ipse
858 1450 1176 1529 transiret,
1222 1450 1465 1514 dicente
1508 1448 1645 1532 ipso
1691 1450 1767 1513 de
1800 1469 1868 1513 se
1900 1449 2208 1531 apostolo:
2257 1468 2345 1512 an
2393 1450 2676 1533 experi-

383 1558 709 1618 mentum
757 1554 1127 1635 quaeritis
1175 1553 1336 1617 eius
1382 1554 1506 1635 qui
1551 1554 1624 1617 in
1673 1572 1784 1617 me
1828 1553 2168 1635 loquitur
2215 1553 2544 1619 Christi?

466 1657 610 1722 VII.
661 1658 795 1738 Quo
842 1660 974 1722 loco
1028 1658 1191 1739 uolo,
1248 1658 1583 1738 haeretice,
1641 1662 1713 1722 ut
1758 1658 1912 1722 mihi
1959 1658 2227 1722 disseras
2273 1659 2442 1723 hunc
2488 1678 2676 1740 quem

381 1763 553 1844 loqui
618 1764 935 1846 apostolus
995 1764 1163 1827 intra
1220 1782 1287 1827 se
1335 1762 1505 1843 dicit,
1566 1762 1754 1827 homo
1815 1762 1900 1826 sit
1959 1780 2038 1827 an
2100 1762 2272 1827 deus.
2351 1764 2406 1827 si
2465 1764 2674 1844 hom0‚

380 1868 689 1948 quomodo
734 1868 797 1931 in
844 1868 1027 1931 corde
1075 1867 1211 1931 eius
1256 1886 1479 1949 corpus
1524 1867 1698 1948 loqui
1743 1870 1989 1949 poterat
2033 1866 2335 1931 alterius?
2397 1867 2454 1931 si
2499 1868 2674 1948 deuS,

383 1988 531 2054 ergo
574 1972 701 2035 iam
748 1990 873 2035 nou
917 1971 1105 2036 homo
1153 1970 1463 2051 ChristuS,
1524 1970 1636 2034 sed
1683 1971 1857 2051 deuS,
1921 1971 2066 2052 quia
2125 1989 2268 2034 eum
2315 1972 2562 2035 locutus
2609 1972 2674 2035 in

380 2076 664 2158 apostolo
711 2075 999 2140 Christus
1062 2077 1147 2139 sit
1206 2079 1271 2139 et
1330 2075 1499 2157 loqui
1558 2075 1626 2139 iu
1687 2093 1759 2138 eo
1823 2093 1944 2139 uon
2005 2076 2278 2157 potuerit
2335 2076 2457 2139 nisi
2503 2076 2676 2157 deuS‚

381 2198 528 2263 ergo
574 2181 819 2244 locutus
866 2181 929 2243 in
977 2198 1047 2243 co
1096 2184 1191 2244 est
1237 2179 1522 2244 Christus
1570 2179 1743 2243 dcuS.
1821 2179 1995 2243 uides
2052 2180 2260 2261 itaque
2318 2180 2475 2244 nihil
2539 2200 2676 2245 csse

379 2285 482 2349 hic
539 2285 663 2349 iam
726 2284 890 2366 quod
952 2285 1072 2348 dici
1131 2287 1348 2366 queat,
1410 2301 1525 2347 nec
1586 2284 2069 2348 disiunctionem
2135 2287 2244 2348 aut
2303 2285 2676 2351 diuisionem

379 2389 653 2470 aliquam
715 2389 881 2453 inter
941 2388 1263 2453 Christum
1322 2388 1456 2451 fieri
1519 2392 1583 2451 et
1643 2388 1830 2451 deum
1892 2406 2106 2471 posse,
2175 2389 2321 2470 quia
2381 2392 2548 2453 totus
2611 2391 2676 2453 in

381 2493 629 2559 Christo
691 2495 845 2558 deus
906 2498 971 2557 et
1027 2497 1197 2558 totus
1260 2494 1325 2558 in
1380 2494 1495 2557 deo
1544 2491 1851 2558 ChristuS.
1927 2495 2102 2558 nulla
2145 2493 2246 2558 hic
2309 2495 2498 2577 recipi
2544 2495 2670 2558 dis-

378 2599 621 2680 paratio
666 2601 894 2680 potest,
955 2598 1131 2662 nulla
1177 2599 1487 2662 discissio:
1551 2615 1676 2662 una
1735 2601 1982 2663 tantum
2045 2602 2141 2662 est
2201 2599 2487 2682 simplex,
2549 2618 2676 2664 una

376 2707 625 2767 tantum
671 2703 793 2786 pia,
840 2720 967 2766 una
1012 2706 1263 2767 tantum
1302 2720 1457 2766 sana
1487 2703 1816 2784 confessio,
1865 2704 2144 2784 adorare,
2192 2721 2423 2784 amare,
2472 2705 2672 2768 colere

379 2807 699 2872 Christum
746 2807 951 2871 deum.
1028 2807 1123 2872 uis
1172 2811 1382 2872 autem
1430 2807 1632 2872 adhuc
1677 2808 1920 2890 plenius
1969 2811 2033 2872 et
2077 2809 2458 2872 cumulatius
2514 2809 2672 2872 scire

379 2912 619 2976 nullam
678 2912 839 2976 inter
894 2911 1083 2976 deum
1142 2915 1207 2976 et
1268 2911 1591 2976 Christum
1654 2931 1790 2976 esse
1852 2911 2214 2976 distantiam
2277 2916 2340 2976 et
2401 2913 2672 2976 eundem

378 3017 631 3098 penitus
680 3014 867 3080 deum
912 3016 1407 3098 intellegendum
1469 3035 1608 3080 esse
1655 3035 1844 3099 quem
1891 3015 2256 3082 Christum?
2319 3017 2466 3080 audi
2525 3035 2676 3100 apo-

382 3122 617 3186 stolum
672 3121 751 3185 ad
798 3119 1153 3186 Corinthios
1201 3122 1592 3203 loquentem:
1655 3139 1909 3185 omnes
1972 3121 2166 3186 enim
2226 3139 2387 3201 noS,
2448 3121 2674 3203 inquit,

380 3226 861 3292 manifestari
922 3229 1213 3308 oportet
1276 3230 1446 3290 ante
1492 3225 1830 3291 tribunal
1881 3225 2193 3306 Christi,
2253 3229 2336 3290 ut
2392 3226 2676 3290 referat

378 3330 891 3412 unusquisque
948 3330 1252 3414 propria
1311 3331 1677 3413 corporiS,
1737 3333 1958 3412 prout
2009 3331 2282 3413 gessit,
2341 3331 2502 3394 siue
2559 3329 2674 3395 bo-

380 3454 551 3499 num
612 3435 770 3499 siue
831 3435 1124 3500 malum.
1202 3434 1320 3499 alio
1382 3440 1594 3499 autem
1639 3435 1773 3498 loco
1821 3435 1899 3498 ad
1943 3435 2294 3520 Romanam
2343 3435 2668 3499 ecclesiam

379 3539 661 3604 scribens
727 3556 1003 3619 omneS,
1072 3540 1290 3621 inquit,
1361 3539 1833 3604 adstabimus
1904 3543 2072 3603 ante
2138 3538 2474 3603 tribunal
2536 3539 2670 3602 dei.

590 3719 645 3789 6]
666 3719 785 3773 Act.
807 3723 855 3784 9,
876 3721 923 3776 6.
997 3719 1054 3788 9]
1075 3718 1133 3774 11
1152 3719 1270 3774 Cor.
1287 3723 1366 3784 13,
1388 3723 1436 3775 3.
1510 3721 1602 3789 25]
1623 3719 1680 3773 11
1700 3719 1819 3775 Cor.
1843 3723 1891 3783 5,
1914 3722 1994 3775 10.
2067 3717 2158 3787 29]
2178 3719 2330 3772 Rom.
2348 3721 2428 3782 14,
2452 3721 2670 3774 10-11.

468 3871 503 3925 2
538 3867 865 3922 ammonitus
899 3869 999 3938 ΝΡ
1124 3871 1155 3922 5
1192 3867 1371 3922 subita
1409 3869 1483 3922 M
1593 3883 1878 3922 conseruus
1915 3867 2052 3936 Npa
2170 3869 2234 3922 10
2272 3867 2383 3920 cius
2421 3867 2674 3936 quaeritis

378 3959 495 4012 eius
516 3957 585 4013 N
650 3957 763 4010 eius
800 3955 1055 4024 quaeritis
1084 3973 1129 4026 p
1225 3953 1470 4010 Christus
1496 3957 1569 4010 M
1592 3956 1886 4024 (Uulqata)
1994 3958 2054 4011 11
2083 3953 2345 4008 hereticae
2369 3955 2436 4010 N
2539 3956 2604 4008 13
2629 3953 2675 4006 si

378 4045 512 4100 deus
558 4043 687 4098 deus
724 4045 798 4098 M
933 4045 999 4098 16
1043 4045 1125 4097 est
1170 4043 1227 4096 in
1271 4059 1333 4096 eo
1368 4045 1444 4098 M
1579 4045 1646 4099 19
1691 4041 2042 4110 disseparatio
2079 4040 2308 4110 dispatio
2347 4042 2421 4095 M
2507 4040 2674 4093 disse-

376 4131 588 4201 paratio
630 4149 664 4186 v
801 4133 871 4186 20
917 4128 1127 4182 discisio
1172 4131 1240 4186 N
1375 4133 1457 4183 est
1500 4129 1723 4197 simplex
1769 4145 1875 4182 una
1920 4131 2130 4182 tantum
2175 4128 2265 4196 pia
2309 4143 2416 4180 una
2459 4129 2673 4181 tantum

376 4237 483 4274 om.
522 4219 598 4274 M
704 4219 771 4273 22
809 4217 1015 4286 autem}
1051 4219 1145 4270 aut
1180 4218 1255 4272 M
1359 4216 1666 4271 cumulatus
1700 4217 1776 4270 M
1871 4218 1940 4271 23
1976 4214 2290 4268 distantiam
2325 4232 2391 4270 ex
2427 4213 2674 4268 substan-

378 4305 515 4360 tiam
540 4305 608 4360 N
690 4303 927 4358 eundum
947 4304 1016 4359 N
1106 4307 1174 4359 24
1197 4303 1611 4372 intelligendum
1635 4304 1710 4358 M
1796 4305 1862 4358 25
1889 4300 2218 4356 chorinthios
2241 4301 2310 4357 N
2398 4304 2467 4356 28
2493 4304 2672 4354 autem

376 4411 484 4448 om.
512 4393 586 4446 M
682 4393 750 4447 29
788 4390 1049 4445 stabimus
1085 4392 1159 4446 M
1258 4391 1367 4461 dei]
1404 4390 1608 4447 Christi
1645 4391 1718 4444 M
1746 4396 1796 4444 et
1841 4391 2076 4460 Uuzyata

488 4495 617 4536 x‘vll.
637 4495 753 4536 (ἕω.
776 4499 814 4536 1.
1396 4527 1401 4532 .
2293 4477 2361 4526 25

2720 2507 2754 2559 2

2721 3442 2756 3494 3
