3167 4975
478 394 563 456 80
1287 393 1603 446 Iohannis
1650 392 1950 446 Cassiani

563 568 733 631 XXI.
799 568 894 630 De.
941 569 1233 632 interiore
1280 569 1574 633 monaehi
1635 587 1786 652 pace
1834 571 1895 632 et
1957 567 2344 632 abstinentia
2390 569 2674 650 spiritali.

561 673 763 736 XXII.
817 672 992 753 Quod
1039 673 1266 737 idcireo
1325 692 1436 738 nos
1484 677 1769 756 oporteat
1814 691 2094 736 exerc-ere
2142 673 2595 737 continentiam
2630 691 2766 736 eol·-

477 780 775 861 poralem‚
823 783 894 842 ut
939 798 1049 861 per
1093 779 1299 862 ipsam
1344 779 1788 862 pei-ueniamus
1838 779 1913 842 ad
1962 778 2243 860 spiritale
2290 777 2615 841 ieiunium.

560 884 795 948 XXHI.
848 883 1062 964 Qualis
1111 903 1248 947 esse
1295 884 1584 948 monachi
1632 883 1855 946 debeat
1904 883 2100 946 cibus

561 989 830 1052 XXIIII.
895 988 1071 1069 Quod
1131 990 1196 1053 in
1243 988 1529 1072 Aegypto
1593 987 2019 1052 indifferenter
2078 989 2419 1051 uiderimus
2483 987 2599 1051 sub
2658 989 2767 1051 ad-
2845 1005 2871 1045 τ»

475 1098 672 1158 uentu
719 1098 930 1159 nostro
979 1095 1139 1158 solui
1185 1094 1500 1158 cotidiana
1545 1093 1797 1157 ieiunia.

560 1201 755 1264 XXV.
821 1200 916 1263 De.
963 1199 1352 1264 continentia
1397 1199 1588 1279 seniS‚
1654 1199 1761 1280 qui
1822 1199 1915 1262 ita
1972 1199 2171 1262 sexies
2234 1197 2447 1261 cibum
2496 1199 2767 1281 sumpsit

475 1309 545 1368 ut·
593 1309 874 1368 seruaret
920 1305 1208 1368 esuriem.

561 1409 791 1474 XXVI.
840 1409 934 1473 De
981 1427 1052 1472 eo
1101 1428 1247 1472 sene
1296 1409 1404 1490 qui
1447 1408 1510 1471 in
1557 1408 1787 1471 cellula
1827 1425 1942 1471 sua
1972 1425 2179 1471 eseam
2214 1426 2560 1488 numquam
2596 1408 2763 1471 solus

477 1517 732 1600 accepit.
2820 1529 2869 1567 ιο

560 1620 823 1685 XXVII.
873 1619 1035 1700 Quid
1081 1621 1156 1683 de
1197 1619 1405 1683 fructu
1440 1619 1633 1682 studii
1666 1618 1762 1682 sui
1793 1618 2061 1700 professi
2092 1622 2241 1682 sunt
2274 1619 2469 1683 abbas
2502 1619 2763 1682 Paesius

477 1729 537 1788 et
583 1726 917 1789 Iohannes

560 1829 855 1893 XXVIII.
929 1828 1129 1909 Quam
1205 1829 1474 1912 exempli
1535 1828 1633 1892 sui
1702 1829 2152 1910 professionem
2226 1827 2391 1892 abba
2450 1828 2764 1892 Iohannes

475 1933 798 2016 discipulis
843 1933 1166 2015 reliquerit
1212 1934 1601 1996 decessurus,

560 2037 889 2101 XXVIHI.
918 2037 1014 2100 De
1048 2037 1275 2101 abbate
1299 2037 1593 2102 Machete
1626 2037 1789 2102 inter
1822 2038 2206 2101 eonlationes
2234 2037 2546 2119 spiritales
2581 2057 2763 2100 num-
2820 2057 2869 2095 15

475 2161 666 2224 quam
712 2143 1090 2206 dormitante
1139 2145 1202 2206 et
1241 2160 1488 2224 semper
1519 2143 1683 2205 inter
1716 2146 1996 2205 terrenas
2028 2141 2277 2205 fabulas
2311 2141 2761 2205 obdormiente.

560 2248 757 2311 XXX.
806 2247 1106 2310 Eiusdem
1153 2247 1320 2311 senis
1368 2247 1443 2309 de
1491 2247 1743 2310 nemine
1789 2247 2137 2310 iudicando.

557 2353 788 2416 XXXI.
855 2351 1206 2434 Increpatio
1270 2351 1550 2414 eiusdem
1614 2351 1803 2432 senis,
1868 2371 2012 2414 oum
2068 2353 2291 2414 fratres
2356 2351 2521 2414 inter
2583 2352 2765 2434 spiri-

474 2458 630 2522 tales
693 2456 1078 2521 conlationes
1141 2456 1553 2521 dormitantes
1604 2457 1683 2520 ad
1743 2456 2167 2520 narrationem
2214 2456 2449 2520 otiosae
2512 2455 2763 2520 fabulae

470 2564 734 2626 uidisset
781 2562 1263 2647 expergefactos,
2816 2595 2868 2632 20

555 2667 820 2731 XXXII.
869 2668 964 2731 De
1013 2668 1300 2749 epistulis
1346 2667 1715 2749 priusquam
1761 2667 2117 2749 legerentur
2164 2665 2455 2729 incensis,

555 2773 852 2836 XXXIII.
902 2772 996 2835 De
1045 2772 1436 2837 absolutione
1483 2770 1887 2853 quaestionis,
1936 2788 2125 2853 quam
2169 2770 2365 2834 abbas
2400 2770 2761 2834 Theodorus

471 2878 702 2941 orando
749 2876 1113 2963 promeruit.

556 2981 890 3045 XXXIIII.
941 2980 1035 3044 De
1084 2981 1400 3045 sententia
1445 2982 1725 3043 eiusdem
1761 2980 1949 3060 senis,
2001 2998 2123 3061 qua
2156 2980 2365 3043 docuit
2398 2997 2520 3061 quo
2554 2979 2761 3042 studio

473 3086 817 3177 monachus
864 3086 1065 3169 possit
1111 3086 1369 3167 adsequi
1417 3085 1749 3149 seientiam
1798 3085 2267 3167 scripturarum.
2816 3116 2865 3154 ες,

552 3190 810 3254 XXXV.
875 3191 1227 3273 Increpatio
1291 3189 1568 3253 eiusdem
1634 3190 1821 3269 seniS,
1884 3207 2029 3252 oum
2078 3190 2155 3252 ad
2214 3206 2421 3253 meam
2469 3188 2759 3251 cellulam

469 3296 678 3359 media
723 3300 903 3359 nocte
950 3295 1246 3359 uenisset.

556 3491 583 3543 1
612 3486 852 3541 interiori
879 3487 1022 3541 HTv
1108 3488 1140 3541 2
1167 3488 1376 3555 oportet
1401 3486 1517 3539 HT
1607 3484 1673 3539 3
1658 3500 1835 3607 ipsum
1856 3485 1909 3539 L
2004 3483 2248 3553 spiritale
2268 3484 2321 3538 L
2328 3485 2343 3518 ¹
2439 3486 2473 3537 4
2498 3482 2679 3551 quales
2700 3484 2769 3537 Π

469 3618 573 3671 eibi
611 3616 840 3671 debe-ant
875 3619 946 3673 H
1061 3616 1210 3670 eibns
1249 3615 1440 3669 debeat
1473 3636 1506 3671 v
1579 3616 1683 3669 eibi
1724 3616 1969 3671 monachi
2010 3614 2197 3668 debeat
2240 3616 2289 3669 T
2401 3618 2432 3669 1
2472 3631 2571 3683 egi
2573 3616 2669 3683 ptu
2707 3616 2759 3667 L

467 3710 500 3760 6
525 3706 644 3759 nori
679 3706 762 3775 (=
791 3705 982 3773 nostri)
1011 3706 1066 3759 L
1172 3707 1204 3759 8
1233 3708 1294 3757 ut
1318 3706 1426 3758 L]
1431 3725 1448 3757 .-
1481 3708 1535 3757 et
1561 3706 1630 3758 H
1728 3708 1760 3759 9
1797 3702 1981 3757 cellola
2008 3704 2077 3756 H
2176 3702 2309 3755 sella
2339 3704 2412 3757 Tc
2520 3706 2580 3757 11
2611 3700 2759 3769 sunt]

464 3795 544 3849 sic
569 3794 740 3847 HLT
820 3792 1024 3861 pessius
1051 3792 1119 3846 H
1197 3791 1376 3859 posius
1402 3793 1512 3846 LT
1597 3794 1661 3846 12
1688 3791 1931 3843 iohannis
1957 3792 2073 3844 HT
2160 3792 2225 3844 13
2252 3788 2387 3842 abba
2417 3791 2487 3843 T:
2512 3787 2673 3841 abbas
2702 3789 2769 3841 Π

467 3878 675 3933 abbatis
701 3880 754 3935 L
843 3880 1088 3933 iohannis
1113 3880 1230 3934 HL
1313 3882 1378 3935 14
1405 3878 1678 3947 discipulis
1705 3880 1786 3932 L:
1814 3876 2051 3945 disciplis
2078 3876 2186 3928 suis
2212 3878 2329 3931 HT
2404 3875 2625 3943 requirit
2652 3876 2768 3929 HT

469 3970 532 4023 15
558 3968 748 4038 mache
773 3968 828 4021 L
919 3970 984 4021 16
1011 3966 1358 4035 dormitante]
1385 3967 1474 4021 hic
1497 3968 1697 4035 incipit
1715 3968 1769 4020 A
1866 3965 2197 4017 dormitante
2218 3966 2270 4017 L
2362 3963 2502 4016 inter
2528 3966 2761 4015 tta-renas

463 4058 543 4111 A:
571 4055 624 4109 in
651 4058 886 4109 terrenas
913 4056 1029 4109 HT
1117 4054 1354 4107 internas
1379 4056 1431 4108 L
1541 4052 1913 4106 obdormiente
1935 4054 1986 4107 L
2098 4055 2161 4108 18
2188 4050 2355 4104 frater
2381 4052 2449 4105 H
2548 4053 2611 4105 19
2639 4066 2761 4101 eon-

465 4143 758 4197 locutiones
797 4132 1119 4196 dormientes
1155 4144 1222 4196 H
1322 4145 1386 4197 21
1428 4141 1666 4210 epistolis
1704 4142 1819 4195 HL
1926 4139 2288 4206 relegerentur
2326 4140 2393 4193 Ji
2492 4141 2559 4193 25
2597 4134 2761 4190 serib-

467 4234 706 4284 turarum
753 4232 806 4285 A
949 4234 1017 4285 26
1063 4232 1208 4285 hunc
1261 4232 1477 4283 titulum
1525 4247 1627 4283 o-m.
1672 4230 1721 4281 T
1854 4226 1993 4278 senis
2048 4245 2149 4281 om.
2197 4228 2264 4280 H
2402 4224 2589 4277 vella-111
2650 4224 2760 4277 HL

463 4365 528 4417 27
569 4362 744 4415 media
781 4380 881 4417 om.
908 4364 960 4415 A
1069 4318 1514 4414 {ieniswt'snwdia
1553 4316 1721 4411 noe-tes
1744 4360 2035 4427 (transpos.
2064 4376 2129 4411 m.
2160 4360 2213 4425 1)
2248 4359 2301 4410 L
