3167 4975
1046 470 1391 525 uerborum
1439 475 1503 525 et
1547 472 2009 527 elocutionum.
2563 473 2690 537 511

461 658 580 696 mus
618 643 911 713 disciplina.
952 644 1180 707 XVIIII,
1211 648 1289 709 14,
1322 648 1356 699 2
1389 644 1495 699 illis

460 711 651 833 Qus
697 728 857 781 supra
892 715 1221 769 ostendimus
1267 714 1494 768 indiciis

588 822 601 845 ‚
630 784 713 846 22,
739 784 773 837 6
806 798 913 836 non
944 783 1119 837 solum
1152 783 1243 837 illo
1278 798 1381 853 quo
1417 782 1496 837 di-

459 850 648 914 ximus,
676 851 767 905 sed
787 852 949 905 etiam
971 854 1069 906 hoc
1092 852 1265 907 modo.
1294 853 1496 915 XXIII,

463 923 543 982 19,
564 922 597 976 3
622 920 678 973 in
702 920 795 973 illo
812 921 871 975 in
894 937 999 990 quo
1018 922 1303 1045 profecerit
1326 922 1495 991 gradu

460 989 551 1058 (cf.
590 988 881 1059 proficere).
1148 1033 1161 1055 ,
1202 995 1281 1054 11,
1324 996 1347 1047 1
1398 993 1496 1045 hoc

1661 650 1726 701 16
1763 646 1999 715 nihilque
2037 662 2098 699 ex
2133 648 2206 699 eis
2245 662 2376 714 quae
2423 647 2693 700 renuntia--

1657 719 1848 769 nerant
1893 720 2236 769 reseruantes.
2277 746 2342 754 —
2383 718 2624 771 absolute
2661 718 2704 771 I

1656 785 1730 846 ΙΙ,
1765 788 1813 847 3,
1853 788 1896 840 1.
1933 785 2064 849 1111,
2093 790 2123 840 5
2149 792 2184 839 t.
2223 788 2256 839 6
2281 792 2316 839 t.
2357 788 2424 841 38
2449 792 2485 840 t.
2523 788 2606 849 27,
2641 787 2690 840 2.

1655 854 1776 917 VII,
1807 858 1870 909 15
1897 862 1931 909 t.
1972 858 2039 910 27
2075 862 2110 909 t.
2147 854 2265 917 VH,
2297 857 2374 909 12.
2417 857 2496 919 14,
2527 858 2570 909 1.
2607 857 2691 909 27.

1655 926 1738 979 30.
1775 923 1898 985 XII,
1932 926 2014 980 28.
2061 924 2108 978 G
2139 924 2270 987 1111,
2307 926 2387 985 19,
2421 926 2471 978 2.
2510 922 2571 985 V,
2611 926 2691 986 11,

1658 996 1704 1047 6.
1744 992 1886 1057 XXI,
1913 996 1946 1049 8
1971 1000 2006 1047 t.
2044 992 2275 1056 XXIIII,
2299 996 2370 1047 26
2394 1000 2428 1047 t.

460 1074 563 1127 quo
602 1058 779 1113 dicitis
815 1064 997 1129 tepore
1032 1063 1306 1131 torpentia.
1350 1064 1430 1124 11,
1464 1064 1497 1116 3
1551 1062 1876 1115 renuntiatio
1903 1065 1944 1117 Ι
1973 1062 2103 1126 ΠΙΙ,
2128 1064 2198 1117 36
2222 1070 2256 1117 t.
2293 1062 2424 1125 1111,
2455 1064 2504 1117 2.
2530 1064 2580 1117 4.
2606 1065 2690 1117 37.

460 1143 567 1181 non
611 1128 711 1182 hoc
756 1129 867 1182 solo
913 1145 1017 1198 quo
1062 1130 1169 1183 dixi
1206 1134 1259 1183 te
1295 1130 1497 1184 feriunt

460 1198 795 1251 detrimento.
851 1201 931 1263 12,
968 1202 1003 1254 2
1048 1200 1141 1253 illo
1186 1216 1291 1267 que
1338 1216 1497 1269 supra

461 1266 689 1321 diximus
714 1267 871 1321 adfici
906 1268 1242 1323 detrimenta
1280 1269 1347 1324 N
1378 1269 1421 1333 I,
1448 1272 1494 1333 5,

458 1338 501 1391 4-
538 1337 793 1405 mysterio
836 1352 939 1406 quo
987 1338 1099 1407 ipse
1146 1337 1309 1392 nouit.
1350 1368 1415 1377 -
1470 1356 1497 1393 c

459 1408 735 1462 contrario

460 1482 553 1530 tm·
585 1476 661 1529 ad
694 1492 753 1530 re
837 1519 847 1529 .
889 1478 955 1530 N
981 1476 1085 1540 111,
1121 1480 1170 1539 7,
1204 1480 1229 1533 1
1270 1476 1497 1531 disseras

1657 1132 1777 1194 VII,
1807 1135 1869 1188 17
1897 1138 1930 1186 t.
1971 1134 2049 1194 14,
2081 1136 2123 1187 1.
2162 1135 2243 1195 15,
2268 1134 2316 1186 2.
2353 1134 2436 1186 30.
2477 1131 2600 1195 XII,
2625 1135 2692 1187 25

1657 1208 1706 1256 et
1732 1203 1958 1271 passim.
1989 1230 2052 1241 —-
2081 1203 2228 1271 plur.
2265 1200 2312 1256 0
2341 1200 2444 1282 ΙΙΙ,
2468 1202 2502 1255 3
2526 1208 2562 1255 t.
2599 1204 2632 1255 6
2656 1208 2692 1281 t:

1655 1269 2692 1403 ⁷0‘1111{¹÷?e.¹÷.21.f.2¹31¹3ss¹i‘ff1}¹3¹31¹{ff

836 1424 923 1463 on.
954 1408 1237 1463 demonstr.
1266 1409 1496 1463 attrahi-
1552 1410 1814 1477 reparatio
1842 1410 2055 1476 (status)
2089 1409 2133 1464 G
2165 1408 2344 1471 VIIH,
2371 1410 2455 1472 28,
2484 1412 2528 1463 1.
2567 1407 2691 1461 sub-

1657 1477 1756 1532 olis
1793 1480 1836 1533 I
1871 1476 1994 1541 VII,
2029 1480 2078 1541 3,
2116 1480 2164 1533 2.
2211 1478 2348 1531 lucri
2392 1478 2438 1533 G
2479 1477 2570 1540 VI,
2612 1480 2690 1533 15.

460 1546 603 1598 hunc
646 1560 803 1612 quem
850 1544 997 1614 loqui
1042 1546 1313 1614 apostolus
1356 1547 1497 1600 intra
1551 1550 1826 1616 reparator
1861 1548 2110 1616 imaginis
2146 1548 2214 1601 N
2243 1546 2364 1609 VH,
2392 1549 2441 1609 6,
2469 1551 2517 1602 5.

460 1630 515 1667 se
553 1612 699 1677 dicit,
735 1614 897 1667 homo
934 1616 1006 1668 sit
1042 1632 1111 1669 an
1149 1615 1291 1669 deus.

354 1683 603 1737 relaxare.
636 1683 683 1737 0
710 1682 843 1747 1111,
866 1686 947 1747 12,
972 1686 1005 1740 2
1034 1684 1104 1739 ad
1129 1684 1495 1739 remissionem

460 1756 671 1806 nosmet
705 1753 859 1822 ipsos.
898 1754 991 1817 XI,
1021 1758 1072 1818 4,
1106 1757 1139 1809 2
1176 1753 1495 1808 inbecillitas

459 1822 744 1875 senectutis
774 1822 1007 1891 rigorem
1040 1824 1327 1892 pristinum
1364 1823 1498 1876 rela-

459 1891 619 1945 xauit.
667 1893 717 1954 4,
752 1892 785 1946 3
830 1908 895 1945 ne
938 1892 1175 1961 exemplo
1212 1908 1331 1946 meo
1368 1892 1498 1947 alte-

460 1961 570 2014 rius
608 1960 871 2015 districtio
919 1961 1197 2015 relaxetur.
1243 1965 1292 2024 7,
1325 1964 1358 2017 4
1402 1961 1496 2015 ali-

462 2044 564 2098 quo
600 2034 781 2151 telpore
818 2031 971 2099 uigor
1008 2032 1172 2085 animi
1218 2031 1493 2084 relaxatus.

462 2128 525 2137 —-
551 2098 630 2152 XI
690 2140 704 2163 ‚
729 2102 778 2163 6,
805 2104 837 2156 5
870 2101 1175 2154 infirmitati
1201 2100 1373 2154 carnis
1400 2100 1495 2154 ali-

462 2168 588 2237 quid
644 2168 939 2222 relaxamus
984 2170 1069 2238 (=
1119 2169 1212 2223 ind
1310 2172 1495 2237 emus).

461 2238 632 2298 XVII,
656 2241 740 2302 19,
766 2242 799 2295 8
821 2239 907 2292 his
930 2238 1209 2308 paululum
1234 2256 1291 2292 re
1312 2240 1493 2292 axatis.

460 2309 544 2370 28,
567 2311 592 2363 1
614 2314 665 2362 et
688 2310 735 2362 3.
756 2309 798 2362 Ι
820 2307 881 2369 V,
904 2310 988 2371 30,
1009 2310 1056 2362 2.
1082 2311 1149 2377 cf.
1170 2310 1267 2363 sub
1295 2308 1493 2362 a-ab.

354 2377 589 2445 relegare
634 2394 756 2433 cum
796 2378 1002 2433 datiuo.
1059 2378 1105 2433 G
1144 2377 1344 2440 XVIII,
1381 2382 1428 2441 7,
1464 2382 1497 2434 8

497 2446 551 2500 ui
604 2446 669 2500 de
714 2446 865 2516 Aegy
904 2450 959 2500 to
1004 2446 1219 2502 fuerant
1264 2447 1496 2502 metallis

508 2517 623 2570 onti
658 2519 817 2584 atque
904 2518 1135 2570 rmeniae
1173 2517 1409 2586 relegati.

356 2585 611 2640 releuatio
635 2590 1009 2640 momentanea
1038 2587 1086 2642 G
1113 2587 1343 2649 XXIIII,
1372 2591 1420 2651 5,
1446 2589 1493 2641 2.

357 2655 621 2724 reliquus:
656 2654 721 2708 de
746 2655 949 2724 reliquo
976 2679 1039 2700 =
1066 2659 1321 2718 ceterum,
1346 2673 1496 2724 prae-

463 2725 618 2778 terea.
657 2727 700 2780 I
724 2724 769 2786 Ι,
801 2728 838 2780 4
872 2724 1093 2778 colobiis
1130 2725 1283 2778 lineis
1320 2725 1495 2779 induti

1550 1632 1830 1684 repausare
1869 1640 1930 1661 =
1973 1617 2200 1670 reficere.
2245 1616 2292 1671 G
2324 1615 2524 1679 XVIII,
2553 1618 2633 1679 14,
2658 1618 2692 1671 2

1657 1684 1726 1738 da
1745 1686 1878 1739 mihi
1897 1685 2133 1755 aliquam
2159 1686 2223 1739 de
2243 1686 2513 1739 sororibus
2531 1702 2691 1753 quam

1657 1771 1946 1823 repausem.
1971 1756 2018 1823 θ.
2041 1759 2072 1811 5
2094 1755 2310 1809 tandem
2338 1754 2532 1809 dedisti
2559 1754 2692 1807 mihi

1657 1840 1818 1893 quam
1871 1840 2164 1893 repausem,
2220 1840 2346 1877 nam
2401 1823 2496 1877 illa
2546 1824 2694 1892 prior

1656 1894 1765 1946 suis
1811 1910 1896 1947 me
1943 1895 2120 1961 potius
2167 1892 2464 1947 honorabat
2509 1908 2570 1947 ac
2611 1908 2693 1946 re-

1655 1962 1948 2031 frigerabat
1983 1962 2262 2030 obsequiis.

1550 2048 1828 2101 repensare
1874 2050 1994 2088 cum
2044 2034 2249 2087 dativo.
2308 2032 2353 2087 G
2391 2030 2580 2095 VHH,
2629 2035 2692 2087 19

1657 2118 1751 2155 nec
1775 2101 2012 2169 praemia
2039 2102 2150 2154 suis
2183 2102 2406 2165 meritis,
2443 2101 2538 2155 sed
2569 2117 2692 2170 poe-

1657 2187 1782 2225 nam
1809 2171 2205 2239 repensandam.
2235 2173 2320 2233 22,
2345 2173 2378 2225 3
2403 2170 2544 2238 quod
2570 2186 2692 2224 cum

1657 2240 1736 2293 illi
1774 2239 1936 2293 fuerit
1973 2243 2325 2309 repensatum.

1551 2310 1782 2377 reperior
1825 2332 1884 2353 =
1923 2310 2065 2375 φαίνο
2107 2328 2154 2359 αι
2199 2310 2246 2364 G
2278 2309 2370 2372 VI,
2399 2312 2478 2371 11,
2507 2310 2587 2364 11.

1550 2378 1981 2447 reprehensibilis

2102 2378 2174 2441 ΙΙ,
2204 2382 2289 2441 26,
2321 2382 2372 2433 2.
2409 2378 2582 2441 XVII,
2611 2380 2689 2434 11.

1655 2450 1739 2512 25,
1767 2452 1813 2504 3.
1851 2447 2052 2513 XVIII,
2077 2451 2126 2512 4,
2151 2452 2199 2504 2.
2239 2447 2411 2511 XXII,
2438 2452 2488 2512 5,
2514 2450 2562 2503 2.

1551 2518 2038 2586 reprehensibiliter
2081 2519 2127 2572 0
2158 2517 2330 2580 XVII,
2360 2521 2437 2574 11.

1552 2587 1852 2656 reprobatio
1890 2589 2319 2656 (cogitationum)
2363 2587 2410 2642 Ο
2441 2587 2484 2650 Ι,
2527 2590 2608 2650 17,
2648 2590 2689 2641 1.

1552 2655 1806 2726 reprobus
1850 2656 1896 2712 G
1927 2656 2098 2718 XVII,
2132 2660 2217 2719 25,
2255 2659 2334 2712 15.
2371 2654 2572 2718 XVIII,
2611 2659 2692 2718 16,

1659 2728 1738 2781 14.
1785 2726 1994 2794 reprobi
2035 2727 2176 2779 circa
2211 2725 2374 2779 fldem
2410 2724 2523 2787 XV,
2559 2727 2608 2786 6,
2643 2727 2691 2780 2.

461 2794 631 2848 nudas
702 2794 767 2847 de
842 2794 1043 2862 reliquo
1113 2795 1497 2848 circumferunt
1552 2795 1898 2876 repropitiare
1943 2796 1988 2850 G
2019 2795 2092 2858 H,
2117 2798 2166 2858 3,
2196 2798 2240 2849 1.

462 2879 663 2917 mallus.

460 3002 603 3056 tione
638 3001 860 3070 indiget.
899 3002 993 3065 XI,
1028 3005 1060 3058 3
1096 3003 1153 3056 in
1190 3003 1494 3056 remotione.

468 3071 515 3126 0
548 3071 617 3134 ΙΙ,
652 3073 702 3134 2,
740 3073 773 3126 2
810 3072 901 3125 alii
940 3072 1280 3125 anachoresin
1319 3087 1496 3126 neces-

462 3141 682 3204 sariam,
754 3141 809 3194 id
878 3145 959 3195 est
1026 3141 1375 3194 remotionem
1445 3143 1499 3194 et

460 3210 662 3264 heremi
706 3213 909 3264 secreta
953 3215 1239 3264 censerent.
1281 3209 1342 3273 V,
1378 3212 1425 3272 4,
1463 3213 1496 3265 3

460 3279 645 3348 hisque
691 3279 855 3333 fuerit
901 3280 1125 3334 remotio
1172 3279 1355 3334 localis
1405 3279 1497 3333 ad-

460 3349 653 3403 iuncta.
692 3352 742 3413 4,
768 3352 800 3404 6
834 3349 1135 3403 sollicitudo
1170 3349 1401 3418 peruigil
1437 3365 1498 3402 ac

462 3419 687 3472 remotio
732 3418 1049 3472 solitudinis.
1089 3417 1181 3482 VI,
1221 3423 1299 3482 10,
1337 3422 1371 3474 3
1415 3435 1496 3472 re-

462 3488 629 3542 motio
665 3487 841 3542 cellae.
879 3487 1060 3551 VHII,
1098 3491 1146 3550 5,
1181 3491 1213 3542 2
1256 3489 1349 3556 qui
1384 3491 1497 3542 tam

457 3556 617 3625 longa
659 3557 950 3610 remotione
991 3557 1075 3624 (==
1116 3557 1393 3625 distantia)
1429 3557 1495 3610 ab

460 3626 607 3679 omni
652 3626 847 3680 saeculi
892 3626 1050 3680 huius
1095 3627 1493 3680 conuersatione

462 3695 833 3818 dlilsiungimur.
872 3695 1023 3758 XIII,
1050 3698 1099 3758 6,
1125 3697 1157 3750 4
1186 3696 1497 3749 remotionis

460 3765 501 3817 s'
528 3765 746 3819 entium.

353 3851 611 3888 rennuere
656 3852 777 3890 cum
822 3837 1020 3904 infinit.
1062 3837 1102 3889 I
1136 3833 1255 3898 VH,
1294 3837 1355 3890 ll
1404 3834 1496 3887 ad-

459 3905 725 3972 quiescere
742 3920 772 3956 a
808 3903 1057 3957 ostolicae
1070 3904 1363 3957 sententiae
1378 3920 1496 3956 ren-

460 3977 651 4027 nuunt.
697 3975 742 4028 G
862 3973 903 4036 Ι,
931 3976 962 4028 5
996 3973 1215 4026 uisitare
1247 3988 1353 4026 nen
1378 3989 1497 4026 ren-

459 4044 595 4096 nuit.
633 4043 813 4106 VHII,
844 4045 924 4105 18,
950 4044 983 4097 4
1020 4058 1127 4096 non
1164 4043 1380 4095 rennuit
1416 4042 1495 4094 in-

461 4113 636 4166 terire.
674 4113 741 4166 N
772 4111 893 4176 VII,
920 4115 969 4174 8,
996 4114 1043 4166 3.

354 4181 660 4235 renuntiare
684 4199 807 4236 eum
831 4183 1035 4238 dativo.
1066 4183 1107 4235 Ι
1122 4180 1196 4242 ΙΙ,
1218 4185 1265 4245 3,
1291 4184 1337 4236 2.
1365 4178 1495 4244 ΙΙΙΙ,

460 4253 543 4306 23.
590 4251 635 4305 G
666 4250 769 4315 111,
794 4254 843 4312 4,
872 4253 919 4305 2.
960 4253 1008 4314 8,
1044 4253 1092 4306 3.
1120 4249 1299 4312 v1111,
1331 4253 1410 4312 12,
1446 4253 1493 4304 2.

460 4319 691 4382 XXIIII,
730 4323 779 4384 2,
821 4323 846 4375 1
895 4327 944 4375 et
984 4322 1213 4389 passim.
1264 4349 1325 4358 --
1376 4337 1495 4374 eum

459 4407 633 4446 accus
665 4412 725 4434 =
754 4389 1016 4452 abdicare,
1051 4387 1270 4442 abicere.
1304 4391 1346 4443 Ι
1375 4389 1495 4452 VII,

354 2934 594 2986 remotio.
632 2935 675 2988 I
701 2933 793 2996 VI,
830 2935 863 2988 3
898 2933 1185 2987 solitudine
1222 2949 1284 2986 ac
1326 2948 1497 2987 remo-
1552 2867 2140 3002 ξὲξὲἷέἓωεωιξῗὲἒ
2169 2864 2691 2996 (ΞἯΠὸ,2ἷ33ᾇὶῗέἓ-’

1654 3002 1789 3057 lutio
1825 3003 2122 3072 reputanda
2155 3007 2235 3056 est
2269 3003 2549 3072 pertinere.
2588 3001 2690 3064 111,

1661 3075 1720 3128 11
1758 3073 1814 3126 in
1847 3074 1964 3141 ipsa
1990 3073 2205 3126 tertiam
2233 3075 2541 3140 sextamque
2567 3087 2691 3124 con-

1657 3147 1980 3196 summatam
2013 3145 2280 3210 reputant.
2317 3139 2450 3204 IIII,
2479 3143 2538 3196 11
2568 3157 2691 3193 con-

1658 3212 1926 3274 tinentiae,
1982 3211 2040 3264 in
2094 3226 2198 3279 qua
2251 3225 2490 3264 summae
2537 3225 2690 3278 repu-

1657 3283 1842 3334 tantur
1895 3280 2126 3334 deliciae.
2193 3282 2258 3335 14
2309 3279 2692 3346 alumnumque

1657 3351 1965 3473 sistite.
2003 3348 2578 3472 mistrinis&
2617 3363 2692 3470 ..25

1657 3557 1980 3614 1
2051 3435 2379 3613 {mmet-
2408 3490 2588 3610 -1112‘2
2607 3489 2690 3610 2}

1657 3626 1748 3688 VI,
1783 3631 1832 3690 9,
1875 3631 1922 3683 3.
1977 3627 2148 3690 XVII,
2191 3630 2277 3688 20,
2322 3630 2365 3681 1.
2423 3625 2596 3688 XXII,
2641 3628 2692 3688 6,

1660 3700 1738 3752 10.
1781 3719 1842 3740 =
1881 3712 2090 3765 ponere,
2131 3712 2421 3749 numerare.
2467 3695 2514 3749 G
2545 3694 2616 3756 H,
2644 3698 2692 3756 5,

1657 3770 1688 3820 5
1725 3769 1788 3820 ut
1825 3781 1930 3818 non
1974 3765 2113 3819 inter
2154 3765 2494 3818 biothanatos
2538 3780 2692 3832 repu-

1656 3837 1802 3888 tatus
1839 3835 2000 3888 etiam
2039 3835 2293 3887 memoria
2335 3837 2390 3887 et
2426 3831 2692 3887 oblatione

1654 3904 1998 4025 ffiisantium
2047 3903 2374 3957 iudicaretur
2419 3901 2689 3970 indignus

1757 3973 1858 4036 III,
1884 3975 1931 4034 7,
1958 3975 1990 4026 2
2025 3975 2332 4041 reputamus
2357 3971 2425 4024 ad
2463 3971 2689 4040 culpam.

1659 4071 1723 4080 —
1750 4048 1992 4110 reputare
2019 4043 2075 4095 in
2099 4041 2269 4109 gradu
2296 4042 2337 4095 Ι
2355 4040 2446 4104 VI,
2473 4043 2523 4103 4,
2553 4043 2594 4095 1.
2637 4041 2692 4093 in

1655 4126 1876 4164 numero
1930 4112 1976 4166 C
2016 4110 2098 4174 ΙΙ,
2139 4113 2226 4174 13,
2265 4113 2313 4165 9.
2367 4110 2434 4163 ad
2479 4110 2692 4178 plenam

1659 4196 1847 4234 noxam
1881 4182 1922 4235 Ι
1950 4180 2042 4244 VI,
2073 4183 2150 4236 10.
2193 4180 2257 4232 ad
2297 4195 2356 4232 sa
2393 4179 2612 4232 ientiam
2651 4179 2698 4232 G

1656 4249 1796 4313 1111,
1834 4253 1893 4313 9,
1933 4253 1976 4305 1.
2025 4265 2134 4302 non
2177 4253 2366 4318 reputa
2401 4249 2512 4302 itur
2556 4247 2694 4300 alius

1659 4320 1726 4372 ad
1773 4335 1896 4385 Qun
1943 4321 2008 4375 N
2046 4319 2178 4382 ΙΠΙ,
2213 4322 2261 4381 9,
2297 4323 2343 4374 5.
2390 4333 2486 4386 pro
2525 4318 2692 4370 conti-

1659 4389 1840 4442 nentia
1865 4392 2110 4458 reputare
2139 4389 2184 4442 Ο
2205 4389 2277 4450 ΙΙ,
2299 4391 2381 4443 20.
2413 4415 2476 4426 -
2505 4387 2551 4441 Ο
2570 4386 2691 4450 VII,

2283 4491 2383 4545 40*
