3167 4975
531 458 659 523 368
1342 457 1660 513 Iohannis
1704 456 2003 514 Cassiani

529 634 635 698 ille
682 635 1112 718 interrogauit,
1158 639 1229 698 tu
1274 653 1488 718 negas.
1566 652 1752 699 nemo
1813 635 2015 698 adhuc
2075 634 2372 698 inuentus
2427 637 2524 697 est
2573 636 2826 716 praeter

528 740 593 802 te
640 739 743 820 qui
791 739 1166 804 diabolicam
1211 740 1601 823 impietatem
1649 740 1838 804 fuerit
1883 756 2349 822 supergressus,
2418 737 2581 820 quod
2619 738 2726 801 ille
2757 737 2824 800 in

530 843 779 908 domino
824 845 1150 908 confessus
1198 849 1296 909 est
1340 863 1478 908 esse
1524 863 1729 928 posse,
1791 848 1860 907 tu
1922 861 2047 909 non
2094 843 2294 907 credis
2340 861 2477 906 esse
2523 844 2822 925 potm’sse.

614 949 791 1012 XIII.
842 949 959 1014 Sed
1014 950 1286 1014 cessauit
1329 953 1550 1033 postea
1595 950 1860 1014 forsitan
1925 953 1988 1013 et
2031 948 2390 1030 conquieuit
2433 947 2825 1030 cassatisque

528 1055 1049 1137 temptationibus
1098 1055 1228 1119 suis
1276 1054 1566 1137 deposuit
1613 1054 2052 1138 suspicionem,
2100 1054 2245 1136 quia
2289 1070 2414 1117 non
2457 1051 2826 1117 inueniebat

530 1157 865 1222 effectum?
912 1160 1149 1223 mansit
1193 1160 1341 1242 quin
1389 1159 1583 1224 immo
1629 1160 1692 1223 in
1741 1177 1812 1222 eo
1861 1177 2108 1242 semper
2153 1160 2217 1222 et
2261 1177 2462 1240 usque
2495 1157 2571 1222 ad
2617 1158 2824 1239 ipsam

530 1262 766 1326 domini
827 1282 1075 1328 crucem
1138 1265 1409 1347 suspicio
1468 1265 1533 1329 in
1589 1281 1662 1328 eo
1707 1283 1818 1348 per
1861 1263 2227 1328 formidines
2273 1263 2556 1346 proprias
2603 1279 2824 1325 cumu-

528 1367 661 1430 lata
702 1369 1004 1450 peruenit.
1084 1369 1233 1450 quid
1277 1369 1501 1452 plura?
1548 1387 1628 1432 ne
1659 1373 1809 1433 tunc
1840 1368 2094 1450 quidem
2126 1368 2368 1450 opinari
2399 1366 2475 1431 de
2509 1384 2579 1431 eo
2617 1367 2822 1430 filium

529 1471 628 1534 dei
673 1469 879 1553 desiit,
924 1476 1261 1556 postquam
1306 1477 1559 1539 tantum
1605 1474 1672 1538 in
1719 1492 1866 1538 eum
1909 1471 2412 1556 persecutoribus
2459 1472 2590 1536 suis
2635 1471 2821 1536 licere

534 1577 844 1660 cognouit.
922 1579 1030 1640 sed
1092 1578 1354 1642 callidus
1413 1579 1630 1661 utique
1683 1579 1882 1644 hostis
1941 1579 2106 1643 inter
2163 1578 2334 1662 ipsas
2381 1594 2628 1660 quoque
2687 1593 2822 1640 cor-

528 1699 749 1766 poreas
794 1682 1117 1765 passiones
1166 1683 1348 1767 signa
1392 1683 1742 1748 diuinitatis
1797 1683 2129 1766 aspicienS,
2192 1681 2443 1746 etiamsi
2491 1700 2631 1745 esse
2675 1699 2822 1744 eum

528 1785 807 1850 malebat
849 1787 1192 1868 hominem,
1250 1788 1551 1872 suspicari
1598 1792 1813 1853 tamen
1870 1786 2338 1871 conpellebatur
2382 1786 2591 1866 deum,
2651 1784 2818 1868 quia,

525 1891 673 1955 licet
717 1890 836 1955 hoc
881 1892 1104 1956 mallet
1148 1893 1398 1957 credere
1445 1893 1610 1974 quod
1655 1891 1928 1973 uolebat,
1984 1891 2325 1976 cogebatur
2371 1895 2584 1956 tamen
2632 1892 2710 1955 ad
2753 1890 2817 1953 id

528 1996 713 2058 certis
758 2014 970 2060 rerum
1016 1996 1260 2061 indiciis
1306 1997 1473 2080 quod
1518 1993 1807 2063 timebatss
1877 2015 1992 2062 nec
2024 1997 2276 2061 mirum.
2324 1997 2616 2078 quamuis
2647 1995 2818 2059 enim

530 2118 673 2163 eum
718 2103 785 2164 et
828 2105 1272 2184 consputatum
1319 2106 1383 2165 et
1426 2101 1818 2186 flagellatum
1866 2105 1932 2166 et
1975 2100 2373 2166 contumeliis
2420 2099 2718 2166 affectum
2757 2102 2820 2163 ct

524 2203 589 2266 in
622 2222 871 2267 crucem
905 2209 1117 2269 actum
1149 2205 1409 2286 uideret,
1456 2206 1756 2271 cernebat
1800 2211 2014 2272 tamen
2055 2207 2219 2270 inter
2250 2206 2420 2290 ipsas
2450 2205 2818 2270 iniuriarum

524 2309 933 2392 indignitates
993 2311 1237 2374 diuinas
1298 2309 1693 2374 exabundare
1753 2311 2044 2392 uirtuteS‚
2107 2311 2258 2375 dum
2319 2311 2534 2374 uelum
2597 2309 2816 2391 templi

526 2413 849 2495 scinditur,
896 2415 1047 2478 dum
1094 2416 1186 2479 sol
1223 2415 1477 2500 refugit,
1525 2416 1678 2480 dum
1709 2416 1842 2480 dies
1874 2416 2264 2497 obscuratur,
2312 2415 2462 2478 dum
2507 2414 2816 2499 passionis

522 2519 824 2584 uirtutem
883 2520 1097 2584 omnia
1142 2521 1424 2585 sentiunt
1469 2524 1533 2584 et
1578 2524 1806 2585 cuncta
1851 2522 2041 2586 etiam
2087 2539 2247 2604 quae
2295 2521 2481 2585 deum
2528 2520 2816 2584 nesciunt

524 2643 679 2707 opus
742 2624 1093 2689 diuinitatis
1154 2629 1522 2709 agnoscunt.
1617 2629 1682 2689 et
1741 2625 1879 2690 ideo
1940 2626 2058 2689 hoc
2115 2626 2337 2689 uidens
2397 2622 2682 2689 diabolus
2743 2642 2814 2687 ac

522 2734 799 2793 tremens
846 2730 1017 2793 omni
1062 2730 1246 2795 modo
1290 2730 1622 2814 peruenire
1670 2731 1748 2794 ad
1793 2730 1894 2795 dei
1939 2732 2322 2814 agnitionem
2365 2730 2554 2793 etiam
2585 2730 2647 2793 in
2681 2729 2818 2811 ipsa

521 2833 795 2897 hominis
859 2834 1401 2899 consummatione
1448 2836 1806 2918 temptauit,
1869 2835 2083 2899 dicens
2129 2854 2239 2918 per
2299 2852 2404 2899 eos
2451 2835 2560 2917 qui
2620 2834 2815 2899 cruci-

520 2936 811 3003 fixerant:
874 2938 937 3003 si
982 2938 1199 3003 filius
1247 2939 1364 3003 dei
1412 2943 1557 3020 est,
1620 2940 2028 3004 descendat
2081 2958 2274 3003 nunc
2319 2938 2404 3002 de
2451 2956 2695 3019 cruce,
2743 2940 2815 3001 et

522 3042 891 3107 credimus
940 3044 1023 3107 ei.
1102 3044 1299 3108 sensit
1345 3044 1563 3125 utique
1611 3044 1938 3109 dominum
1983 3045 2171 3108 deum
2201 3046 2494 3109 nostrum
2524 3043 2814 3127 passione

520 3149 791 3230 eorporis
838 3148 1334 3233 redemptionem
1378 3148 1694 3213 humanae
1743 3149 1964 3213 salutis
2025 3150 2286 3231 operari,
2347 3149 2658 3230 simulque
2703 3166 2813 3231 per

521 3269 661 3315 eam
724 3256 788 3317 et
848 3272 914 3316 se
960 3254 1201 3317 destrui
1262 3272 1335 3317 ac
1394 3253 1722 3336 subiugari
1787 3258 1850 3317 et
1905 3270 2016 3317 nos
2061 3253 2286 3316 redimi
2331 3256 2516 3334 atque
2561 3252 2812 3331 saluari,

520 3358 584 3419 et
628 3356 766 3419 ideo
810 3356 1011 3421 hostis
1058 3357 1307 3440 generis
1353 3358 1616 3422 humani
1662 3358 1832 3421 omni
1873 3356 2058 3421 modo
2096 3360 2158 3421 et
2191 3357 2364 3421 omni
2408 3356 2549 3422 dolo
2581 3357 2816 3421 cassari

524 3478 598 3524 ea
628 3461 829 3525 uoluit
861 3480 1020 3544 quae
1054 3462 1157 3545 agi
1186 3479 1297 3545 pro
1330 3463 1616 3528 omnium
1646 3462 2078 3546 redemptione
2109 3463 2422 3546 cognouit.
2493 3462 2554 3526 si
2599 3462 2813 3526 filius

724 3640 817 3712 23]
852 3641 1052 3696 Matth.
1079 3644 1165 3707 27,
1188 3644 1274 3698 42.

604 3808 640 3861 4
674 3806 751 3875 et]
788 3824 851 3860 ac
873 3808 975 3862 Mv
1079 3806 1357 3875 coequeuit
1383 3826 1428 3878 p
1534 3810 1590 3862 et
1616 3807 1836 3863 cassatis
1861 3808 2057 3879 (quass,
2084 3810 2182 3879 M)
2206 3810 2309 3865 Mv
2415 3812 2447 3864 5
2483 3809 2810 3864 temtationi·

518 3892 619 3947 bus
656 3895 723 3947 N
860 3897 893 3949 6
938 3897 993 3947 et
1027 3912 1127 3950 om.
1170 3896 1267 3964 Np
1409 3898 1441 3951 7
1478 3896 1740 3964 supplicio
1777 3914 1822 3967 p
1965 3898 2019 3950 in
2066 3914 2190 3951 eum
2225 3914 2260 3952 v
2399 3912 2522 3950 cum
2559 3896 2732 3951 multa
2765 3914 2810 3967 p

518 3982 551 4035 8
593 3980 811 4047 quida-m
848 3982 925 4036 M
1044 3980 1156 4034 filio
1193 3984 1268 4036 M
1392 3986 1451 4038 11
1494 3982 1789 4051 suspiciens
1826 3984 1902 4039 M
2016 4000 2137 4037 eum
2174 4002 2276 4040 om.
2313 3986 2392 4039 M
2510 3986 2575 4040 13
2611 3984 2806 4053 cogita-

516 4064 673 4119 batur
699 4069 763 4121 N
767 4070 780 4102 ¹
890 4070 953 4124 15
988 4084 1110 4121 eum
1138 4069 1213 4138 et]
1254 4086 1375 4122 eum
1402 4070 1477 4125 Μ
1574 4074 1896 4140 consputum
1922 4072 2024 4126 Mv
2130 4074 2196 4128 16
2233 4088 2388 4125 cruce
2421 4074 2720 4125 mactatum
2742 4074 2816 4127 M

517 4154 581 4207 17
620 4151 991 4207 exhabundare
1020 4172 1065 4224 p
1172 4159 1237 4211 19
1273 4156 1457 4226 deum]
1494 4156 1700 4210 domini
1729 4176 1772 4227 p
1879 4160 1948 4213 20
1983 4157 2174 4211 uidens
2209 4158 2310 4213 hoc
2342 4160 2480 4229 Mpr⁴
2584 4160 2654 4213 22
2687 4174 2808 4211 con-

515 4241 871 4293 summatione
904 4242 980 4296 M
1044 4244 1445 4296 consumatione
1471 4262 1515 4314 p
1636 4245 1727 4311 qui
1763 4261 1886 4298 eum
1926 4244 2250 4299 crucifer-ant
2283 4248 2360 4301 M
2464 4248 2534 4301 24
2571 4246 2737 4299 sentit
2763 4262 2806 4315 p

514 4329 756 4380 nostrum
803 4346 903 4383 om.
955 4330 1051 4398 ΝΡ
1216 4332 1283 4385 25
1333 4330 1697 4400 redemptione
1745 4333 1814 4387 Ν
1813 4334 1907 4387 ¹M
2061 4348 2158 4401 per
2202 4332 2344 4403 eam]
2391 4349 2453 4386 ea
2497 4352 2544 4401 v,
2593 4352 2694 4389 om.
2739 4334 2814 4388 M

512 4414 580 4467 27
618 4429 821 4467 cassare
859 4416 935 4469 M

2877 1601 2936 1641 10

2875 2125 2932 2166 15
