3167 4975
263 1589 334 1628 10

265 2111 328 2151 15

259 2650 330 2688 20

253 3170 320 3209 25

1233 445 1392 502 Inst.
1430 446 1541 501 lib.
1578 447 1645 512 X,
1684 449 1837 503 3—7.
2554 448 2675 513 177

385 625 671 690 concidat
717 643 916 706 neque
963 625 1038 688 de
1084 624 1444 688 monasterii
1503 624 1792 688 claustris
1859 623 2150 706 expulsus
2214 626 2497 708 quamuis
2560 624 2677 690 sub

384 733 711 812 praetextu
758 729 977 794 coloris
1021 729 1107 811 pii
1151 729 1452 814 fugitiuus
1499 727 1815 792 abscedat.

475 834 583 898 VI.
633 833 1099 916 Quemcumque
1147 833 1314 897 enim
1359 834 1422 897 in
1467 837 1647 916 parte
1694 833 1973 915 qualibet
2030 834 2303 915 coeperit
2364 851 2677 916 superare,

385 943 496 1003 aut
539 941 860 1020 tamquam
907 940 1176 1002 inertem
1223 943 1286 1002 et
1329 938 1687 1002 dediticium
1750 937 1867 1003 sibi
1926 939 2197 1020 patietur
2254 937 2491 1021 absque
2549 939 2679 1004 ullo

383 1043 671 1125 profectu
739 1043 990 1125 spiritus
1051 1044 1115 1107 in
1178 1042 1404 1108 cellula
1463 1043 1835 1107 commorari
1898 1045 2007 1106 aut
2068 1061 2397 1108 excussum
2460 1044 2679 1108 exinde

383 1147 744 1212 instabilem
793 1147 868 1210 de
914 1151 1118 1212 cetero
1165 1147 1384 1211 reddet
1427 1165 1499 1211 ac
1543 1165 1800 1231 uagum,
1862 1151 1927 1211 et
1984 1147 2065 1211 ad
2124 1165 2311 1212 omne
2372 1165 2527 1230 opus
2573 1147 2677 1212 de-

385 1253 586 1316 sidem
648 1253 836 1316 cellas
896 1252 1164 1316 fratrum
1223 1253 1448 1336 iugiter
1514 1253 1703 1316 faciet
1768 1269 1842 1316 ac
1909 1253 2289 1328 monasteria
2354 1253 2678 1317 circumire

385 1356 662 1438 nihilque
709 1356 876 1420 aliud
935 1373 1285 1438 procurare,
1347 1375 1534 1439 quam
1594 1356 1703 1420 ubi
1766 1373 1965 1438 quoue
2026 1357 2229 1422 colore
2290 1357 2675 1422 occasionem

383 1461 706 1526 refectioni
765 1461 1012 1526 futurae
1071 1462 1282 1525 ualeat
1338 1474 1726 1544 praeparare.
1816 1481 1996 1526 mens
2058 1463 2223 1526 enim
2285 1461 2464 1525 otiosi
2526 1462 2679 1526 nihil

384 1567 554 1630 aliud
599 1566 870 1648 cogitare
918 1566 1093 1630 nouit
1137 1583 1324 1649 quam
1371 1565 1446 1629 de
1511 1566 1667 1630 escis
1732 1583 1803 1629 ac
1862 1569 2103 1646 uentre,
2166 1565 2361 1630 donec
2422 1568 2681 1630 inuenta

385 1670 752 1753 quandoque
801 1669 1128 1734 sodalitate
1174 1670 1496 1734 cuiusdam
1541 1671 1659 1734 uiri
1704 1670 1805 1734 uel
1853 1671 2123 1734 feminae
2170 1671 2413 1753 aequali
2466 1674 2679 1752 tepore

385 1775 692 1857 torpentis
748 1775 932 1839 rebus
981 1793 1196 1838 eorum
1243 1792 1315 1838 ac
1361 1774 1837 1839 necessitatibus
1882 1775 2236 1839 inuoluatur
2284 1779 2347 1839 et
2388 1776 2477 1838 ita
2527 1793 2681 1856 pau-

383 1882 564 1945 latim
609 1879 903 1943 reddatur
950 1880 1144 1944 noxiis
1191 1879 1696 1961 occupationibus
1738 1881 2043 1959 inretitus,
2090 1883 2165 1943 ut
2194 1883 2515 1961 tamquam
2550 1899 2679 1944 ser-

385 1986 658 2067 pentinis
719 1985 900 2066 spiris
961 1983 1294 2048 obstrictus
1357 2003 1699 2066 numquam
1764 1985 2055 2066 deinceps
2108 1983 2186 2048 ad
2232 1984 2677 2066 perfectionem

383 2088 788 2172 professionis
835 2089 1126 2170 antiquae
1173 2109 1238 2152 se
1284 2089 1496 2152 ualeat
1539 2089 1825 2152 enodare.

472 2194 614 2258 VII.
661 2195 848 2258 Hunc
895 2193 1206 2273 morbum,
1254 2194 1358 2275 qui
1403 2193 1478 2257 de
1525 2193 1773 2256 acediae
1820 2193 2041 2274 spiritu
2096 2193 2392 2273 nascitur,
2453 2193 2677 2256 beatus

383 2299 702 2381 apostolus
734 2303 806 2362 ut
835 2317 1021 2362 uerus
1053 2315 1126 2361 ac
1157 2298 1452 2379 spiritalis
1484 2297 1764 2362 medicus
1794 2298 1898 2360 uel
1931 2302 2083 2361 tunc
2122 2298 2245 2361 iam
2292 2297 2678 2379 conspiciens

385 2423 633 2486 serpere
679 2405 781 2467 uel
823 2421 1214 2467 emersurum
1247 2403 1464 2484 spiritu
1499 2407 1717 2466 sancto
1748 2403 2069 2466 reuelante
2100 2403 2479 2485 prospiciens
2513 2403 2679 2467 salu-

387 2508 624 2575 taribus
669 2512 1142 2592 praeceptorum
1192 2526 1445 2573 suorum
1493 2508 1969 2572 medicamentis
2000 2508 2367 2589 praeuenire
2400 2508 2675 2572 festinat.

387 2614 1050 2679 Thessalonicensibus
1127 2616 1292 2677 enim
1371 2612 1649 2677 scribens
1720 2616 1785 2677 et
1850 2614 2051 2695 primo
2118 2616 2191 2676 ut
2262 2612 2679 2693 peritissimus

386 2720 638 2801 quidam
682 2720 1118 2801 perfectusque
1165 2718 1442 2781 medicus
1485 2716 1915 2781 infirmitatem
1962 2721 2395 2799 susceptorum
2450 2716 2683 2780 blanda

384 2824 632 2905 lenique
663 2822 838 2888 uerbi
869 2822 1186 2887 curatione
1219 2822 1575 2887 fomentans
1610 2840 1681 2885 ac
1716 2822 1789 2885 de
1822 2822 2080 2886 caritate
2112 2822 2412 2902 incipiens
2454 2839 2680 2902 eosque

384 2930 448 2992 in
497 2946 571 2991 ea
614 2932 790 3009 parte
837 2927 1238 3007 conlaudans,
1285 2943 1603 3008 quousque
1649 2926 1837 2990 letale
1869 2927 2098 2990 uulnus
2140 2926 2374 2989 leniore
2406 2925 2680 2989 remedio

386 3033 728 3097 delenitum
797 3033 1078 3113 deposita
1144 3031 1404 3095 tumoris
1474 3030 1904 3113 indignatione
1968 3030 2208 3094 facilius
2268 3029 2685 3093 medicamina

383 3138 727 3201 austeriora
757 3138 1084 3216 sustineat,
1118 3138 1205 3201 ita
1235 3137 1349 3200 ait:
1397 3135 1482 3199 de
1516 3136 1837 3199 caritate
1869 3139 2119 3199 autem
2165 3134 2681 3198 fraternitatis

593 3292 684 3360 25]
724 3292 752 3344 1
791 3291 974 3345 Thess.
1003 3293 1052 3355 4,
1081 3292 1270 3345 9—10.

475 3452 502 3504 1
544 3448 880 3503 monasteriis
917 3449 991 3502 L¹
1108 3451 1141 3502 2
1179 3446 1368 3501 caloris
1408 3448 1480 3501 G¹
1602 3446 1843 3514 fugatius
1880 3448 1963 3500 Ηι
2071 3450 2103 3501 3
2140 3446 2218 3499 VI
2252 3464 2355 3501 om.
2398 3446 2449 3501 G
2556 3462 2684 3513 qua-

383 3552 612 3604 cumque
649 3536 702 3590 L
846 3534 1082 3603 quelibet
1125 3536 1202 3589 L²
1341 3538 1376 3589 4
1421 3537 1533 3587 tam
1572 3534 1642 3589 H
1778 3532 2075 3587 dedicitum
2123 3534 2190 3587 H
2266 3532 2570 3587 diditicium
2610 3533 2683 3587 L¹

383 3622 604 3679 sibimet
641 3625 694 3678 L
833 3626 864 3679 5
903 3622 1092 3676 cellola
1127 3623 1194 3676 H
1329 3620 1452 3675 inde
1495 3621 1546 3675 G
1686 3624 1719 3675 6
1757 3620 1937 3673 reddit
1972 3622 2111 3675 AH¹
2223 3623 2253 3675 7
2292 3620 2423 3673 facit
2458 3623 2511 3674 A
2584 3620 2686 3673 cir-

382 3712 531 3767 cuire
581 3710 798 3765 G²H2L
939 3712 972 3766 8
1019 3708 1154 3763 aliut
1190 3711 1245 3763 A
1385 3707 1476 3762 ubi
1523 3723 1733 3776 quoque
1770 3708 1837 3762 H
1901 3706 2063 3761 ubine
2099 3709 2151 3761 L
2293 3707 2594 3761 occasiones
2633 3708 2685 3760 L

381 3804 418 3855 9
456 3795 762 3852 refectionis
799 3798 950 3852 HLv
1078 3799 1141 3851 10
1179 3795 1260 3865 ac]
1299 3800 1354 3849 et
1387 3796 1506 3850 ΙΙΤ
1571 3798 1667 3847 aut
1701 3796 1755 3850 L
1885 3797 1948 3849 13
1986 3794 2133 3847 noxis
2170 3795 2253 3847 ΙΙι
2378 3793 2462 3862 ut]
2502 3797 2595 3846 aut
2631 3795 2683 3847 A

385 3890 452 3943 14
479 3884 648 3953 spinis
672 3886 748 3939 L¹
821 3884 1032 3953 sagittis
1057 3885 1126 3938 H
1225 3882 1514 3937 obstrictus
1549 3884 1611 3935 ut
1634 3884 1688 3936 A
1761 3881 2069 3936 obstructus
2096 3882 2163 3935 H
2266 3885 2331 3937 15
2368 3880 2585 3935 tendere
2622 3882 2693 3935 H

385 3976 456 4030 16
480 3972 588 4025 VII
621 3990 721 4028 om.
753 3971 804 4025 G
911 3970 1112 4025 acidiae
1148 3971 1289 4025 11¹1,
1417 3968 1609 4023 beatus
1646 3986 1748 4025 om.
1788 3970 1839 4023 L
1960 3971 2021 4024 17
2062 3966 2357 4037 apostolus]
2394 3966 2585 4036 paulus
2625 3968 2692 4021 H

381 4058 675 4129 respiciens
699 4060 753 4113 L
851 4062 915 4114 18
942 4074 1273 4111 emersurum
1298 4056 1440 4111 inter
1463 4056 1753 4111 monachos
1778 4056 1862 4111 Gv
1955 4054 2273 4124 praeuidens
2292 4058 2345 4109 A
2447 4057 2510 4110 19
2536 4053 2687 4107 festi·-

381 4149 482 4203 net
509 4146 672 4201 G¹H²
779 4149 847 4201 20
883 4144 1193 4200 thesalonic.
1225 4145 1346 4199 GH
1443 4144 1619 4213 primo
1658 4143 1874 4211 quidem
1910 4145 1975 4196 ut
2001 4142 2054 4197 G
2159 4145 2222 4198 21
2263 4140 2606 4195 infirmitates
2634 4142 2685 4195 A

379 4240 448 4289 ut
485 4234 600 4289 uid.
716 4235 784 4288 23
819 4232 1010 4287 loetale
1047 4232 1100 4287 L
1215 4231 1406 4285 leniori
1449 4232 1593 4285 G²H
1700 4233 1768 4285 24
1808 4228 2101 4283 delenitum
2144 4229 2245 4283 6¹.-
2288 4228 2561 4282 dilinitum
2600 4228 2685 4281 Η1

381 4320 678 4375 delinitum
712 4321 826 4375 rell.
943 4318 1153 4373 timoris
1203 4320 1276 4373 6¹¹
1383 4321 1452 4374 25
1489 4318 1789 4371 sustineant
1830 4319 1883 4372 A
1960 4318 2233 4369 susteneat
2275 4317 2359 4371 Ηι
2467 4314 2565 4383 ait]
2604 4314 2688 4367 in-

383 4408 510 4478 quit
545 4408 614 4463 H
647 4426 712 4463 m.
738 4412 776 4463 2
811 4424 876 4463 ex
911 4414 974 4460 ut
