3167 4975
206 1584 261 1622 10

204 2113 257 2153 15

196 3161 253 3201 25

928 444 1160 494 contra
1194 440 1571 494 Nestorium
1611 439 1718 493 lib.
1747 439 1811 504 V,
1847 442 1927 495 6-
1952 444 1998 495 ’7.
2483 440 2606 503 311

319 618 617 683 reuelatis
664 618 806 682 fidei
853 619 1047 682 oculis
1096 621 1298 683 totum
1344 619 1409 681 in
1456 616 1704 681 Christo
1750 618 2198 701 inexplicabilis
2262 618 2611 681 maiestatis

319 742 616 787 arcanum
660 726 749 788 ita
791 726 1036 788 locutus
1086 726 1201 803 est,
1260 724 1539 787 inuit-ans
1602 723 1680 787 ad
1739 723 2134 787 referendam
2179 724 2292 787 deo
2339 722 2612 805 gratiam

320 832 733 911 agnoscentes
779 828 1083 893 beneficia
1130 828 1228 891 dei
1284 830 1575 911 populos:
1639 830 1956 911 gratias,
2019 829 2237 910 inquit,
2299 830 2610 911 agentes

318 934 545 1016 patri,
607 934 729 1015 qui
776 934 1041 1016 dignos
1088 952 1220 997 nos
1268 933 1452 997 fecit
1499 933 1569 995 in
1615 937 1830 1014 parte
1892 936 2116 997 sortis
2179 935 2610 997 sanctorum

318 1038 392 1101 in
454 1038 763 1118 lumine,
826 1042 951 1120 qui
1011 1040 1287 1120 eripuit
1348 1057 1477 1101 nos
1538 1039 1624 1101 de
1684 1040 2065 1120 potestate
2127 1038 2608 1101 tenebrarum

320 1146 393 1206 et
437 1143 841 1207 transtulit
882 1144 956 1207 in
1016 1162 1325 1226 regnum
1374 1143 1524 1207 filii
1572 1143 2009 1207 dilectionis
2073 1161 2279 1221 suae,
2339 1142 2414 1205 in
2473 1161 2612 1223 quo

319 1247 675 1311 habemus
772 1248 1391 1329 redemptionem,
1493 1248 2014 1311 remissionem
2101 1251 2610 1328 peccatorum:

318 1353 440 1434 qui
488 1356 603 1416 est
646 1354 889 1436 imago
937 1353 1053 1416 dei
1096 1352 1544 1432 inuisibilis,
1606 1354 2156 1436 primogenitus
2213 1352 2612 1415 uniuersae

320 1459 736 1521 creaturae:
825 1458 997 1539 quia
1070 1458 1141 1520 in
1217 1458 1379 1540 ipso
1466 1458 1770 1521 condita
1854 1461 2028 1521 sunt
2110 1458 2469 1520 uniuersa
2540 1457 2612 1520 in

320 1562 551 1625 caelis
599 1564 670 1625 et
712 1563 786 1625 in
834 1564 1063 1641 terra,
1111 1562 1458 1626 uisibilia
1505 1566 1576 1625 et
1620 1562 2074 1641 inuisibilia,
2139 1562 2296 1625 siue
2343 1561 2611 1641 throni,

320 1669 479 1731 siue
525 1666 1107 1746 dominationeS,
1172 1668 1333 1731 sine
1380 1670 1828 1749 potestates:
1892 1668 2136 1730 omnia
2179 1686 2307 1749 per
2366 1669 2614 1749 ipsum

318 1775 392 1835 et
450 1774 523 1835 in
582 1772 741 1853 ipso
810 1774 1067 1835 creata
1136 1776 1337 1851 sunt,
1407 1776 1479 1836 et
1539 1774 1698 1855 ipse
1761 1776 1880 1836 est
1945 1776 2118 1836 ante
2188 1791 2470 1852 omneS,
2541 1775 2615 1836 et

317 1878 565 1941 omnia
623 1878 695 1939 in
755 1877 917 1957 ipso
985 1880 1351 1941 constant.
1450 1880 1521 1941 et
1580 1878 1742 1959 ipse
1813 1880 1928 1941 est
1993 1880 2216 1959 caput
2282 1878 2612 1959 corporis

318 1982 717 2060 ecclesiae,
780 1981 903 2063 qui
964 1984 1081 2045 est
1124 1984 1612 2065 principium,
1675 1965 2226 2065 primogenitus
2289 2002 2367 2045 ex
2431 2000 2614 2045 mor-

319 2088 497 2166 tuiS,
544 2088 624 2149 ut
669 2086 770 2149 sit
813 2088 885 2149 in
933 2086 1275 2150 omnibus
1323 2088 1483 2170 ipse
1528 2087 1936 2168 primatum
1983 2090 2274 2150 tenens:
2321 2087 2496 2167 quia
2541 2088 2612 2151 in

319 2192 478 2272 ipso
526 2191 966 2271 conplacuit
1010 2210 1297 2255 omnem
1344 2192 1896 2275 plenitudinem
1943 2192 2323 2271 habitare,
2372 2195 2443 2255 et
2487 2212 2614 2275 per

318 2298 559 2378 ipsum
626 2296 1121 2360 reconciliare
1191 2298 1439 2361 omnia
1507 2297 1582 2360 in
1651 2298 1921 2379 ipsum,
1997 2297 2412 2380 pacificans
2488 2316 2614 2379 per

318 2400 763 2482 sanguinem
809 2401 1053 2463 crucis
1102 2402 1288 2481 eiuS,
1352 2402 1513 2465 siue
1560 2420 1748 2483 quae
1793 2401 1870 2465 in
1931 2402 2164 2465 caelis
2221 2402 2381 2465 siue
2428 2420 2614 2485 quae

316 2507 395 2569 in
459 2505 683 2570 terris
748 2509 937 2570 sunt.
1017 2507 1325 2588 numquid
1388 2511 1452 2572 et
1496 2507 1616 2571 hoc
1671 2507 1881 2590 aliqua
1927 2509 2458 2590 interpretationis
2507 2508 2614 2572 ad·
2663 2516 2698 2570 3

316 2611 581 2674 iectione
624 2611 883 2694 indiget,
949 2629 1094 2674 cum
1149 2615 1282 2675 tam
1328 2613 1576 2695 copiose
1626 2616 1691 2676 et
1737 2613 2056 2676 euidenter
2104 2631 2464 2695 expressum
2513 2615 2614 2694 sit,

314 2719 389 2780 ut
436 2716 499 2778 in
547 2735 613 2778 se
654 2733 780 2780 non
814 2716 1017 2779 solum
1049 2735 1261 2779 rerum
1306 2717 1517 2798 fidem,
1566 2717 1678 2780 sed
1711 2718 1902 2781 etiam
1936 2716 2338 2800 expositionis
2384 2717 2617 2782 habeat

315 2820 714 2884 claritatem?
773 2821 1007 2904 gratias
1055 2821 1223 2884 enim
1270 2839 1455 2905 agere
1502 2840 1615 2886 nos
1663 2822 1826 2905 patri
1871 2822 2065 2902 iubet,
2121 2841 2355 2904 magna
2399 2823 2614 2904 utique

315 2943 507 2988 causa
553 2924 832 3007 agendae
878 2925 1117 3008 gratiae
1165 2925 1425 3006 adiecta,
1477 2926 1626 3008 quia
1674 2926 1893 3009 dignos
1941 2944 2053 2990 nos
2101 2926 2321 2990 fecerit
2365 2929 2428 2989 in
2472 2945 2615 3008 por-

314 3031 484 3092 tione
518 3033 879 3094 sanctorum
912 3034 974 3094 et
1006 3034 1253 3112 ereptos
1297 3031 1371 3094 de
1416 3034 1726 3113 potestate
1774 3031 2180 3095 tenebrarum
2228 3033 2618 3097 transtulerit

323 3135 389 3197 in
420 3154 685 3217 regnum
734 3134 845 3199 filii
876 3135 1225 3200 dilectionis
1268 3155 1437 3216 suae,
1484 3137 1549 3200 in
1595 3156 1717 3218 quo
1763 3137 2068 3200 habemus
2100 3136 2614 3219 redemptionem,

314 3240 753 3303 remissionem
801 3243 1221 3323 peccatorum,
1282 3241 1387 3323 qui
1444 3243 1527 3305 sit
1572 3242 1780 3324 imago
1829 3242 1926 3305 dei
1971 3241 2322 3322 inuisibiIiS,
2383 3243 2615 3323 primo-

312 3345 565 3427 genitus
611 3345 939 3409 uniuersae
986 3349 1327 3426 creaturae,
1390 3349 1536 3428 quia
1591 3347 1655 3409 in
1701 3347 1835 3428 ipso
1882 3365 1954 3410 ac
1999 3366 2110 3428 per
2154 3347 2359 3428 ipsum
2409 3350 2618 3410 ereata

302 3450 445 3512 -sint
490 3451 718 3529 omnia,
767 3468 1035 3530 quorum
1080 3452 1296 3532 utique
1344 3452 1505 3515 sicut
1550 3451 1750 3515 factor
1795 3452 1952 3534 ipse,
2012 3453 2102 3516 ita
2148 3452 2339 3515 etiam
2386 3452 2615 3535 guber-

310 3557 495 3618 nator
543 3554 641 3617 sit.
722 3555 975 3636 etquid
1020 3556 1406 3636 posthaec?
1468 3557 1628 3637 ipse
1693 3559 1836 3638 est,
1899 3556 2123 3638 inquit,
2185 3561 2408 3638 caput
2467 3575 2615 3621 cor-

523 3734 581 3804 3]
620 3734 729 3790 001.
763 3738 1059 3800 1,12-20.

406 3888 432 3941 1
472 3882 798 3954 explicabilis
824 3903 868 3954 p
976 3888 1009 3940 2
1048 3885 1341 3938 archanum
1370 3885 1540 3955 NMp
1649 3888 1680 3940 3
1717 3885 1944 3954 populus
1980 3887 2066 3940 N1
2171 3889 2206 3941 4
2241 3886 2382 3954 patri
2421 3904 2521 3942 om.
2550 3889 2626 3941 M

310 3973 371 4026 in
416 3971 590 4041 parte]
638 3973 881 4040 portione
920 3973 1020 4029 Mv
1136 3976 1166 4027 7
1214 3975 1269 4026 et
1313 3972 1679 4025 remissionem
1719 3974 1794 4027 M
1943 3973 2328 4027 redemtionem
2365 3990 2460 4042 per
2495 3991 2614 4026 san—

310 4060 533 4128 guinem
571 4059 751 4128 ipsius,
798 4060 1169 4114 remissionem
1204 4078 1237 4116 v
1346 4063 1407 4115 12
1451 4059 1563 4128 ipse
1601 4061 1682 4112 est
1718 4062 1842 4113 ante
1883 4077 2066 4113 omnes
2103 4063 2158 4114 et
2193 4060 2374 4114 omnia
2409 4079 2510 4116 om.
2549 4063 2624 4115 M

313 4149 379 4202 17
420 4146 753 4200 reconciliari
790 4149 889 4216 ΝΡ
1004 4147 1060 4200 in
1098 4147 1300 4216 ipsum]
1338 4150 1392 4200 et
1428 4147 1486 4200 in
1524 4147 1639 4215 ipso
1677 4149 1753 4201 M
1865 4147 2143 4215 pacificare
2181 4149 2254 4202 M
2370 4151 2437 4202 20
2475 4149 2613 4217 tam]

308 4234 389 4287 ita
438 4234 538 4289 Μυ
678 4237 745 4289 23
790 4251 979 4288 causae
1024 4236 1089 4289 N
1228 4235 1355 4287 fecit
1402 4235 1501 4304 ΝΡ
1646 4234 1703 4287 in
1748 4253 1847 4289 om.
1901 4236 1998 4290 Mo
2139 4237 2206 4289 24
2255 4235 2535 4289 transtulit
2571 4255 2613 4305 p

309 4323 379 4377 25
425 4319 717 4374 habeamus
762 4341 795 4378 v
951 4325 1020 4376 26
1066 4325 1118 4375 et
1164 4321 1531 4375 remissionem
1576 4340 1608 4376 v
1769 4324 1836 4377 28
1886 4325 2014 4376 sunt
2059 4325 2133 4376 M
2275 4323 2354 4375 ita
2398 4341 2499 4377 om.
2546 4325 2621 4378 M

311 4411 381 4464 29
421 4406 595 4476 capud
624 4426 667 4478 p
