3167 4975
526 447 610 512 62
1341 445 1658 500 Iohannis
1706 443 2005 500 Cassiani

528 626 712 687 tuum
746 623 1044 704 tenditur,
1078 621 1382 687 obeuntes
1413 621 1671 686 fistucas
1706 625 1926 687 tenues
1960 640 2032 686 ac
2063 621 2364 705 spinulaS,
2400 640 2554 704 quas
2584 625 2817 687 uentus

529 727 653 790 huc
697 727 970 809 illucque
1018 728 1419 810 disperserat,
1469 745 1578 790 suo
1628 727 1771 791 sinu
1818 731 1883 791 et
1926 727 2183 811 gremiis
2230 727 2599 810 colligentes
2631 746 2819 792 cunc—

527 835 662 895 tam
709 831 1202 896 sollemnitatem
1249 832 1533 896 ciborum
1579 832 1944 915 spontaneis
1992 831 2310 914 obsequiis
2352 837 2818 915 praepararent,

527 935 618 1000 ita
678 939 750 1000 ut
809 937 884 1000 de
947 936 1133 1000 solita
1193 936 1581 1020 praebitione
1644 936 1803 1001 nihil
1864 940 2229 1020 paterentur
2288 937 2577 1018 inminui,
2639 941 2819 1002 tanta

527 1039 648 1104 fide
694 1041 850 1104 haec
898 1060 1012 1105 sua
1057 1042 1276 1105 munia
1319 1040 1622 1105 frat-ribus
1670 1041 2057 1121 exhibentes,
2120 1045 2190 1104 ut
2248 1041 2439 1105 etiam
2486 1060 2631 1106 cum
2674 1042 2816 1106 illos

526 1145 790 1211 honeste
835 1149 1051 1229 posset
1093 1147 1197 1209 uel
1243 1146 1560 1230 lignorum
1608 1164 1901 1210 excusare
1948 1145 2209 1228 penuria
2254 1147 2356 1210 uel
2404 1144 2651 1210 abbatis
2698 1147 2818 1210 im-

527 1251 792 1333 perium,
862 1269 973 1333 pro
1035 1251 1246 1314 fructu
1308 1269 1418 1315 suo
1489 1255 1680 1333 atque
1742 1251 2028 1314 mercede
2090 1250 2405 1314 noluerint
2462 1250 2581 1315 hac
2642 1250 2819 1316 abuti

528 1355 801 1420 licentia.

611 1459 818 1524 XXII.
879 1460 1055 1524 Haec
1102 1460 1273 1524 dicta
1317 1459 1447 1524 sint
1495 1461 1840 1524 secundum
1902 1463 2123 1543 typum
2170 1463 2241 1524 ut
2284 1459 2553 1542 praefati
2599 1479 2817 1524 sumus

526 1564 720 1628 totius
785 1563 1090 1644 OrientiS,
1159 1582 1347 1646 quem
1417 1565 1611 1628 etiam
1676 1565 1743 1628 iu
1809 1564 2096 1647 partibus
2166 1565 2399 1628 nostris
2467 1565 2817 1628 necessario

527 1668 796 1732 dicimus
845 1667 1070 1732 debere
1117 1669 1373 1733 seruari.
1452 1673 1733 1733 ceterum
1782 1669 1947 1752 apud
1990 1667 2360 1753 Aegyptios,
2408 1669 2637 1750 quibus
2684 1687 2819 1733 ma-

527 1773 697 1836 xima
725 1791 876 1836 cura
917 1775 1014 1836 est
1059 1774 1284 1856 operiS,
1333 1790 1458 1838 non
1505 1777 1603 1838 est
1650 1773 2143 1837 ebdomadarum
2176 1777 2397 1838 mutua
2426 1773 2817 1854 uicissitud0,

527 1896 606 1940 ne
669 1876 784 1940 sub
847 1877 1173 1942 occasione
1233 1878 1423 1943 huius
1471 1878 1662 1942 officii
1708 1896 1926 1942 omnes
1974 1877 2051 1942 ab
2108 1878 2313 1961 operis
2361 1895 2597 1944 canone
2643 1879 2819 1961 inpe-

527 1982 808 2061 diantur,
880 1983 988 2045 sed
1048 1982 1159 2046 uni
1219 1982 1665 2065 probatissimo
1726 1983 1995 2046 fratrum
2056 1983 2293 2047 cellarii
2354 1984 2455 2046 uel
2516 1983 2818 2066 coquinae

527 2104 678 2150 cura
737 2087 1174 2167 committitur,
1237 2087 1345 2170 qui
1403 2091 1727 2170 perpetuo,
1790 2088 1986 2152 donec
2045 2088 2248 2151 uirtus
2296 2088 2430 2152 eius
2476 2089 2580 2152 uel
2642 2091 2816 2153 aetas

528 2191 826 2272 admittit,
873 2192 1105 2276 iugiter
1151 2209 1306 2275 opus
1353 2192 1524 2256 istud
1571 2196 1872 2256 exerceat.
1938 2209 2062 2258 non
2112 2193 2280 2256 enim
2328 2211 2559 2278 magno
2604 2193 2816 2258 labore

527 2296 799 2379 corporis
862 2296 1184 2379 fatigatur,
1246 2297 1396 2378 quia
1440 2315 1556 2360 nec
1617 2300 1795 2361 tanta
1842 2315 1993 2362 cura
2035 2298 2199 2361 inter
2246 2317 2350 2361 eos
2396 2299 2816 2381 parandorum

527 2399 811 2464 ciborum
856 2401 960 2464 uel
1007 2401 1306 2466 coctionis
1353 2402 1734 2486 inpenditur,
1781 2403 2011 2488 quippe
2043 2403 2149 2484 qui
2180 2403 2451 2466 maxime
2484 2403 2815 2488 xerofagiis

525 2506 627 2570 uel
690 2506 1021 2591 omofagiis
1069 2510 1333 2571 utuntur
1381 2510 1444 2571 et
1505 2508 1671 2591 apud
1732 2526 1886 2589 quos
1934 2511 2107 2572 secta
2162 2508 2427 2592 singulis
2490 2508 2815 2572 mensibus

524 2628 849 2693 porrorum
896 2612 1066 2691 folia,
1128 2611 1432 2693 labsania,
1497 2613 1593 2676 sal
1636 2612 1913 2693 frictum,
1976 2612 2200 2693 oliuae,
2253 2613 2541 2696 pisciculi
2586 2612 2816 2678 minuti

528 2716 742 2795 salliti,
791 2734 947 2797 quos
993 2716 1087 2780 illi
1133 2717 1572 2782 maenomenia
1618 2720 1868 2799 uocant,
1916 2736 2169 2781 summa
2212 2718 2505 2800 uoluptas
2554 2720 2667 2781 est.

613 2820 852 2885 XXHI.
917 2821 1000 2885 Et
1058 2822 1357 2903 quoniam
1416 2822 1520 2885 hic
1581 2820 1741 2885 liber
1802 2823 1879 2885 de
1925 2821 2323 2887 institutione
2372 2826 2469 2886 est
2515 2822 2647 2886 eius
2709 2821 2816 2904 qui

525 2924 851 2989 renuntiat
895 2925 1042 2989 huic
1086 2926 1341 3006 mundo,
1388 2945 1499 3009 per
1529 2944 1721 3007 quam
1753 2926 1995 2991 scilicet
2024 2926 2417 2991 introductus
2452 2926 2529 2990 ad
2560 2926 2816 2990 humili-

528 3033 723 3094 tatem
769 3047 986 3093 ueram
1033 3034 1095 3094 et
1140 3029 1601 3094 oboedientiam
1645 3032 1993 3114 perfectam
2032 3034 2382 3095 ceterarum
2413 3048 2658 3113 quoque
2690 3031 2815 3093 uir-

529 3137 739 3199 tutum
801 3134 1080 3199 culmina
1139 3134 1340 3217 possit
1399 3136 1759 3217 ascendere,
1823 3136 2251 3201 necessarium
2309 3154 2447 3201 reor
2504 3136 2815 3217 quaedam

527 3238 843 3303 seniorum
902 3242 1103 3323 gesta,
1165 3237 1393 3320 quibus
1455 3259 1565 3324 per
1625 3241 1788 3305 hanc
1836 3240 2115 3304 enituere
2160 3241 2485 3321 uirtutem,
2548 3240 2815 3322 exempli

616 3449 641 3502 1
681 3446 934 3501 abeuntes
971 3446 1041 3501 H
1173 3445 1374 3500 fisticas
1410 3446 1493 3501 Η1
1567 3446 1799 3501 festucas
1851 3448 2069 3503 G²H²L
2208 3449 2389 3518 spinas
2425 3450 2478 3505 L
2618 3452 2652 3504 2
2697 3438 2815 3517 gre-

527 3534 668 3587 mius
709 3534 782 3589 G¹
857 3533 1052 3603 gremis
1089 3534 1174 3588 ΗἹ
1282 3536 1315 3589 3
1353 3532 1611 3602 cyborum
1648 3534 1724 3588 L¹
1830 3539 1861 3591 5
1900 3552 2122 3590 munera
2158 3538 2227 3591 H
2336 3540 2390 3590 ct
2429 3536 2502 3591 θ’
2627 3539 2659 3591 6
2694 3552 2814 3605 pos-

524 3620 596 3674 sit
630 3622 770 3675 11²1]
899 3636 1145 3674 excurare
1187 3620 1260 3676 61
1331 3622 1597 3675 excussari
1635 3622 1718 3676 Η1
1850 3626 1880 3677 ’7
1928 3640 2025 3677 suo
2060 3624 2242 3677 fructu
2285 3624 2402 3679 HL
2531 3622 2701 3691 adque
2737 3623 2811 3677 L¹

523 3712 556 3763 9
606 3708 733 3762 XVI
778 3726 844 3764 ex
888 3707 1106 3761 XVIIII
1150 3708 1220 3763 H
1387 3708 1566 3779 tipum
1612 3711 1681 3764 H
1853 3713 1913 3766 11
1974 3710 2162 3765 debere
2218 3711 2421 3765 seruari
2467 3710 2717 3764 docemus
2760 3712 2813 3764 L

529 3798 592 3851 13
630 3794 774 3849 offici
814 3797 895 3849 Η1
1025 3798 1090 3851 14
1127 3794 1308 3849 collari
1346 3796 1414 3851 H
1417 3799 1429 3832 ¹
1555 3798 1853 3866 quoquinae
1890 3798 1943 3853 L
2072 3801 2134 3853 15
2172 3798 2345 3851 uirtus
2387 3798 2529 3853 GH:
2566 3798 2704 3851 uires
2729 3798 2815 3852 Lv

527 3886 592 3938 16
630 3884 764 3937 istut
799 3884 852 3939 L
980 3886 1041 3939 17
1080 3884 1172 3952 qui
1209 3885 1282 3938 L¹
1390 3884 1554 3953 inter]
1596 3884 1737 3953 apud
1772 3886 1826 3939 L
1954 3887 2017 3941 18
2056 3884 2309 3953 cyborum
2347 3887 2422 3940 L¹
2530 3882 2813 3952 xerofagiis

528 3970 773 4025 GH'2L2:
816 3970 1106 4039 exerofagis
1145 3972 1226 4025 H¹
1299 3970 1562 4039 xerofagis
1598 3972 1675 4025 L¹
1786 3975 1848 4027 19
1886 3972 1995 4040 uel]
2035 3975 2087 4025 et
2112 3972 2165 4026 L
2270 3971 2592 4040 homofagiis
2621 3970 2814 4025 GIPL

522 4056 824 4126 homofagis
860 4058 944 4113 H¹
1051 4059 1119 4113 20
1156 4074 1438 4126 piu-rorum
1475 4058 1552 4112 L¹
1660 4056 1897 4111 labsania
1940 4058 2069 4113 GL:
2105 4057 2345 4127 lapsania
2378 4059 2446 4114 H
2544 4062 2609 4113 21
2650 4056 2813 4111 salliti

528 4144 684 4199 GL1:
707 4144 852 4197 saliti
875 4146 954 4199 L²
1024 4144 1208 4198 salsati
1235 4146 1304 4199 H
1403 4145 1770 4198 maenomenia.
1795 4144 2123 4213 (μαινομένια)
2147 4147 2373 4214 scripsi:
2408 4145 2733 4198 menominia
2762 4144 2814 4199 G

525 4230 846 4284 minuminia.
898 4232 967 4285 H
1039 4232 1364 4285 minomenia
1417 4234 1470 4287 L
1614 4248 1859 4300 sumpma
1922 4231 2228 4302 uolumptas
2276 4234 2351 4287 L¹
2424 4231 2673 4285 uoluntas
2729 4232 2813 4285 Η1

523 4319 590 4372 22
645 4318 852 4370 XXVII
897 4320 1047 4385 (sid)
1093 4320 1162 4373 H
1279 4322 1361 4371 cst
1413 4318 1524 4371 eius
1585 4319 1665 4373 θ.-
1719 4319 1831 4371 eius
1886 4322 1965 4372 est
2011 4321 2125 4373 HL
2248 4323 2317 4376 23
2354 4318 2689 4374 introductos
2740 4318 2813 4373 G¹

523 4406 590 4458 24
630 4407 958 4457 caeterarum
997 4406 1050 4460 L
1158 4406 1226 4460 25
1263 4408 1444 4475 posset
1478 4406 1554 4460 L¹

2874 1579 2927 1618 10

2871 2110 2922 2150 15

2868 2642 2922 2680 20
