3167 4975
735 562 972 617 Cassiani
1011 562 1174 617 uerba

399 678 594 753 atque
649 690 872 732 errore
927 667 1226 755 deceptus
1281 692 1492 755 accep-

399 772 728 836 tabiliora
788 773 900 836 deo
969 774 1302 857 sacrificia
1369 796 1494 837 sua

395 900 594 961 quam
687 878 1030 963 praecepti
1124 878 1493 943 Samuhelis

397 980 872 1045 oboedientiam
917 983 1254 1047 iudicauit
1305 994 1494 1068 atque

395 1108 480 1149 ea:
539 1086 670 1149 illa
729 1086 934 1173 ma9is
985 1097 1184 1173 parte
1229 1110 1494 1151 causam

397 1190 778 1277 offensionis
839 1192 1151 1270 incurrit,
1217 1214 1295 1255 ex
1361 1214 1492 1276 qua

399 1296 976 1381 repropitiandam
1011 1296 1143 1359 sibi
1190 1296 1492 1361 diuinam

393 1410 790 1485 sperauerat
819 1400 1235 1465 maiestatem.
1271 1402 1490 1479 huius,

397 1504 687 1588 inquam,
722 1504 1134 1569 discretionis
1163 1506 1489 1593 iynoratio

391 1606 622 1671 Achab
641 1632 848 1695 reyem
863 1610 1118 1673 Israhel
1127 1621 1277 1696 post
1295 1610 1490 1673 illum

391 1712 906 1777 sublimissimae
979 1715 1304 1777 uictoriae
1373 1716 1488 1779 tri-

395 1818 734 1903 umphum,
793 1819 908 1903 qui
969 1820 1028 1883 ei
1076 1818 1320 1904 fuerat
1384 1819 1491 1883 dei

382 1920 642 2005 fauore
733 1944 1090 2001 concessus,
1191 1924 1488 2010 conpulit

395 2025 658 2090 crede-re
721 2026 1046 2090 melio-rem
1114 2050 1243 2091 esse
1309 2030 1486 2093 mise-

397 2130 761 2194 ricord-iam
813 2154 1002 2194 suam
1060 2154 1252 2217 quam
1315 2133 1487 2197 diui-

391 2236 471 2297 ni
516 2236 994 2300 seue-rissimam
1025 2238 1489 2302 consecutionem

383 2340 732 2425 praecept-i
811 2350 871 2404 et
951 2341 1487 2427 quemadmodum

395 2444 538 2530 ipsi
597 2444 956 2509 uidebatur
1013 2446 1304 2512 crudelis
1373 2448 1486 2512 im·-

385 2571 594 2634 pem-i.

485 2759 660 2824 Conl.
695 2761 778 2840 Π,
812 2760 918 2842 26,
951 2760 1020 2825 4:
1063 2759 1338 2824 Talibus
1370 2783 1484 2824 nos

390 2871 659 2926 sanctus
721 2864 974 2951 [Moyses
1033 2868 1320 2951 yeminae
1394 2867 1484 2930 in-

389 2967 760 3031 stitutionis
835 2969 1051 3055 epulis
1125 2972 1483 3058 sayinauit,

393 3093 524 3133 non
583 3072 795 3135 solum
863 3073 1276 3138 discret-ionis
1338 3100 1484 3163 yra-

393 3177 558 3239 tiam
640 3187 830 3261 atque
905 3179 1223 3242 uirtutem
1289 3201 1484 3266 prae-

387 3281 562 3343 senti
585 3281 956 3346 eruditione
978 3282 1348 3362 uerborum,
1373 3285 1487 3349 sed

389 3385 592 3448 etiam
615 3385 1137 3450 abrenuntiandi
1169 3389 1486 3452 rationem

389 3499 452 3552 et
487 3489 978 3554 destinationem
991 3491 1314 3577 finemque
1328 3516 1483 3578 pro-

381 3593 600 3679 positi
641 3605 792 3659 ante
837 3605 987 3659 acta
1035 3595 1484 3681 disputatione

389 3699 863 3777 demonstrans,
939 3711 1016 3763 ut
1089 3701 1262 3786 quod
1337 3711 1484 3765 ante

371 3801 664 3887 feruore
732 3813 984 3868 tantum
1048 3806 1334 3890 spir-itus
1406 3829 1483 3868 ac

386 3907 528 3971 zelo
591 3908 698 3971 dei
755 3907 956 3972 clusis
1016 3909 1482 3994 quodam-modo

385 4011 606 4076 oculis
665 4013 1097 4092 sectabamur,
1157 4013 1296 4077 luce
1353 4014 1480 4077 cla-

390 4117 544 4180 rius
592 4118 881 4202 aperiret
911 4117 1294 4204 faceretque
1347 4141 1480 4182 sen-

383 4225 526 4288 tire
569 4234 882 4308 quantum
927 4247 966 4286 a
1003 4225 1307 4309 puritate
1348 4245 1481 4285 cor-

383 4329 506 4392 dis
539 4337 598 4391 et
630 4327 1005 4392 directionis
1043 4327 1216 4391 linea
1233 4327 1481 4414 fuisse-

2308 397 2691 455 XXXVIIII

2122 562 2171 616 X

1602 669 1802 731 liuius
1864 668 2141 731 tenebris
2212 679 2401 752 atque
2472 692 2693 733 errore

1602 774 1901 859 deceptus
1977 772 2494 858 acceptabiliora
2579 774 2692 837 deo

1599 878 1931 961 sacrificia
1962 900 2089 940 sua
2110 900 2303 962 quam
2328 900 2479 964 crya
2494 901 2691 963 prae-

1601 992 1853 1069 ceptum
1876 980 2201 1045 Samuelis
2226 982 2691 1045 bboedientiam

1600 1086 1885 1151 credidit
1932 1086 2321 1164 iudicanda,
2354 1109 2516 1171 quae
2547 1109 2691 1151 eum

1600 1214 1679 1255 eac
1724 1191 1853 1255 illa
1906 1192 2113 1277 ma9is
2152 1201 2351 1275 parte
2398 1190 2690 1278 offensio-

1598 1320 1739 1361 nem
1816 1296 2160 1359 incurrere
2220 1294 2408 1381 fecer
2470 1298 2567 1379 (er
2625 1298 2687 1361 in

1598 1404 1773 1487 ras),
1820 1424 1897 1465 ex
1942 1424 2073 1487 qua
2114 1399 2691 1487 repropitiandam

1598 1506 1728 1569 sibi
1776 1506 2081 1569 diuinam
2124 1514 2515 1591 sperauerat
2559 1526 2687 1567 ma-

1601 1612 1904 1674 iestatem.
1954 1612 2175 1689 huius,
2224 1610 2510 1695 inquam,
2561 1608 2689 1672 dis-

1598 1715 1902 1778 cret-ionis
1950 1716 2277 1801 ignoratio
2326 1711 2547 1776 Achab
2596 1736 2687 1777 re·

1596 1832 1731 1905 qem
1800 1819 1929 1883 isrl
1996 1829 2149 1905 post
2216 1817 2409 1881 illius
2484 1815 2687 1880 subli-

1596 1923 1871 1987 missimi
1932 1922 2258 2008 triumphi
2312 1923 2685 1999 uictoriam,

1597 2029 1712 2113 qui
1758 2029 1817 2091 ei
1834 2027 2078 2114 fuerat
2112 2027 2219 2091 dei
2248 2025 2503 2111 fauore
2548 2048 2685 2089 con-

1594 2154 1826 2211 cessus,
1882 2131 2139 2196 credere
2184 2130 2527 2216 persuasit
2570 2152 2685 2195 me—

1598 2236 1827 2300 lio-rem
1867 2258 1997 2300 esse
2032 2235 2554 2299 misericordia-m
2582 2258 2684 2299 su-

1596 2364 1701 2403 am
1745 2364 1939 2425 quam
1992 2339 2459 2405 exsecutionem
2516 2362 2685 2405 seue-

1594 2446 1849 2510 rissimi
1894 2445 2229 2532 praecepti
2274 2454 2333 2508 et
2387 2446 2684 2531 quemad-

1594 2550 1853 2614 modum
1919 2549 2050 2614 sibi
2116 2548 2475 2613 uidebatur
2541 2573 2685 2614 cru-

1596 2655 1761 2718 delis
1808 2654 2097 2741 imperii.

1690 2759 1961 2824 Talibus
2006 2781 2121 2824 nos
2170 2759 2391 2822 beatus
2434 2759 2684 2845 Illoyses

1594 2863 1816 2928 uerbis
1907 2863 2215 2928 erudiens
2300 2865 2416 2927 hoc
2498 2862 2683 2926 nobis

1583 2970 1987 3055 precipuum
2070 2969 2324 3056 gemina
2424 2968 2681 3030 institu-

1594 3073 1765 3136 tione
1820 3072 2117 3151 contulit,
2172 3083 2247 3136 ut
2300 3095 2429 3135 non
2474 3071 2684 3136 solum

1594 3177 2004 3241 discretionis
2058 3177 2377 3241 uirtutem
2423 3187 2480 3240 et
2531 3201 2682 3264 qra-

1592 3283 1771 3360 tiam,
1832 3281 1945 3345 sed
2002 3281 2219 3367 ipsius
2276 3304 2521 3366 quoque
2576 3281 2680 3344 ab·

1592 3386 2106 3451 renuntiat-ionis
2128 3387 2466 3464 rationem,
2488 3409 2682 3470 quam

1579 3491 1850 3577 penitus
1869 3491 2238 3576 iyno-rantes
2246 3489 2529 3576 feruore
2542 3500 2679 3553 tan-

1594 3595 1911 3658 tummodo
1950 3595 2238 3680 spiritus
2282 3593 2397 3656 5272:
2428 3617 2505 3658 ac
2548 3594 2680 3658 zelo

1592 3699 1697 3764 dei
1726 3699 2103 3784 arripuisse
2133 3697 2550 3776 uidebamur,
2586 3699 2680 3760 in-

1588 3804 1899 3890 cipientes
1966 3825 2304 3890 agnoscere
2381 3803 2679 3888 deinceps

1590 3907 2118 3994 intelleyeremus,
2152 3917 2466 3992 quantum
2496 3930 2538 3969 a
2551 3930 2678 3993 pu·

1590 4013 1787 4075 ritate
1832 4012 2048 4074 cordis
2096 4023 2154 4074 et
2188 4012 2567 4074 directionis
2604 4011 2677 4075 li-

1588 4139 1711 4180 nea
1743 4115 2112 4201 fuissemus
2160 4115 2232 4178 in
2264 4115 2337 4178 id
2369 4117 2675 4200 temporis

1589 4222 1929 4297 euacuati,
1994 4220 2229 4304 absque
2288 4219 2439 4282 ulla
2500 4219 2675 4282 dum-

1590 4335 1779 4390 taxat
1856 4325 2287 4388 destinatione
2364 4324 2471 4388 uel
2536 4324 2677 4407 fine
