3167 4975
541 431 666 498 176
1346 433 1663 488 Iohannis
1710 433 2015 488 Cassiani

623 607 739 672 III.
773 607 1001 691 Agitur
1039 609 1244 690 itaque
1289 609 1500 674 infelix
1548 611 1761 674 anima
1804 609 2035 674 talibus
2082 609 2471 672 inimicorum
2520 607 2825 670 machinis

536 713 816 794 inpetita‚
873 713 1065 777 donec
1113 713 1360 777 acediae
1407 715 1627 794 spiritu
1674 715 1849 778 uelut
1895 716 2087 778 ariete
2135 713 2519 777 ualidissimo
2567 712 2829 795 fatigata

537 823 646 882 aut
690 818 752 880 in
800 835 1089 882 somnum
1138 818 1336 882 discat
1381 820 1703 882 concidere
1753 823 1860 883 aut
1906 836 2165 882 excussa
2217 819 2505 881 claustris
2566 817 2829 881 cellulae

538 940 686 986 suae
734 924 1218 987 consolationem
1267 924 1732 1006 inpugnationis
1777 924 1961 987 huius
2009 925 2361 986 uisitatione
2410 921 2617 985 fratris
2680 939 2827 984 con-

537 1031 784 1090 suescat
843 1026 1184 1108 adquirere,
1246 1027 1364 1092 hoc
1427 1046 1544 1109 quo
1606 1029 1801 1092 utitur
1856 1027 1933 1092 ad
1978 1046 2277 1108 praesens
2322 1026 2597 1089 remedio
2641 1026 2828 1106 paulo
2912 1049 2937 1086 5

535 1137 678 1212 post
721 1133 922 1196 acrius
970 1131 1359 1196 infirmanda.
1438 1132 1823 1214 frequentius
1872 1134 2039 1196 enim
2087 1131 2480 1195 aduersarius
2526 1149 2599 1193 ac
2638 1131 2831 1193 dirius

535 1235 970 1318 adtemptabit,
1019 1255 1202 1317 quem
1251 1241 1536 1300 conserto
1581 1237 1817 1318 proelio
1862 1235 2290 1319 praebiturum
2330 1235 2681 1299 comminus
2712 1233 2831 1297 sibi

537 1344 716 1424 terga
759 1343 1077 1424 cognoscit
1121 1343 1512 1424 salutemque
1559 1341 1678 1406 sibi
1731 1361 1855 1407 non
1918 1342 1992 1406 de
2054 1343 2313 1406 uictoria
2374 1361 2485 1404 nec
2548 1340 2624 1404 de
2684 1359 2831 1404 con-

535 1444 727 1525 flictu,
783 1447 894 1510 sed
937 1446 1014 1509 de
1059 1445 1210 1529 fuga
1255 1465 1505 1528 sperare
1550 1448 1855 1528 per-uidet,
1905 1447 2101 1510 donec
2140 1447 2443 1528 paulatim
2477 1447 2829 1526 protractus

537 1569 570 1612 e
615 1550 775 1614 cella
819 1553 995 1614 actus
1043 1569 1192 1614 suae
1236 1551 1639 1631 professionis
1700 1553 1953 1633 incipiat
2013 1549 2315 1629 obliuisci,
2380 1551 2481 1631 qui
2544 1567 2668 1612 non
2732 1551 2829 1611 est
2890 1572 2940 1608 ιο

537 1655 693 1718 alius
741 1673 926 1736 quam
975 1655 1236 1719 intuitus
1285 1658 1348 1718 et
1391 1657 1835 1737 contemplatio
1882 1656 2127 1719 diuinae
2175 1655 2339 1719 illius
2374 1658 2438 1718 et
2468 1653 2828 1718 excellentis

538 1777 722 1840 super
770 1760 979 1822 omnia
1023 1761 1331 1841 puritatiS,
1389 1777 1544 1841 quae
1592 1778 1715 1823 non
1762 1760 1908 1824 alibi
1952 1763 2157 1840 potest
2204 1761 2321 1823 nisi
2368 1759 2429 1821 in
2478 1759 2723 1821 silentio
2768 1761 2829 1821 et

537 1864 662 1945 iugi
731 1862 924 1926 cellae
992 1865 1456 1944 perseuerantia
1522 1882 1597 1928 ac
1658 1865 2062 1928 meditatione
2124 1863 2421 1945 conquifi,
2492 1867 2676 1945 atque
2744 1861 2831 1925 ita

537 1968 792 2032 militiae
857 1986 1004 2031 suae
1051 1967 1352 2050 fugitiuus
1415 1987 1486 2032 ac
1551 1969 1831 2032 desertor
1876 1969 2105 2032 Christi
2166 1969 2345 2032 miles
2408 1967 2665 2030 effectus
2728 1967 2830 2029 in-

535 2073 768 2154 plicet
820 2091 895 2135 se
943 2072 1270 2154 negotiis
1318 2072 1868 2152 saecularibuS,
1924 2074 1987 2136 ei
2033 2074 2149 2136 cui
2196 2091 2271 2136 se
2316 2071 2667 2154 probauit
2712 2071 2829 2134 mi·
2892 2102 2943 2140 15

537 2177 705 2240 nime
749 2176 1106 2257 placiturus.

623 2279 770 2344 lIII.
819 2280 1022 2344 Huius
1069 2281 1472 2364 aegritudinis
1526 2282 1825 2345 uniuersa
1888 2281 2279 2345 incommoda
2337 2297 2461 2344 uno
2520 2277 2829 2343 uersiculo

535 2383 758 2449 beatus
791 2385 994 2449 Dauid
1028 2386 1346 2470 eleganter
1377 2387 1683 2468 expressit
1719 2385 2186 2467 dormitauit,
2234 2386 2538 2468 inquiens,
2585 2384 2829 2448 anima

537 2508 696 2555 mea
739 2509 917 2572 prae
964 2491 1238 2571 taedio,
1285 2490 1346 2554 id
1387 2496 1486 2556 est
1514 2509 1664 2572 prae
1698 2490 1926 2555 acedia.
1987 2491 2232 2573 proprie
2264 2491 2416 2555 satis
2448 2508 2573 2555 non
2604 2506 2827 2571 corpus

537 2595 706 2675 dixit,
753 2596 862 2659 sed
909 2596 1184 2659 animam
1230 2595 1619 2660 dormitasse.
1696 2616 1843 2660 uere
1890 2598 2055 2659 enim
2105 2595 2182 2659 ab
2230 2596 2398 2659 omni
2444 2595 2829 2676 contempla·
2888 2628 2947 2665 20

537 2701 702 2763 tione
747 2700 1050 2765 uirtutum
1098 2704 1161 2764 et
1207 2702 1432 2765 intuitu
1479 2701 1849 2783 spiritalium
1897 2720 2197 2764 sensuum
2244 2699 2541 2765 dormitat
2592 2700 2827 2778 anima,

537 2822 692 2886 quae
738 2803 1221 2885 perturbationis
1268 2805 1452 2868 huius
1500 2805 1624 2869 tolo
1670 2806 1861 2869 fuerit
1908 2806 2201 2869 sauciata.

620 2909 697 2972 V.
729 2909 948 2990 Itaque
982 2907 1212 2973 Christi
1259 2928 1444 2973 uerus
1490 2910 1754 2989 athleta,
1802 2912 1901 2991 qui
1935 2928 2201 2993 agonem
2232 2910 2625 2991 perfectionis
2658 2911 2831 2989 cupit

533 3012 812 3095 legitime
875 3012 1210 3093 decertare,
1271 3014 1436 3077 hunc
1499 3032 1740 3096 quoque
1804 3013 2091 3077 morbum
2158 3014 2233 3077 de
2279 3012 2532 3076 latebris
2578 3014 2827 3077 animae

535 3134 683 3179 suae
715 3118 972 3180 festinet
1013 3117 1356 3198 extmdere,
1405 3120 1584 3183 etita
1614 3122 1831 3182 contra
1874 3118 2039 3182 hunc
2086 3136 2327 3199 quoque
2373 3118 2827 3199 nequissimum
2892 3150 2949 3188 21,

535 3220 782 3285 acediae
817 3221 1102 3303 spiritum
1135 3222 1464 3303 utrubique
1497 3221 1853 3302 contendat,
1900 3227 1971 3286 ut
2010 3240 2211 3303 neque
2244 3224 2447 3286 somni
2479 3222 2603 3285 telo
2636 3222 2827 3285 elisus

747 3375 834 3444 14]
873 3374 928 3428 ΙΙ
965 3374 1102 3429 Tim.
1129 3378 1179 3437 2,
1205 3380 1254 3431 4.
1378 3376 1464 3445 18]
1505 3376 1591 3431 Ps.
1626 3380 1739 3441 118,
1767 3380 1849 3433 28.

624 3518 648 3570 1
689 3512 776 3567 ΙΠ
814 3532 916 3569 om.
958 3516 1010 3569 G
1122 3514 1428 3583 iniquorum
1470 3516 1522 3571 G
1638 3519 1671 3571 2
1706 3515 1947 3586 inpedita
1977 3516 2089 3571 AT
2196 3516 2397 3570 acidiae
2438 3516 2512 3570 G²
2584 3514 2829 3569 accediae

532 3618 599 3656 ex
651 3600 882 3655 accidiae
939 3602 1009 3656 H
1086 3601 1254 3655 acidie
1309 3604 1362 3657 L
1503 3606 1537 3658 3
1592 3619 1863 3657 summum
1910 3605 1979 3658 H
2106 3603 2323 3657 cellolae
2369 3605 2451 3658 H¹
2594 3602 2725 3673 celle
2772 3604 2827 3657 L

531 3691 566 3742 4
603 3687 1000 3743 conluctation‘e
1033 3687 1414 3758 inpugnatione
1450 3691 1504 3745 L
1633 3690 1793 3744 huius
1828 3690 2133 3744 uisitatione
2170 3710 2271 3747 om.
2309 3684 2363 3746 L
2494 3694 2524 3745 5
2562 3689 2703 3758 quod
2740 3693 2827 3745 H¹

532 3791 740 3844 quoque
776 3777 829 3831 L
960 3778 993 3833 6
1029 3776 1178 3831 dirus
1219 3778 1290 3833 G¹
1363 3776 1549 3831 durius
1585 3778 1676 3832 11²
1802 3781 1832 3833 7
1871 3777 2196 3833 adtemtabit
2231 3781 2284 3833 A
2408 3794 2529 3831 cum
2567 3794 2723 3846 quem
2764 3780 2831 3833 Η

533 3866 779 3917 conserto
816 3863 892 3918 L¹
999 3866 1033 3921 8
1071 3866 1223 3933 terga
1255 3882 1357 3920 om.
1396 3866 1466 3919 H
1564 3867 1599 3921 9
1639 3863 1703 3919 de
1740 3882 1841 3920 om.
1869 3867 1921 3920 L
2028 3865 2266 3934 peruidit
2293 3866 2454 3921 G¹H²
2526 3865 2714 3935 §uidet
2750 3866 2831 3921 G²

532 3949 827 4019 pei-uiderit
851 3952 906 4007 L
1015 3956 1078 4009 10
1115 3952 1240 4005 actu
1268 3954 1315 4007 S
1429 3956 1488 4008 11
1518 3952 1985 4021 contemplationis
2010 3955 2086 4008 L¹
2182 3957 2237 4007 et
2274 3972 2375 4009 om.
2402 3955 2454 4008 L
2564 3956 2629 4009 12
2654 3954 2745 4021 qui
2772 3954 2827 4009 L

537 4040 601 4093 13
625 4038 1048 4105 perseuerantiae
1072 4040 1156 4094 11¹
1253 4038 1423 4107 adque
1442 4040 1512 4094 Η
1604 4042 1667 4096 15
1688 4037 1797 4108 cui]
1825 4040 1915 4107 qui
1937 4041 2046 4094 AL
2140 4040 2392 4109 probabit
2412 4041 2517 4095 GL
2617 4043 2679 4096 17
2706 4040 2825 4094 1111

532 4141 634 4179 om.
667 4124 721 4178 G
828 4127 893 4180 18
930 4124 1041 4178 d‘a'd
1076 4128 1131 4180 A
1239 4124 1499 4193 eliganter
1523 4128 1743 4181 AH¹L¹
1852 4127 2081 4195 expresit
2115 4128 2185 4182 Η
2282 4127 2489 4195 inquies
2524 4128 2596 4197 L,
2633 4144 2734 4182 om.
2763 4128 2836 4182 H

535 4213 600 4267 19
625 4210 839 4264 accedia
861 4214 932 4267 Η
995 4212 1168 4265 acidia
1191 4213 1244 4266 L
1350 4214 1414 4267 21
1445 4230 1603 4267 sensu
1629 4214 1699 4268 H
1796 4216 1865 4269 23
1889 4214 1937 4266 V
1962 4231 2062 4269 om.
2095 4214 2147 4269 G
2254 4214 2455 4268 antleta
2478 4215 2547 4269 H
2644 4218 2713 4269 25
2738 4230 2831 4267 ex-

533 4297 742 4351 trahere
782 4298 836 4352 G
977 4298 1364 4367 nequissimum
1401 4318 1501 4355 om.
1541 4302 1597 4355 A
1726 4302 1796 4356 26
1832 4300 2063 4354 accidiae
2101 4301 2168 4355 H
2234 4301 2435 4355 acidiae
2471 4302 2524 4355 L
2630 4300 2831 4355 uti-ibi-

531 4400 633 4453 que
673 4384 748 4439 G¹
819 4384 1100 4455 utrobique
1137 4387 1296 4442 LS²v
1366 4390 1428 4439 ut
1462 4386 1658 4455 ubique
1695 4388 1765 4442 H
1862 4386 2192 4441 contendant
2226 4390 2303 4443 L¹
