<?xml version="1.0" encoding="UTF-8"?>
<!DOCTYPE html PUBLIC "-//W3C//DTD XHTML 1.0 Transitional//EN"
    "http://www.w3.org/TR/xhtml1/DTD/xhtml1-transitional.dtd">
<html xmlns="http://www.w3.org/1999/xhtml" xml:lang="en" lang="en">
 <head>
  <title>
</title>
<meta http-equiv="Content-Type" content="text/html;charset=utf-8" />
  <meta name='ocr-system' content='tesseract 3.04.00' />
  <meta name='ocr-capabilities' content='ocr_page ocr_carea ocr_par ocr_line ocrx_word'/>
</head>
<body>
  <div class='ocr_page' id='page_1' title='image "./corpusscriptoru28wissgoog_0494.png"; bbox 0 0 3167 4975; ppageno 0'>
   <div class='ocr_carea' id='block_1_1' title="bbox 527 420 1993 486">
    <p class='ocr_par' dir='ltr' id='par_1_1' title="bbox 527 420 1993 486">
     <span class='ocr_line' id='line_1_1' title="bbox 527 420 1993 486; baseline -0.008 0"><span class='ocrx_word' id='word_1_1' title='bbox 527 421 657 486; x_wconf 80' lang='grc'>362</span> <span class='ocrx_word' id='word_1_2' title='bbox 1329 421 1648 475; x_wconf 79' lang='lat' dir='ltr'><strong>Iohannis</strong></span> <span class='ocrx_word' id='word_1_3' title='bbox 1696 420 1993 475; x_wconf 82' lang='lat' dir='ltr'>Cassiani</span> 
     </span>
    </p>
   </div>
   <div class='ocr_carea' id='block_1_2' title="bbox 521 597 2820 2567">
    <p class='ocr_par' dir='ltr' id='par_1_2' title="bbox 521 597 2820 2567">
     <span class='ocr_line' id='line_1_2' title="bbox 527 597 2820 681; baseline 0 -21"><span class='ocrx_word' id='word_1_4' title='bbox 527 597 719 661; x_wconf 90' lang='lat' dir='ltr'>obicis</span> <span class='ocrx_word' id='word_1_5' title='bbox 764 601 837 662; x_wconf 93' lang='lat' dir='ltr'>ut</span> <span class='ocrx_word' id='word_1_6' title='bbox 883 597 1199 681; x_wconf 88' lang='lat' dir='ltr'>religionis</span> <span class='ocrx_word' id='word_1_7' title='bbox 1240 597 1493 661; x_wconf 89' lang='lat' dir='ltr'>nomine</span> <span class='ocrx_word' id='word_1_8' title='bbox 1536 598 1879 678; x_wconf 82' lang='lat' dir='ltr'>mentiariS‚</span> <span class='ocrx_word' id='word_1_9' title='bbox 1927 601 2144 661; x_wconf 89' lang='lat' dir='ltr'>sancta</span> <span class='ocrx_word' id='word_1_10' title='bbox 2182 597 2532 679; x_wconf 78' lang='lat' dir='ltr'><strong>praemittis</strong></span> <span class='ocrx_word' id='word_1_11' title='bbox 2563 599 2636 660; x_wconf 87' lang='lat' dir='ltr'>ut</span> <span class='ocrx_word' id='word_1_12' title='bbox 2673 616 2820 680; x_wconf 87' lang='lat' dir='ltr'>per-</span> 
     </span>
     <span class='ocr_line' id='line_1_3' title="bbox 524 700 2816 785; baseline -0.001 -19"><span class='ocrx_word' id='word_1_13' title='bbox 524 721 709 766; x_wconf 87' lang='lat' dir='ltr'>uersa</span> <span class='ocrx_word' id='word_1_14' title='bbox 754 702 1017 766; x_wconf 78' lang='lat' dir='ltr'>suadeas</span> <span class='ocrx_word' id='word_1_15' title='bbox 1073 707 1135 766; x_wconf 89' lang='lat' dir='ltr'>et</span> <span class='ocrx_word' id='word_1_16' title='bbox 1190 701 1543 766; x_wconf 89' lang='lat' dir='ltr'>confitendo</span> <span class='ocrx_word' id='word_1_17' title='bbox 1602 702 1787 766; x_wconf 89' lang='lat' dir='ltr'>deum</span> <span class='ocrx_word' id='word_1_18' title='bbox 1843 702 1905 765; x_wconf 91' lang='lat' dir='ltr'>id</span> <span class='ocrx_word' id='word_1_19' title='bbox 1962 700 2220 782; x_wconf 77' lang='lat' dir='ltr'>efficiaS,</span> <span class='ocrx_word' id='word_1_20' title='bbox 2280 705 2353 765; x_wconf 91' lang='lat' dir='ltr'>ut</span> <span class='ocrx_word' id='word_1_21' title='bbox 2405 721 2552 766; x_wconf 86' lang='lat' dir='ltr'>eum</span> <span class='ocrx_word' id='word_1_22' title='bbox 2605 703 2816 785; x_wconf 88' lang='lat' dir='ltr'>ipsum</span> 
     </span>
     <span class='ocr_line' id='line_1_4' title="bbox 526 806 2818 889; baseline -0.001 -18"><span class='ocrx_word' id='word_1_23' title='bbox 526 825 719 888; x_wconf 81' lang='lat' dir='ltr'>neges</span> <span class='ocrx_word' id='word_1_24' title='bbox 782 826 967 888; x_wconf 90' lang='lat' dir='ltr'>quem</span> <span class='ocrx_word' id='word_1_25' title='bbox 1028 806 1359 872; x_wconf 71' lang='lat' dir='ltr'>confiteris</span> <span class='ocrx_word' id='word_1_26' title='bbox 1446 806 1588 889; x_wconf 88' lang='lat' dir='ltr'>quis</span> <span class='ocrx_word' id='word_1_27' title='bbox 1651 808 1819 870; x_wconf 90' lang='lat' dir='ltr'>enim</span> <span class='ocrx_word' id='word_1_28' title='bbox 1875 823 1999 870; x_wconf 91' lang='lat' dir='ltr'>non</span> <span class='ocrx_word' id='word_1_29' title='bbox 2063 806 2234 871; x_wconf 90' lang='lat' dir='ltr'>uidet</span> <span class='ocrx_word' id='word_1_30' title='bbox 2294 823 2415 888; x_wconf 88' lang='lat' dir='ltr'>quo</span> <span class='ocrx_word' id='word_1_31' title='bbox 2477 825 2605 887; x_wconf 90' lang='lat' dir='ltr'>eas,</span> <span class='ocrx_word' id='word_1_32' title='bbox 2666 806 2818 888; x_wconf 89' lang='lat' dir='ltr'>quid</span> 
     </span>
     <span class='ocr_line' id='line_1_5' title="bbox 526 910 2816 995; baseline -0.001 -20"><span class='ocrx_word' id='word_1_33' title='bbox 526 910 848 976; x_wconf 78' lang='lat' dir='ltr'>moliaris?</span> <span class='ocrx_word' id='word_1_34' title='bbox 910 911 1063 975; x_wconf 88' lang='lat' dir='ltr'>dicis</span> <span class='ocrx_word' id='word_1_35' title='bbox 1111 913 1369 995; x_wconf 89' lang='lat' dir='ltr'>quippe:</span> <span class='ocrx_word' id='word_1_36' title='bbox 1434 912 1678 976; x_wconf 89' lang='lat' dir='ltr'>doluit</span> <span class='ocrx_word' id='word_1_37' title='bbox 1725 913 1829 975; x_wconf 91' lang='lat' dir='ltr'>sic</span> <span class='ocrx_word' id='word_1_38' title='bbox 1875 929 2004 994; x_wconf 92' lang='lat' dir='ltr'>pro</span> <span class='ocrx_word' id='word_1_39' title='bbox 2051 910 2378 993; x_wconf 84' lang='lat' dir='ltr'>imagine</span> <span class='ocrx_word' id='word_1_40' title='bbox 2425 929 2558 975; x_wconf 89' lang='lat' dir='ltr'>sua</span> <span class='ocrx_word' id='word_1_41' title='bbox 2603 911 2816 991; x_wconf 79' lang='lat' dir='ltr'>deu3‚</span> 
     </span>
     <span class='ocr_line' id='line_1_6' title="bbox 526 1017 2819 1099; baseline 0 -21"><span class='ocrx_word' id='word_1_42' title='bbox 526 1017 724 1080; x_wconf 89' lang='lat' dir='ltr'>sicut</span> <span class='ocrx_word' id='word_1_43' title='bbox 768 1034 896 1099; x_wconf 88' lang='lat' dir='ltr'>pro</span> <span class='ocrx_word' id='word_1_44' title='bbox 944 1020 1193 1080; x_wconf 87' lang='lat' dir='ltr'>statua</span> <span class='ocrx_word' id='word_1_45' title='bbox 1238 1034 1369 1080; x_wconf 87' lang='lat' dir='ltr'>sua</span> <span class='ocrx_word' id='word_1_46' title='bbox 1413 1017 1853 1098; x_wconf 87' lang='lat' dir='ltr'>imperator,</span> <span class='ocrx_word' id='word_1_47' title='bbox 1910 1020 1984 1079; x_wconf 90' lang='lat' dir='ltr'>et</span> <span class='ocrx_word' id='word_1_48' title='bbox 2029 1020 2458 1097; x_wconf 81' lang='lat' dir='ltr'>corruptam</span> <span class='ocrx_word' id='word_1_49' title='bbox 2513 1019 2819 1098; x_wconf 87' lang='lat' dir='ltr'>reparat</span> 
     </span>
     <span class='ocr_line' id='line_1_7' title="bbox 524 1120 2817 1204; baseline -0 -20"><span class='ocrx_word' id='word_1_50' title='bbox 524 1121 953 1204; x_wconf 80' lang='lat' dir='ltr'>imaginem:</span> <span class='ocrx_word' id='word_1_51' title='bbox 1018 1125 1089 1184; x_wconf 91' lang='lat' dir='ltr'>et</span> <span class='ocrx_word' id='word_1_52' title='bbox 1150 1121 1311 1184; x_wconf 88' lang='lat' dir='ltr'>sine</span> <span class='ocrx_word' id='word_1_53' title='bbox 1370 1121 1654 1184; x_wconf 89' lang='lat' dir='ltr'>semine</span> <span class='ocrx_word' id='word_1_54' title='bbox 1709 1121 2068 1184; x_wconf 89' lang='lat' dir='ltr'>formauit</span> <span class='ocrx_word' id='word_1_55' title='bbox 2120 1121 2205 1184; x_wconf 86' lang='lat' dir='ltr'>de</span> <span class='ocrx_word' id='word_1_56' title='bbox 2261 1120 2556 1204; x_wconf 90' lang='lat' dir='ltr'>uirgine</span> <span class='ocrx_word' id='word_1_57' title='bbox 2603 1123 2817 1184; x_wconf 87' lang='lat' dir='ltr'>natu-</span> 
     </span>
     <span class='ocr_line' id='line_1_8' title="bbox 526 1223 2814 1307; baseline -0 -19"><span class='ocrx_word' id='word_1_58' title='bbox 526 1243 679 1288; x_wconf 88' lang='lat' dir='ltr'>ram</span> <span class='ocrx_word' id='word_1_59' title='bbox 727 1225 1133 1290; x_wconf 88' lang='lat' dir='ltr'>secundum</span> <span class='ocrx_word' id='word_1_60' title='bbox 1186 1225 1400 1289; x_wconf 90' lang='lat' dir='ltr'>illum</span> <span class='ocrx_word' id='word_1_61' title='bbox 1457 1225 1579 1307; x_wconf 90' lang='lat' dir='ltr'>qui</span> <span class='ocrx_word' id='word_1_62' title='bbox 1627 1226 1786 1288; x_wconf 88' lang='lat' dir='ltr'>sine</span> <span class='ocrx_word' id='word_1_63' title='bbox 1835 1227 2116 1289; x_wconf 87' lang='lat' dir='ltr'>semine</span> <span class='ocrx_word' id='word_1_64' title='bbox 2163 1226 2504 1289; x_wconf 88' lang='lat' dir='ltr'>nascitur</span> <span class='ocrx_word' id='word_1_65' title='bbox 2547 1223 2814 1304; x_wconf 86' lang='lat' dir='ltr'>Adam,</span> 
     </span>
     <span class='ocr_line' id='line_1_9' title="bbox 527 1329 2814 1412; baseline -0 -20"><span class='ocrx_word' id='word_1_66' title='bbox 527 1333 599 1393; x_wconf 89' lang='lat' dir='ltr'>et</span> <span class='ocrx_word' id='word_1_67' title='bbox 643 1349 769 1412; x_wconf 90' lang='lat' dir='ltr'>per</span> <span class='ocrx_word' id='word_1_68' title='bbox 814 1329 1185 1393; x_wconf 88' lang='lat' dir='ltr'>hominem</span> <span class='ocrx_word' id='word_1_69' title='bbox 1231 1330 1631 1394; x_wconf 85' lang='lat' dir='ltr'>humanam</span> <span class='ocrx_word' id='word_1_70' title='bbox 1677 1333 2018 1393; x_wconf 87' lang='lat' dir='ltr'>naturam</span> <span class='ocrx_word' id='word_1_71' title='bbox 2067 1330 2418 1394; x_wconf 85' lang='lat' dir='ltr'>suscitat:</span> <span class='ocrx_word' id='word_1_72' title='bbox 2467 1329 2814 1411; x_wconf 86' lang='lat' dir='ltr'>quoniam</span> 
     </span>
     <span class='ocr_line' id='line_1_10' title="bbox 526 1434 2816 1518; baseline -0 -21"><span class='ocrx_word' id='word_1_73' title='bbox 526 1435 719 1498; x_wconf 91' lang='lat' dir='ltr'>enim</span> <span class='ocrx_word' id='word_1_74' title='bbox 766 1454 895 1517; x_wconf 89' lang='lat' dir='ltr'>per</span> <span class='ocrx_word' id='word_1_75' title='bbox 939 1434 1311 1498; x_wconf 89' lang='lat' dir='ltr'>hominem</span> <span class='ocrx_word' id='word_1_76' title='bbox 1359 1453 1583 1516; x_wconf 81' lang='grc'><strong>111013,</strong></span> <span class='ocrx_word' id='word_1_77' title='bbox 1639 1435 1805 1498; x_wconf 89' lang='lat' dir='ltr'>ideo</span> <span class='ocrx_word' id='word_1_78' title='bbox 1862 1439 1936 1499; x_wconf 92' lang='lat' dir='ltr'>et</span> <span class='ocrx_word' id='word_1_79' title='bbox 1977 1454 2106 1518; x_wconf 92' lang='lat' dir='ltr'>per</span> <span class='ocrx_word' id='word_1_80' title='bbox 2151 1434 2524 1499; x_wconf 88' lang='lat' dir='ltr'>hominem</span> <span class='ocrx_word' id='word_1_81' title='bbox 2567 1452 2816 1497; x_wconf 89' lang='lat' dir='ltr'>resur-</span> 
     </span>
     <span class='ocr_line' id='line_1_11' title="bbox 526 1539 2810 1623; baseline -0.001 -21"><span class='ocrx_word' id='word_1_82' title='bbox 526 1539 761 1603; x_wconf 89' lang='lat' dir='ltr'>rectio</span> <span class='ocrx_word' id='word_1_83' title='bbox 816 1542 1291 1603; x_wconf 90' lang='lat' dir='ltr'>mortuorum.</span> <span class='ocrx_word' id='word_1_84' title='bbox 1380 1539 1499 1603; x_wconf 91' lang='lat' dir='ltr'>hoc</span> <span class='ocrx_word' id='word_1_85' title='bbox 1554 1558 1701 1623; x_wconf 89' lang='lat' dir='ltr'>ergo</span> <span class='ocrx_word' id='word_1_86' title='bbox 1756 1543 1933 1604; x_wconf 87' lang='lat' dir='ltr'>tanto</span> <span class='ocrx_word' id='word_1_87' title='bbox 1989 1539 2215 1619; x_wconf 84' lang='lat' dir='ltr'>studio,</span> <span class='ocrx_word' id='word_1_88' title='bbox 2270 1539 2388 1604; x_wconf 87' lang='lat' dir='ltr'>hoc</span> <span class='ocrx_word' id='word_1_89' title='bbox 2442 1543 2618 1604; x_wconf 89' lang='lat' dir='ltr'>tanto</span> <span class='ocrx_word' id='word_1_90' title='bbox 2665 1541 2810 1602; x_wconf 88' lang='lat' dir='ltr'>actu</span> 
     </span>
     <span class='ocr_line' id='line_1_12' title="bbox 523 1643 2813 1730; baseline -0.001 -22"><span class='ocrx_word' id='word_1_91' title='bbox 523 1643 1096 1729; x_wconf 77' lang='lat' dir='ltr'>praelocutionibus</span> <span class='ocrx_word' id='word_1_92' title='bbox 1158 1643 1405 1708; x_wconf 81' lang='lat' dir='ltr'>blandis</span> <span class='ocrx_word' id='word_1_93' title='bbox 1466 1643 1656 1708; x_wconf 82' lang='lat' dir='ltr'>fallax</span> <span class='ocrx_word' id='word_1_94' title='bbox 1716 1645 2043 1730; x_wconf 76' lang='lat' dir='ltr'>insidiator</span> <span class='ocrx_word' id='word_1_95' title='bbox 2103 1645 2306 1728; x_wconf 85' lang='lat' dir='ltr'>egisti,</span> <span class='ocrx_word' id='word_1_96' title='bbox 2367 1647 2439 1708; x_wconf 88' lang='lat' dir='ltr'>ut</span> <span class='ocrx_word' id='word_1_97' title='bbox 2498 1645 2683 1708; x_wconf 89' lang='lat' dir='ltr'>deum</span> <span class='ocrx_word' id='word_1_98' title='bbox 2743 1644 2813 1707; x_wconf 93' lang='lat' dir='ltr'>in</span> 
     </span>
     <span class='ocr_line' id='line_1_13' title="bbox 524 1749 2814 1833; baseline -0 -20"><span class='ocrx_word' id='word_1_99' title='bbox 524 1749 1044 1833; x_wconf 80' lang='lat' dir='ltr'>praecedentibus</span> <span class='ocrx_word' id='word_1_100' title='bbox 1100 1750 1433 1813; x_wconf 89' lang='lat' dir='ltr'>nominans</span> <span class='ocrx_word' id='word_1_101' title='bbox 1488 1749 1565 1812; x_wconf 88' lang='lat' dir='ltr'>ad</span> <span class='ocrx_word' id='word_1_102' title='bbox 1621 1749 1943 1814; x_wconf 88' lang='lat' dir='ltr'>hominem</span> <span class='ocrx_word' id='word_1_103' title='bbox 1988 1750 2054 1813; x_wconf 90' lang='lat' dir='ltr'>in</span> <span class='ocrx_word' id='word_1_104' title='bbox 2099 1749 2626 1832; x_wconf 79' lang='lat' dir='ltr'>consequentibus</span> <span class='ocrx_word' id='word_1_105' title='bbox 2670 1768 2814 1832; x_wconf 87' lang='lat' dir='ltr'>per-</span> 
     </span>
     <span class='ocr_line' id='line_1_14' title="bbox 525 1853 2814 1937; baseline 0 -19"><span class='ocrx_word' id='word_1_106' title='bbox 525 1855 795 1935; x_wconf 88' lang='lat' dir='ltr'>uenires,</span> <span class='ocrx_word' id='word_1_107' title='bbox 852 1857 917 1918; x_wconf 87' lang='lat' dir='ltr'>et</span> <span class='ocrx_word' id='word_1_108' title='bbox 970 1873 1114 1917; x_wconf 90' lang='lat' dir='ltr'>eum</span> <span class='ocrx_word' id='word_1_109' title='bbox 1168 1854 1377 1937; x_wconf 89' lang='lat' dir='ltr'>ipsum</span> <span class='ocrx_word' id='word_1_110' title='bbox 1432 1854 1692 1918; x_wconf 86' lang='lat' dir='ltr'>solitarii</span> <span class='ocrx_word' id='word_1_111' title='bbox 1746 1854 2017 1918; x_wconf 88' lang='lat' dir='ltr'>hominis</span> <span class='ocrx_word' id='word_1_112' title='bbox 2063 1854 2446 1919; x_wconf 88' lang='lat' dir='ltr'>contumelia</span> <span class='ocrx_word' id='word_1_113' title='bbox 2488 1857 2631 1936; x_wconf 89' lang='lat' dir='ltr'>post</span> <span class='ocrx_word' id='word_1_114' title='bbox 2675 1853 2814 1918; x_wconf 85' lang='lat' dir='ltr'>affi-</span> 
     </span>
     <span class='ocr_line' id='line_1_15' title="bbox 525 1957 2812 2023; baseline -0 -1"><span class='ocrx_word' id='word_1_115' title='bbox 525 1977 696 2022; x_wconf 84' lang='lat' dir='ltr'>ceres</span> <span class='ocrx_word' id='word_1_116' title='bbox 743 1959 841 2022; x_wconf 90' lang='lat' dir='ltr'>cui</span> <span class='ocrx_word' id='word_1_117' title='bbox 890 1959 1185 2023; x_wconf 84' lang='lat' dir='ltr'>subdolae</span> <span class='ocrx_word' id='word_1_118' title='bbox 1229 1959 1606 2023; x_wconf 87' lang='lat' dir='ltr'>humilitatis</span> <span class='ocrx_word' id='word_1_119' title='bbox 1660 1958 1862 2023; x_wconf 87' lang='lat' dir='ltr'>officio</span> <span class='ocrx_word' id='word_1_120' title='bbox 1912 1957 2212 2022; x_wconf 89' lang='lat' dir='ltr'>honorem</span> <span class='ocrx_word' id='word_1_121' title='bbox 2259 1959 2357 2022; x_wconf 88' lang='lat' dir='ltr'>dei</span> <span class='ocrx_word' id='word_1_122' title='bbox 2404 1961 2592 2022; x_wconf 87' lang='lat' dir='ltr'>antea</span> <span class='ocrx_word' id='word_1_123' title='bbox 2635 1958 2812 2021; x_wconf 86' lang='lat' dir='ltr'>detu-</span> 
     </span>
     <span class='ocr_line' id='line_1_16' title="bbox 523 2061 2812 2147; baseline 0 -21"><span class='ocrx_word' id='word_1_124' title='bbox 523 2064 668 2128; x_wconf 88' lang='lat' dir='ltr'>listi.</span> <span class='ocrx_word' id='word_1_125' title='bbox 748 2064 901 2127; x_wconf 90' lang='lat' dir='ltr'>dicis</span> <span class='ocrx_word' id='word_1_126' title='bbox 950 2081 1095 2146; x_wconf 89' lang='lat' dir='ltr'>ergo</span> <span class='ocrx_word' id='word_1_127' title='bbox 1142 2063 1304 2145; x_wconf 88' lang='lat' dir='ltr'>quod</span> <span class='ocrx_word' id='word_1_128' title='bbox 1350 2063 1694 2147; x_wconf 85' lang='lat' dir='ltr'>imaginem</span> <span class='ocrx_word' id='word_1_129' title='bbox 1740 2063 1860 2142; x_wconf 90' lang='lat' dir='ltr'>dei,</span> <span class='ocrx_word' id='word_1_130' title='bbox 1916 2081 2106 2144; x_wconf 87' lang='lat' dir='ltr'>quam.</span> <span class='ocrx_word' id='word_1_131' title='bbox 2153 2061 2436 2127; x_wconf 88' lang='lat' dir='ltr'>diabolus</span> <span class='ocrx_word' id='word_1_132' title='bbox 2481 2062 2812 2146; x_wconf 87' lang='lat' dir='ltr'>proiecerit</span> 
     </span>
     <span class='ocr_line' id='line_1_17' title="bbox 523 2167 2810 2251; baseline -0.001 -19"><span class='ocrx_word' id='word_1_133' title='bbox 523 2169 587 2232; x_wconf 90' lang='lat' dir='ltr'>in</span> <span class='ocrx_word' id='word_1_134' title='bbox 650 2169 1133 2251; x_wconf 78' lang='lat' dir='ltr'>corruptionem,</span> <span class='ocrx_word' id='word_1_135' title='bbox 1194 2168 1396 2251; x_wconf 87' lang='lat' dir='ltr'>pietas</span> <span class='ocrx_word' id='word_1_136' title='bbox 1458 2168 1672 2231; x_wconf 86' lang='lat' dir='ltr'>diuina</span> <span class='ocrx_word' id='word_1_137' title='bbox 1737 2169 2068 2251; x_wconf 88' lang='lat' dir='ltr'>repararit:</span> <span class='ocrx_word' id='word_1_138' title='bbox 2139 2169 2563 2251; x_wconf 88' lang='lat' dir='ltr'>corruptam</span> <span class='ocrx_word' id='word_1_139' title='bbox 2643 2167 2810 2230; x_wconf 90' lang='lat' dir='ltr'>enim</span> 
     </span>
     <span class='ocr_line' id='line_1_18' title="bbox 522 2271 2810 2356; baseline -0.001 -20"><span class='ocrx_word' id='word_1_140' title='bbox 522 2273 731 2355; x_wconf 88' lang='lat' dir='ltr'>inquis</span> <span class='ocrx_word' id='word_1_141' title='bbox 781 2277 1083 2356; x_wconf 84' lang='lat' dir='ltr'>reparat</span> <span class='ocrx_word' id='word_1_142' title='bbox 1126 2273 1549 2356; x_wconf 85' lang='lat' dir='ltr'>imaginem.</span> <span class='ocrx_word' id='word_1_143' title='bbox 1629 2274 1754 2336; x_wconf 90' lang='lat' dir='ltr'>iam</span> <span class='ocrx_word' id='word_1_144' title='bbox 1801 2272 1920 2336; x_wconf 86' lang='lat' dir='ltr'>hoc</span> <span class='ocrx_word' id='word_1_145' title='bbox 1965 2291 2156 2354; x_wconf 89' lang='lat' dir='ltr'>quam</span> <span class='ocrx_word' id='word_1_146' title='bbox 2203 2271 2464 2336; x_wconf 88' lang='lat' dir='ltr'>subdole</span> <span class='ocrx_word' id='word_1_147' title='bbox 2508 2272 2672 2354; x_wconf 88' lang='lat' dir='ltr'>quod</span> <span class='ocrx_word' id='word_1_148' title='bbox 2719 2272 2810 2336; x_wconf 87' lang='lat' dir='ltr'>ais</span> 
     </span>
     <span class='ocr_line' id='line_1_19' title="bbox 522 2377 2810 2461; baseline -0.001 -19"><span class='ocrx_word' id='word_1_149' title='bbox 522 2383 949 2461; x_wconf 84' lang='lat' dir='ltr'>corruptam</span> <span class='ocrx_word' id='word_1_150' title='bbox 994 2383 1300 2461; x_wconf 87' lang='lat' dir='ltr'>reparat</span> <span class='ocrx_word' id='word_1_151' title='bbox 1345 2379 1776 2461; x_wconf 87' lang='lat' dir='ltr'>imaginem,</span> <span class='ocrx_word' id='word_1_152' title='bbox 1833 2378 2075 2442; x_wconf 88' lang='lat' dir='ltr'>scilicet</span> <span class='ocrx_word' id='word_1_153' title='bbox 2118 2381 2190 2442; x_wconf 91' lang='lat' dir='ltr'>ut</span> <span class='ocrx_word' id='word_1_154' title='bbox 2233 2378 2610 2460; x_wconf 85' lang='lat' dir='ltr'>persuadeas</span> <span class='ocrx_word' id='word_1_155' title='bbox 2657 2377 2810 2441; x_wconf 88' lang='lat' dir='ltr'>nihil</span> 
     </span>
     <span class='ocr_line' id='line_1_20' title="bbox 521 2482 2813 2567; baseline -0.001 -19"><span class='ocrx_word' id='word_1_156' title='bbox 521 2484 662 2567; x_wconf 88' lang='lat' dir='ltr'>plus</span> <span class='ocrx_word' id='word_1_157' title='bbox 710 2483 903 2547; x_wconf 86' lang='lat' dir='ltr'>fuisse</span> <span class='ocrx_word' id='word_1_158' title='bbox 948 2483 1012 2548; x_wconf 91' lang='grc'>10</span> <span class='ocrx_word' id='word_1_159' title='bbox 1062 2502 1131 2547; x_wconf 91' lang='lat' dir='ltr'>eo</span> <span class='ocrx_word' id='word_1_160' title='bbox 1178 2484 1242 2548; x_wconf 89' lang='lat' dir='ltr'>in</span> <span class='ocrx_word' id='word_1_161' title='bbox 1290 2502 1411 2566; x_wconf 92' lang='lat' dir='ltr'>quo</span> <span class='ocrx_word' id='word_1_162' title='bbox 1457 2484 1667 2567; x_wconf 89' lang='lat' dir='ltr'>imago</span> <span class='ocrx_word' id='word_1_163' title='bbox 1714 2482 2140 2567; x_wconf 85' lang='lat' dir='ltr'>reparabatur,</span> <span class='ocrx_word' id='word_1_164' title='bbox 2203 2502 2393 2565; x_wconf 88' lang='lat' dir='ltr'>quam</span> <span class='ocrx_word' id='word_1_165' title='bbox 2445 2484 2510 2547; x_wconf 91' lang='lat' dir='ltr'>in</span> <span class='ocrx_word' id='word_1_166' title='bbox 2558 2502 2634 2547; x_wconf 89' lang='lat' dir='ltr'>ea</span> <span class='ocrx_word' id='word_1_167' title='bbox 2675 2483 2813 2565; x_wconf 87' lang='lat' dir='ltr'>ipsa</span> 
     </span>
    </p>
   </div>
   <div class='ocr_carea' id='block_1_3' title="bbox 2899 1041 2928 1080">
    <p class='ocr_par' dir='ltr' id='par_1_3' title="bbox 2899 1041 2928 1080">
     <span class='ocr_line' id='line_1_21' title="bbox 2899 1041 2928 1080; baseline 0 0"><span class='ocrx_word' id='word_1_168' title='bbox 2899 1041 2928 1080; x_wconf 80' lang='lat'><strong>6</strong></span> 
     </span>
    </p>
   </div>
   <div class='ocr_carea' id='block_1_4' title="bbox 2871 1570 2926 1607">
    <p class='ocr_par' dir='ltr' id='par_1_4' title="bbox 2871 1570 2926 1607">
     <span class='ocr_line' id='line_1_22' title="bbox 2871 1570 2926 1607; baseline -0.018 0"><span class='ocrx_word' id='word_1_169' title='bbox 2871 1570 2926 1607; x_wconf 83' lang='lat'>1⁰</span> 
     </span>
    </p>
   </div>
   <div class='ocr_carea' id='block_1_5' title="bbox 2867 2091 2922 2130">
    <p class='ocr_par' dir='ltr' id='par_1_5' title="bbox 2867 2091 2922 2130">
     <span class='ocr_line' id='line_1_23' title="bbox 2867 2091 2922 2130; baseline 0 0"><span class='ocrx_word' id='word_1_170' title='bbox 2867 2091 2922 2130; x_wconf 78' lang='lat'>15</span> 
     </span>
    </p>
   </div>
   <div class='ocr_carea' id='block_1_6' title="bbox 522 2588 2924 2672">
    <p class='ocr_par' dir='ltr' id='par_1_6' title="bbox 522 2588 2924 2672">
     <span class='ocr_line' id='line_1_24' title="bbox 522 2588 2924 2672; baseline 0 -20"><span class='ocrx_word' id='word_1_171' title='bbox 522 2588 797 2672; x_wconf 90' lang='lat' dir='ltr'>imagine</span> <span class='ocrx_word' id='word_1_172' title='bbox 840 2588 1032 2653; x_wconf 84' lang='lat' dir='ltr'>fuerit</span> <span class='ocrx_word' id='word_1_173' title='bbox 1091 2590 1191 2653; x_wconf 92' lang='lat' dir='ltr'>cui</span> <span class='ocrx_word' id='word_1_174' title='bbox 1250 2590 1561 2671; x_wconf 86' lang='lat' dir='ltr'>reparatio</span> <span class='ocrx_word' id='word_1_175' title='bbox 1625 2588 2080 2672; x_wconf 83' lang='lat' dir='ltr'>praestabatur.</span> <span class='ocrx_word' id='word_1_176' title='bbox 2169 2607 2240 2652; x_wconf 89' lang='lat' dir='ltr'>ac</span> <span class='ocrx_word' id='word_1_177' title='bbox 2299 2608 2410 2672; x_wconf 89' lang='lat' dir='ltr'>per</span> <span class='ocrx_word' id='word_1_178' title='bbox 2469 2589 2588 2653; x_wconf 90' lang='lat' dir='ltr'>hoc</span> <span class='ocrx_word' id='word_1_179' title='bbox 2645 2589 2808 2651; x_wconf 89' lang='lat' dir='ltr'>idem</span> <span class='ocrx_word' id='word_1_180' title='bbox 2859 2616 2924 2653; x_wconf 70' lang='grc' dir='ltr'>ω</span> 
     </span>
    </p>
   </div>
   <div class='ocr_carea' id='block_1_7' title="bbox 521 2692 2810 3090">
    <p class='ocr_par' dir='ltr' id='par_1_7' title="bbox 521 2692 2810 3090">
     <span class='ocr_line' id='line_1_25' title="bbox 524 2692 2810 2776; baseline -0 -19"><span class='ocrx_word' id='word_1_181' title='bbox 524 2694 961 2758; x_wconf 88' lang='lat' dir='ltr'>tantummodo</span> <span class='ocrx_word' id='word_1_182' title='bbox 1020 2693 1119 2758; x_wconf 90' lang='lat' dir='ltr'>uis</span> <span class='ocrx_word' id='word_1_183' title='bbox 1182 2714 1319 2758; x_wconf 86' lang='lat' dir='ltr'>esse</span> <span class='ocrx_word' id='word_1_184' title='bbox 1382 2694 1706 2759; x_wconf 90' lang='lat' dir='ltr'>dominum</span> <span class='ocrx_word' id='word_1_185' title='bbox 1755 2694 1919 2775; x_wconf 89' lang='lat' dir='ltr'>quod</span> <span class='ocrx_word' id='word_1_186' title='bbox 1963 2692 2192 2775; x_wconf 88' lang='lat' dir='ltr'>Adam,</span> <span class='ocrx_word' id='word_1_187' title='bbox 2255 2693 2412 2757; x_wconf 88' lang='lat' dir='ltr'>nihil</span> <span class='ocrx_word' id='word_1_188' title='bbox 2456 2693 2600 2776; x_wconf 89' lang='lat' dir='ltr'>plus</span> <span class='ocrx_word' id='word_1_189' title='bbox 2656 2693 2810 2756; x_wconf 87' lang='lat' dir='ltr'>ima-</span> 
     </span>
     <span class='ocr_line' id='line_1_26' title="bbox 521 2797 2808 2882; baseline 0 -21"><span class='ocrx_word' id='word_1_190' title='bbox 521 2797 687 2881; x_wconf 90' lang='lat' dir='ltr'>ginis</span> <span class='ocrx_word' id='word_1_191' title='bbox 734 2802 1155 2880; x_wconf 88' lang='lat' dir='ltr'>reparatorem</span> <span class='ocrx_word' id='word_1_192' title='bbox 1200 2817 1389 2881; x_wconf 89' lang='lat' dir='ltr'>quam</span> <span class='ocrx_word' id='word_1_193' title='bbox 1436 2799 1640 2882; x_wconf 89' lang='lat' dir='ltr'>ipsam</span> <span class='ocrx_word' id='word_1_194' title='bbox 1687 2800 2030 2881; x_wconf 88' lang='lat' dir='ltr'>imaginem</span> <span class='ocrx_word' id='word_1_195' title='bbox 2063 2802 2476 2864; x_wconf 89' lang='lat' dir='ltr'>corruentem.</span> <span class='ocrx_word' id='word_1_196' title='bbox 2547 2798 2808 2879; x_wconf 88' lang='lat' dir='ltr'>denique</span> 
     </span>
     <span class='ocr_line' id='line_1_27' title="bbox 522 2903 2808 2987; baseline 0 -21"><span class='ocrx_word' id='word_1_197' title='bbox 522 2904 666 2985; x_wconf 91' lang='lat' dir='ltr'>quid</span> <span class='ocrx_word' id='word_1_198' title='bbox 736 2920 917 2986; x_wconf 79' lang='lat' dir='ltr'>agaS‚</span> <span class='ocrx_word' id='word_1_199' title='bbox 987 2903 1135 2985; x_wconf 89' lang='lat' dir='ltr'>quid</span> <span class='ocrx_word' id='word_1_200' title='bbox 1196 2904 1503 2984; x_wconf 84' lang='lat' dir='ltr'>moliaris,</span> <span class='ocrx_word' id='word_1_201' title='bbox 1574 2904 1982 2987; x_wconf 86' lang='lat' dir='ltr'>sequentibus</span> <span class='ocrx_word' id='word_1_202' title='bbox 2049 2905 2276 2987; x_wconf 85' lang='lat' dir='ltr'>probas</span> <span class='ocrx_word' id='word_1_203' title='bbox 2338 2904 2582 2969; x_wconf 88' lang='lat' dir='ltr'>dicens:</span> <span class='ocrx_word' id='word_1_204' title='bbox 2649 2904 2808 2967; x_wconf 89' lang='lat' dir='ltr'>sine</span> 
     </span>
     <span class='ocr_line' id='line_1_28' title="bbox 524 3007 2807 3090; baseline 0 -19"><span class='ocrx_word' id='word_1_205' title='bbox 524 3007 805 3072; x_wconf 85' lang='lat' dir='ltr'>semine</span> <span class='ocrx_word' id='word_1_206' title='bbox 866 3008 1227 3072; x_wconf 87' lang='lat' dir='ltr'>formauit</span> <span class='ocrx_word' id='word_1_207' title='bbox 1295 3012 1642 3072; x_wconf 88' lang='lat' dir='ltr'>naturam</span> <span class='ocrx_word' id='word_1_208' title='bbox 1711 3010 2115 3072; x_wconf 89' lang='lat' dir='ltr'>secundum</span> <span class='ocrx_word' id='word_1_209' title='bbox 2184 3010 2396 3073; x_wconf 91' lang='lat' dir='ltr'>illum</span> <span class='ocrx_word' id='word_1_210' title='bbox 2457 3009 2579 3090; x_wconf 87' lang='lat' dir='ltr'>qui</span> <span class='ocrx_word' id='word_1_211' title='bbox 2649 3008 2807 3072; x_wconf 88' lang='lat' dir='ltr'>sine</span> 
     </span>
    </p>
   </div>
   <div class='ocr_carea' id='block_1_8' title="bbox 524 3111 2921 3197">
    <p class='ocr_par' dir='ltr' id='par_1_8' title="bbox 524 3111 2921 3197">
     <span class='ocr_line' id='line_1_29' title="bbox 524 3111 2921 3197; baseline 0 -22"><span class='ocrx_word' id='word_1_212' title='bbox 524 3112 802 3177; x_wconf 87' lang='lat' dir='ltr'>semine</span> <span class='ocrx_word' id='word_1_213' title='bbox 878 3113 1219 3176; x_wconf 87' lang='lat' dir='ltr'>nascitur</span> <span class='ocrx_word' id='word_1_214' title='bbox 1285 3111 1549 3194; x_wconf 89' lang='lat' dir='ltr'>Adam,</span> <span class='ocrx_word' id='word_1_215' title='bbox 1628 3116 1702 3177; x_wconf 89' lang='lat' dir='ltr'>et</span> <span class='ocrx_word' id='word_1_216' title='bbox 1775 3133 1904 3197; x_wconf 88' lang='lat' dir='ltr'>per</span> <span class='ocrx_word' id='word_1_217' title='bbox 1971 3113 2343 3177; x_wconf 88' lang='lat' dir='ltr'>hominem</span> <span class='ocrx_word' id='word_1_218' title='bbox 2411 3113 2806 3177; x_wconf 89' lang='lat' dir='ltr'>humanam</span> <span class='ocrx_word' id='word_1_219' title='bbox 2857 3138 2921 3175; x_wconf 74' lang='lat'>25</span> 
     </span>
    </p>
   </div>
   <div class='ocr_carea' id='block_1_9' title="bbox 522 3217 2808 3615">
    <p class='ocr_par' dir='ltr' id='par_1_9' title="bbox 522 3217 2808 3615">
     <span class='ocr_line' id='line_1_30' title="bbox 526 3217 2806 3300; baseline 0 -20"><span class='ocrx_word' id='word_1_220' title='bbox 526 3220 865 3280; x_wconf 88' lang='lat' dir='ltr'>naturam</span> <span class='ocrx_word' id='word_1_221' title='bbox 942 3217 1284 3281; x_wconf 88' lang='lat' dir='ltr'>suscitat.</span> <span class='ocrx_word' id='word_1_222' title='bbox 1386 3217 1657 3281; x_wconf 87' lang='lat' dir='ltr'>similem</span> <span class='ocrx_word' id='word_1_223' title='bbox 1726 3218 1792 3281; x_wconf 91' lang='lat' dir='ltr'>in</span> <span class='ocrx_word' id='word_1_224' title='bbox 1860 3217 2151 3283; x_wconf 86' lang='lat' dir='ltr'>omnibus</span> <span class='ocrx_word' id='word_1_225' title='bbox 2221 3222 2285 3282; x_wconf 86' lang='lat' dir='ltr'>et</span> <span class='ocrx_word' id='word_1_226' title='bbox 2350 3236 2564 3300; x_wconf 89' lang='lat' dir='ltr'>parem</span> <span class='ocrx_word' id='word_1_227' title='bbox 2632 3217 2806 3281; x_wconf 88' lang='lat' dir='ltr'>Adae</span> 
     </span>
     <span class='ocr_line' id='line_1_31' title="bbox 522 3321 2808 3404; baseline 0.001 -21"><span class='ocrx_word' id='word_1_228' title='bbox 522 3321 847 3384; x_wconf 87' lang='lat' dir='ltr'>dominum</span> <span class='ocrx_word' id='word_1_229' title='bbox 892 3322 1105 3385; x_wconf 88' lang='lat' dir='ltr'>Iesum</span> <span class='ocrx_word' id='word_1_230' title='bbox 1152 3322 1348 3385; x_wconf 88' lang='lat' dir='ltr'>fuisse</span> <span class='ocrx_word' id='word_1_231' title='bbox 1410 3323 1668 3386; x_wconf 86' lang='lat' dir='ltr'>asseris:</span> <span class='ocrx_word' id='word_1_232' title='bbox 1731 3322 1909 3386; x_wconf 90' lang='lat' dir='ltr'>illum</span> <span class='ocrx_word' id='word_1_233' title='bbox 1972 3322 2189 3404; x_wconf 90' lang='lat' dir='ltr'>utique</span> <span class='ocrx_word' id='word_1_234' title='bbox 2251 3323 2388 3388; x_wconf 90' lang='lat' dir='ltr'>sine</span> <span class='ocrx_word' id='word_1_235' title='bbox 2449 3324 2686 3386; x_wconf 84' lang='lat' dir='ltr'>semine</span> <span class='ocrx_word' id='word_1_236' title='bbox 2745 3326 2808 3386; x_wconf 87' lang='lat' dir='ltr'>et</span> 
     </span>
     <span class='ocr_line' id='line_1_32' title="bbox 522 3423 2806 3507; baseline 0.001 -19"><span class='ocrx_word' id='word_1_237' title='bbox 522 3423 689 3489; x_wconf 91' lang='lat' dir='ltr'>hunc</span> <span class='ocrx_word' id='word_1_238' title='bbox 750 3426 883 3489; x_wconf 88' lang='lat' dir='ltr'>sine</span> <span class='ocrx_word' id='word_1_239' title='bbox 942 3426 1204 3507; x_wconf 88' lang='lat' dir='ltr'>semine,</span> <span class='ocrx_word' id='word_1_240' title='bbox 1267 3427 1449 3491; x_wconf 91' lang='lat' dir='ltr'>illum</span> <span class='ocrx_word' id='word_1_241' title='bbox 1502 3426 1826 3491; x_wconf 89' lang='lat' dir='ltr'>hominem</span> <span class='ocrx_word' id='word_1_242' title='bbox 1888 3427 2094 3491; x_wconf 90' lang='lat' dir='ltr'>solum</span> <span class='ocrx_word' id='word_1_243' title='bbox 2156 3431 2221 3491; x_wconf 91' lang='lat' dir='ltr'>et</span> <span class='ocrx_word' id='word_1_244' title='bbox 2274 3428 2442 3491; x_wconf 90' lang='lat' dir='ltr'>hunc</span> <span class='ocrx_word' id='word_1_245' title='bbox 2488 3427 2806 3491; x_wconf 86' lang='lat' dir='ltr'>hominem</span> 
     </span>
     <span class='ocr_line' id='line_1_33' title="bbox 523 3530 2807 3615; baseline 0.001 -23"><span class='ocrx_word' id='word_1_246' title='bbox 523 3530 891 3593; x_wconf 87' lang='lat' dir='ltr'>solitarium.</span> <span class='ocrx_word' id='word_1_247' title='bbox 984 3548 1057 3594; x_wconf 88' lang='lat' dir='ltr'>ac</span> <span class='ocrx_word' id='word_1_248' title='bbox 1117 3550 1226 3613; x_wconf 91' lang='lat' dir='ltr'>per</span> <span class='ocrx_word' id='word_1_249' title='bbox 1286 3531 1403 3596; x_wconf 91' lang='lat' dir='ltr'>hoc</span> <span class='ocrx_word' id='word_1_250' title='bbox 1470 3532 1648 3596; x_wconf 88' lang='lat' dir='ltr'>uides</span> <span class='ocrx_word' id='word_1_251' title='bbox 1708 3536 1770 3596; x_wconf 90' lang='lat' dir='ltr'>te</span> <span class='ocrx_word' id='word_1_252' title='bbox 1833 3533 2166 3615; x_wconf 89' lang='lat' dir='ltr'>diligenter</span> <span class='ocrx_word' id='word_1_253' title='bbox 2234 3533 2476 3597; x_wconf 87' lang='lat' dir='ltr'>cauisse</span> <span class='ocrx_word' id='word_1_254' title='bbox 2537 3550 2610 3596; x_wconf 88' lang='lat' dir='ltr'>ac</span> <span class='ocrx_word' id='word_1_255' title='bbox 2667 3550 2807 3615; x_wconf 88' lang='lat' dir='ltr'>pro-</span> 
     </span>
    </p>
   </div>
   <div class='ocr_carea' id='block_1_10' title="bbox 521 3634 2916 3719">
    <p class='ocr_par' dir='ltr' id='par_1_10' title="bbox 521 3634 2916 3719">
     <span class='ocr_line' id='line_1_34' title="bbox 521 3634 2916 3719; baseline 0.001 -22"><span class='ocrx_word' id='word_1_256' title='bbox 521 3634 819 3718; x_wconf 84' lang='lat' dir='ltr'>spexisse,</span> <span class='ocrx_word' id='word_1_257' title='bbox 865 3654 943 3699; x_wconf 90' lang='lat' dir='ltr'>ne</span> <span class='ocrx_word' id='word_1_258' title='bbox 991 3635 1279 3699; x_wconf 90' lang='lat' dir='ltr'>dominus</span> <span class='ocrx_word' id='word_1_259' title='bbox 1325 3637 1505 3700; x_wconf 91' lang='lat' dir='ltr'>Iesus</span> <span class='ocrx_word' id='word_1_260' title='bbox 1554 3636 1844 3701; x_wconf 86' lang='lat' dir='ltr'>Christus</span> <span class='ocrx_word' id='word_1_261' title='bbox 1891 3642 2000 3701; x_wconf 86' lang='lat' dir='ltr'>aut</span> <span class='ocrx_word' id='word_1_262' title='bbox 2044 3638 2244 3701; x_wconf 89' lang='lat' dir='ltr'>maior</span> <span class='ocrx_word' id='word_1_263' title='bbox 2287 3638 2352 3702; x_wconf 92' lang='lat' dir='ltr'>in</span> <span class='ocrx_word' id='word_1_264' title='bbox 2395 3638 2601 3719; x_wconf 89' lang='lat' dir='ltr'>aliquo</span> <span class='ocrx_word' id='word_1_265' title='bbox 2631 3637 2805 3701; x_wconf 86' lang='lat' dir='ltr'>Adae</span> <span class='ocrx_word' id='word_1_266' title='bbox 2853 3662 2916 3700; x_wconf 72' lang='lat' dir='ltr'>ao</span> 
     </span>
    </p>
   </div>
   <div class='ocr_carea' id='block_1_11' title="bbox 522 3740 2806 3825">
    <p class='ocr_par' dir='ltr' id='par_1_11' title="bbox 522 3740 2806 3825">
     <span class='ocr_line' id='line_1_35' title="bbox 522 3740 2806 3825; baseline 0 -23"><span class='ocrx_word' id='word_1_267' title='bbox 522 3742 631 3803; x_wconf 88' lang='lat' dir='ltr'>aut</span> <span class='ocrx_word' id='word_1_268' title='bbox 676 3740 834 3803; x_wconf 87' lang='lat' dir='ltr'>forte</span> <span class='ocrx_word' id='word_1_269' title='bbox 882 3740 1098 3804; x_wconf 90' lang='lat' dir='ltr'>melior</span> <span class='ocrx_word' id='word_1_270' title='bbox 1142 3744 1489 3824; x_wconf 88' lang='lat' dir='ltr'>putaretur,</span> <span class='ocrx_word' id='word_1_271' title='bbox 1550 3760 1696 3805; x_wconf 92' lang='lat' dir='ltr'>cum</span> <span class='ocrx_word' id='word_1_272' title='bbox 1743 3742 1835 3806; x_wconf 89' lang='lat' dir='ltr'>ita</span> <span class='ocrx_word' id='word_1_273' title='bbox 1879 3760 1983 3806; x_wconf 89' lang='lat' dir='ltr'>eos</span> <span class='ocrx_word' id='word_1_274' title='bbox 2031 3741 2149 3805; x_wconf 89' lang='lat' dir='ltr'>sibi</span> <span class='ocrx_word' id='word_1_275' title='bbox 2197 3743 2508 3807; x_wconf 88' lang='lat' dir='ltr'>mensuris</span> <span class='ocrx_word' id='word_1_276' title='bbox 2553 3741 2806 3825; x_wconf 87' lang='lat' dir='ltr'>paribus</span> 
     </span>
    </p>
   </div>
   <div class='ocr_carea' id='block_1_12' title="bbox 519 3946 2810 4453">
    <p class='ocr_par' dir='ltr' id='par_1_12' title="bbox 519 3946 2810 4453">
     <span class='ocr_line' id='line_1_36' title="bbox 612 3946 2805 4018; baseline 0 -15"><span class='ocrx_word' id='word_1_277' title='bbox 612 3950 637 4003; x_wconf 94' lang='lat'>1</span> <span class='ocrx_word' id='word_1_278' title='bbox 666 3946 942 4016; x_wconf 84' lang='lat' dir='ltr'>praemitis</span> <span class='ocrx_word' id='word_1_279' title='bbox 967 3950 1055 4003; x_wconf 72' lang='grc' dir='ltr'>ΜἹ</span> <span class='ocrx_word' id='word_1_280' title='bbox 1164 3949 1197 4003; x_wconf 83' lang='lat'>2</span> <span class='ocrx_word' id='word_1_281' title='bbox 1232 3948 1551 4017; x_wconf 84' lang='lat' dir='ltr'>persuadeas</span> <span class='ocrx_word' id='word_1_282' title='bbox 1576 3950 1677 4003; x_wconf 86' lang='lat' dir='ltr'>Mv</span> <span class='ocrx_word' id='word_1_283' title='bbox 1784 3949 1912 4003; x_wconf 67' lang='lat' dir='ltr'>dnm</span> <span class='ocrx_word' id='word_1_284' title='bbox 1939 3950 2014 4004; x_wconf 90' lang='lat' dir='ltr'><strong><em>M</em></strong></span> <span class='ocrx_word' id='word_1_285' title='bbox 2112 3949 2258 4018; x_wconf 84' lang='lat' dir='ltr'>eum]</span> <span class='ocrx_word' id='word_1_286' title='bbox 2291 3964 2414 4003; x_wconf 89' lang='lat' dir='ltr'>cum</span> <span class='ocrx_word' id='word_1_287' title='bbox 2441 3950 2516 4003; x_wconf 88' lang='lat' dir='ltr'><em>M</em></span> <span class='ocrx_word' id='word_1_288' title='bbox 2611 3952 2644 4005; x_wconf 81' lang='lat'>4</span> <span class='ocrx_word' id='word_1_289' title='bbox 2669 3949 2805 4003; x_wconf 84' lang='lat' dir='ltr'>sicut</span> 
     </span>
     <span class='ocr_line' id='line_1_37' title="bbox 522 4034 2810 4106; baseline 0.001 -17"><span class='ocrx_word' id='word_1_290' title='bbox 522 4034 654 4104; x_wconf 80' lang='lat' dir='ltr'><strong><em>va</em></strong></span> <span class='ocrx_word' id='word_1_291' title='bbox 758 4037 791 4088; x_wconf 85' lang='lat'>5</span> <span class='ocrx_word' id='word_1_292' title='bbox 829 4037 1187 4103; x_wconf 82' lang='lat' dir='ltr'>corrumptam</span> <span class='ocrx_word' id='word_1_293' title='bbox 1206 4054 1251 4105; x_wconf 80' lang='lat' dir='ltr'>p</span> <span class='ocrx_word' id='word_1_294' title='bbox 1359 4038 1573 4106; x_wconf 84' lang='lat' dir='ltr'>reparat</span> <span class='ocrx_word' id='word_1_295' title='bbox 1596 4037 1671 4091; x_wconf 90' lang='lat' dir='ltr'><strong><em>M</em></strong></span> <span class='ocrx_word' id='word_1_296' title='bbox 1768 4040 1801 4091; x_wconf 89' lang='lat'>8</span> <span class='ocrx_word' id='word_1_297' title='bbox 1833 4037 2126 4089; x_wconf 86' lang='lat' dir='ltr'>humanam</span> <span class='ocrx_word' id='word_1_298' title='bbox 2153 4054 2255 4093; x_wconf 84' lang='lat' dir='ltr'>om.</span> <span class='ocrx_word' id='word_1_299' title='bbox 2283 4038 2358 4091; x_wconf 98' lang='lat' dir='ltr'><em>M</em></span> <span class='ocrx_word' id='word_1_300' title='bbox 2459 4040 2523 4092; x_wconf 89' lang='grc'>10</span> <span class='ocrx_word' id='word_1_301' title='bbox 2554 4036 2714 4090; x_wconf 82' lang='lat' dir='ltr'>bactu</span> <span class='ocrx_word' id='word_1_302' title='bbox 2741 4038 2810 4091; x_wconf 86' lang='lat' dir='ltr'><em>M</em></span> 
     </span>
     <span class='ocr_line' id='line_1_38' title="bbox 524 4121 2802 4193; baseline -0 -15"><span class='ocrx_word' id='word_1_303' title='bbox 524 4125 583 4178; x_wconf 89' lang='lat'>11</span> <span class='ocrx_word' id='word_1_304' title='bbox 625 4121 845 4190; x_wconf 84' lang='lat' dir='ltr'>exegisti</span> <span class='ocrx_word' id='word_1_305' title='bbox 880 4124 955 4177; x_wconf 87' lang='lat' dir='ltr'><em>M</em></span> <span class='ocrx_word' id='word_1_306' title='bbox 956 4125 969 4157; x_wconf 91' lang='lat'>¹</span> <span class='ocrx_word' id='word_1_307' title='bbox 1079 4124 1145 4177; x_wconf 82' lang='lat'>14</span> <span class='ocrx_word' id='word_1_308' title='bbox 1181 4121 1401 4176; x_wconf 86' lang='lat' dir='ltr'>subdole</span> <span class='ocrx_word' id='word_1_309' title='bbox 1427 4124 1565 4178; x_wconf 87' lang='grc' dir='ltr'>ΝΜ</span> <span class='ocrx_word' id='word_1_310' title='bbox 1664 4122 1944 4176; x_wconf 78' lang='lat' dir='ltr'>detulisses</span> <span class='ocrx_word' id='word_1_311' title='bbox 1977 4125 2077 4178; x_wconf 76' lang='lat' dir='ltr'>Mv</span> <span class='ocrx_word' id='word_1_312' title='bbox 2185 4126 2250 4178; x_wconf 84' lang='lat'>16</span> <span class='ocrx_word' id='word_1_313' title='bbox 2287 4124 2736 4192; x_wconf 85' lang='lat' dir='ltr'>corrumptionem</span> <span class='ocrx_word' id='word_1_314' title='bbox 2759 4142 2802 4193; x_wconf 80' lang='lat' dir='ltr'>p</span> 
     </span>
     <span class='ocr_line' id='line_1_39' title="bbox 519 4210 2802 4280; baseline 0 -17"><span class='ocrx_word' id='word_1_315' title='bbox 519 4212 625 4276; x_wconf 79' lang='lat' dir='ltr'>(ita</span> <span class='ocrx_word' id='word_1_316' title='bbox 647 4210 828 4279; x_wconf 79' lang='lat' dir='ltr'>saepe)</span> <span class='ocrx_word' id='word_1_317' title='bbox 936 4212 1001 4265; x_wconf 89' lang='lat'>18</span> <span class='ocrx_word' id='word_1_318' title='bbox 1037 4214 1342 4279; x_wconf 85' lang='lat' dir='ltr'>corruptam</span> <span class='ocrx_word' id='word_1_319' title='bbox 1380 4210 1464 4263; x_wconf 83' lang='lat' dir='ltr'>cui</span> <span class='ocrx_word' id='word_1_320' title='bbox 1503 4213 1714 4280; x_wconf 85' lang='lat' dir='ltr'>reparat</span> <span class='ocrx_word' id='word_1_321' title='bbox 1737 4214 1812 4266; x_wconf 88' lang='lat' dir='ltr'><em>M</em></span> <span class='ocrx_word' id='word_1_322' title='bbox 1909 4211 1988 4264; x_wconf 92' lang='lat' dir='ltr'>nil</span> <span class='ocrx_word' id='word_1_323' title='bbox 2011 4212 2086 4265; x_wconf 90' lang='lat' dir='ltr'><em>M</em></span> <span class='ocrx_word' id='word_1_324' title='bbox 2181 4214 2247 4267; x_wconf 86' lang='lat'>21</span> <span class='ocrx_word' id='word_1_325' title='bbox 2288 4210 2366 4264; x_wconf 91' lang='lat' dir='ltr'>nil</span> <span class='ocrx_word' id='word_1_326' title='bbox 2389 4212 2464 4265; x_wconf 90' lang='lat' dir='ltr'><em>M</em></span> <span class='ocrx_word' id='word_1_327' title='bbox 2561 4214 2630 4267; x_wconf 87' lang='grc'>23</span> <span class='ocrx_word' id='word_1_328' title='bbox 2665 4210 2802 4279; x_wconf 85' lang='lat' dir='ltr'>quod</span> 
     </span>
     <span class='ocr_line' id='line_1_40' title="bbox 520 4296 2808 4367; baseline 0.001 -16"><span class='ocrx_word' id='word_1_329' title='bbox 520 4296 759 4351; x_wconf 84' lang='lat' dir='ltr'>moliaris</span> <span class='ocrx_word' id='word_1_330' title='bbox 802 4297 868 4351; x_wconf 89' lang='lat' dir='ltr'><strong><em>N</em></strong></span> <span class='ocrx_word' id='word_1_331' title='bbox 1010 4299 1079 4352; x_wconf 81' lang='lat'>24</span> <span class='ocrx_word' id='word_1_332' title='bbox 1128 4301 1321 4351; x_wconf 86' lang='lat' dir='ltr'>natura</span> <span class='ocrx_word' id='word_1_333' title='bbox 1366 4298 1455 4353; x_wconf 80' lang='lat' dir='ltr'>N²</span> <span class='ocrx_word' id='word_1_334' title='bbox 1602 4301 1670 4353; x_wconf 84' lang='lat'>25</span> <span class='ocrx_word' id='word_1_335' title='bbox 1717 4298 2012 4352; x_wconf 83' lang='lat' dir='ltr'>humanam</span> <span class='ocrx_word' id='word_1_336' title='bbox 2062 4317 2163 4353; x_wconf 84' lang='lat' dir='ltr'>om.</span> <span class='ocrx_word' id='word_1_337' title='bbox 2211 4300 2311 4367; x_wconf 73' lang='grc' dir='ltr'>ΝΡ</span> <span class='ocrx_word' id='word_1_338' title='bbox 2456 4301 2526 4353; x_wconf 87' lang='grc'>26</span> <span class='ocrx_word' id='word_1_339' title='bbox 2573 4297 2702 4352; x_wconf 82' lang='lat' dir='ltr'>aede</span> <span class='ocrx_word' id='word_1_340' title='bbox 2742 4298 2808 4353; x_wconf 81' lang='lat' dir='ltr'><em>N</em></span> 
     </span>
     <span class='ocr_line' id='line_1_41' title="bbox 520 4383 1688 4453; baseline 0 -14"><span class='ocrx_word' id='word_1_341' title='bbox 520 4386 589 4439; x_wconf 84' lang='lat'>29</span> <span class='ocrx_word' id='word_1_342' title='bbox 626 4385 856 4438; x_wconf 86' lang='lat' dir='ltr'>caruisse</span> <span class='ocrx_word' id='word_1_343' title='bbox 883 4402 928 4453; x_wconf 77' lang='lat' dir='ltr'>p</span> <span class='ocrx_word' id='word_1_344' title='bbox 1035 4386 1102 4439; x_wconf 90' lang='grc'><strong>30</strong></span> <span class='ocrx_word' id='word_1_345' title='bbox 1138 4383 1236 4437; x_wconf 85' lang='lat' dir='ltr'>ade</span> <span class='ocrx_word' id='word_1_346' title='bbox 1272 4385 1349 4439; x_wconf 93' lang='lat' dir='ltr'><em>M</em></span> <span class='ocrx_word' id='word_1_347' title='bbox 1410 4384 1620 4438; x_wconf 82' lang='lat' dir='ltr'>Adamo</span> <span class='ocrx_word' id='word_1_348' title='bbox 1655 4404 1688 4439; x_wconf 88' lang='lat' dir='ltr'><strong><em>v</em></strong></span> 
     </span>
    </p>
   </div>
  </div>
 </body>
</html>
