3167 4975
468 423 594 490 388
1281 425 1599 478 Iohannis
1645 393 1948 478 Cassiani

470 601 917 683 scripturae,
1002 601 1191 683 quod
1268 619 1489 684 saepe
1565 601 1916 681 diximuS,
2003 599 2374 683 duplicem
2449 617 2614 663 esse
2686 599 2764 663 in

470 705 721 769 eadem
758 706 1163 770 saluatoris
1205 706 1883 790 significationem,
1927 705 2116 788 quod
2157 709 2228 768 et
2259 722 2550 787 semper
2583 703 2762 767 deus

470 810 615 872 fuit
656 813 725 873 et
770 814 885 874 est
927 810 1170 890 filius,
1218 811 1528 875 uerbum
1569 815 1642 875 et
1681 812 1930 875 lumen
1972 813 2044 874 et
2083 809 2457 893 sapientia
2501 809 2762 892 patriS,

470 917 543 977 et
587 914 776 995 quod
822 919 1083 998 postea
1127 920 1432 998 propter
1479 934 1611 980 nos
1659 933 1954 980 carnem
2015 915 2343 997 sumpsit
2399 933 2480 977 ex
2525 913 2764 977 Maria

468 1018 769 1101 uirgine
838 1020 1182 1084 theotoco
1252 1024 1323 1083 et
1382 1020 1596 1085 homo
1657 1020 1902 1084 factus
1965 1023 2097 1084 est.
2190 1019 2346 1082 item
2403 1021 2546 1101 post
2610 1007 2759 1082 alia:

468 1122 687 1185 multi
736 1142 908 1208 ergo
954 1124 1199 1188 sancti
1244 1125 1553 1188 fuerunt
1600 1129 1670 1188 et
1725 1124 1973 1188 mundi
2021 1143 2058 1188 a
2103 1126 2442 1208 peccato:
2505 1123 2764 1186 Hiere-

474 1227 658 1290 mias
727 1246 901 1292 uero
978 1228 1064 1292 ab
1142 1232 1354 1296 utero
1424 1230 1955 1293 sanctificatus
2035 1231 2148 1292 est
2223 1232 2294 1292 et
2369 1227 2762 1306 IohanneS,

469 1349 631 1394 cum
694 1337 897 1396 esset
955 1334 1023 1397 in
1088 1336 1329 1415 utero,
1392 1333 1764 1398 exultauit
1816 1335 1889 1398 in
1935 1333 2208 1417 gaudio
2255 1351 2432 1396 uoce
2479 1331 2762 1394 Mariae

382 1442 416 1495 3
464 1435 815 1501 theotoci.
895 1439 1083 1503 deum
1114 1439 1348 1521 utique,
1396 1440 1495 1504 dei
1540 1439 1761 1519 filium,
1810 1439 1935 1520 qui,
1984 1443 2055 1502 ut
2086 1437 2295 1502 uerbis
2327 1437 2525 1520 ipsius
2573 1435 2762 1498 fidem

468 1533 904 1606 uniuersorum
957 1543 1203 1625 loquar,
1272 1543 1583 1608 uerbum
1648 1547 1744 1608 est
1804 1549 1874 1607 et
1934 1545 2182 1607 lumen
2253 1546 2327 1607 et
2389 1540 2764 1622 sapientia

468 1645 735 1726 patriS,
783 1651 1037 1730 propter
1082 1664 1195 1711 nos
1243 1667 1493 1712 carnem
1536 1649 1881 1732 sumpsisse
1927 1648 2096 1729 dicit,
2145 1651 2208 1711 et
2245 1647 2380 1711 ideo
2430 1646 2764 1710 theotocon

470 1749 781 1832 uirginem
828 1752 1120 1832 Mariam,
1167 1754 1313 1834 quia
1356 1754 1441 1818 sit
1486 1753 1586 1817 dei
1633 1757 1855 1833 mater,
1904 1753 2200 1835 appellat.

556 1853 755 1918 XXX.
826 1855 1170 1938 IohanneS,
1240 1858 2074 1941 Constantinopolitanorum
2140 1856 2491 1920 antistitum
2553 1854 2762 1932 decus,

390 1931 402 2023 ξ.
470 1958 646 2021 cuius
694 1961 995 2024 sanctitas
1044 1961 1277 2043 absque
1308 1963 1441 2026 ulla
1485 1963 1835 2046 gentiliciae
1882 1960 2333 2045 persecutionis
2381 1959 2652 2042 procella
2683 1959 2762 2020 ad

394 2082 399 2092 ¹
472 2063 750 2144 martyrii
798 2066 1023 2129 merita
1066 2067 1372 2148 peruenit,
1420 2067 1569 2149 quid
1617 2067 1691 2129 de
1737 2067 1849 2131 filii
1894 2066 1992 2130 dei
2037 2065 2460 2128 incarnatione
2493 2063 2764 2126 senserit

471 2185 543 2230 ac
602 2169 973 2250 prae-dicarit
1034 2172 1335 2235 ausculta.
1421 2176 1491 2236 et
1552 2172 1797 2252 illum,
1857 2171 2078 2254 inquit,
2144 2188 2386 2251 quem,
2449 2168 2508 2230 si
2568 2167 2764 2231 nuda

471 2272 761 2358 deitate,
816 2275 1185 2357 uenisset,
1248 2295 1389 2340 non
1437 2276 1756 2354 caelum,
1821 2295 1962 2340 non
2017 2279 2249 2353 terra,
2311 2292 2452 2337 non
2509 2272 2760 2351 maria,

472 2395 613 2440 non
660 2379 819 2442 ulla
862 2384 1207 2445 creatura
1248 2382 1624 2446 sustinere
1669 2383 2072 2464 potuisset,
2119 2381 2402 2444 inlaesa
2439 2376 2760 2459 uirginis

474 2484 770 2549 uiscera
815 2491 1324 2569 portauerant.
1403 2489 1589 2552 huius
1637 2506 1782 2571 ergo
1829 2488 2016 2551 fidem
2059 2492 2248 2569 atque
2293 2483 2662 2561 doctrinam,
2710 2481 2763 2546 si

472 2590 736 2653 aliorum
770 2592 1122 2675 ignorabaS,
1166 2594 1339 2674 sequi
1373 2612 1445 2657 ac
1479 2597 1688 2657 tenere
1722 2593 2046 2673 debueras,
2095 2593 2271 2655 cuius
2303 2590 2515 2671 utique
2549 2605 2762 2651 amore

472 2713 543 2758 ac
604 2696 906 2759 desiderio
967 2702 1027 2761 te
1091 2699 1438 2762 antistitem
1500 2698 1620 2762 sibi
1680 2698 1856 2781 plebs
1917 2698 2212 2781 religiosa
2269 2695 2530 2777 delegit,
2594 2693 2764 2773 quia,

472 2819 613 2863 cum
672 2801 747 2864 de
794 2800 1189 2866 Antiocheua
1251 2803 1513 2867 ecclesia
1574 2806 1636 2867 te
1699 2802 1818 2867 sibi
1881 2806 2158 2865 sumeret
2217 2800 2626 2875 sacerdotem,
2689 2814 2766 2857 ex

470 2924 593 2985 qua
639 2906 814 2969 illum
862 2911 1005 2970 ante
1052 2909 1462 2991 praelegerat,
1510 2912 1904 2991 recepturam
1938 2907 2111 2997 sein
2158 2910 2220 2970 te
2251 2903 2532 2981 credidit,
2583 2901 2767 2983 quid-

470 3010 617 3090 quid
661 3012 721 3073 in
770 3011 876 3074 illo
930 3011 1159 3075 habere
1221 3013 1503 3076 desisset.
1586 3031 1813 3091 nonne,
1880 3030 2130 3093 quaeso,
2194 3011 2260 3074 hi
2317 3027 2534 3073 omnes
2581 3006 2766 3087 quasi

470 3115 826 3197 prophetico
859 3116 1007 3178 olim
1042 3116 1260 3199 spiritu
1296 3117 1370 3179 ad
1409 3117 1822 3180 confutandas
1869 3115 2296 3199 blasphemias
2345 3118 2488 3178 tuas
2535 3113 2768 3175 cuncta

471 3220 799 3283 dixerunt?
848 3225 915 3284 tu
962 3222 1127 3284 enim
1177 3221 1501 3285 dominum
1550 3222 2053 3303 saluatoremque
2103 3224 2388 3285 nostrum
2436 3218 2764 3283 Christum

472 3342 608 3385 esse
654 3326 939 3388 clamitas
990 3344 1109 3389 non
1158 3327 1367 3405 deum,
1413 3327 1507 3390 illi
1554 3331 1766 3391 autem
1801 3326 2123 3392 Christum
2169 3326 2495 3391 dominum
2539 3342 2764 3387 uerum

473 3428 686 3491 deum:
714 3432 783 3492 tu
800 3429 1067 3494 Mariam
1088 3430 1539 3513 Christotocon,
1566 3451 1691 3496 non
1711 3432 2041 3496 theotocon
2062 3452 2199 3495 esse
2221 3430 2648 3512 blasphemaS,
2671 3428 2762 3492 illi

681 3610 735 3679 6]
774 3611 808 3664 l.
845 3627 888 3663 c.
924 3628 973 3679 p.
997 3614 1122 3666 275:
1158 3611 1337 3663 πολλοὶ
1373 3616 1489 3682 γοῦν
1528 3610 1656 3681 ἅγιοι
1693 3610 1918 3683 γεγόνασι
1957 3613 2038 3663 καὶ
2073 3612 2276 3679 καθαροὶ
2310 3611 2464 3677 πάσης
2505 3608 2763 3679 ἁμαρτίας·

473 3694 706 3765 Ἱερεμίας
744 3695 797 3748 δὲ
833 3696 912 3748 καὶ
950 3698 999 3749 ἐκ
1024 3698 1209 3759 κοιλίας
1246 3696 1453 3768 ἡγιάσθη
1491 3700 1569 3750 καὶ
1607 3700 1830 3765 Ἰωάννης
1871 3699 1937 3751 ἐ’τι
1975 3700 2358 3767 κυοφορούμενος
2397 3696 2676 3767 ἐσκίρτησεν
2713 3697 2764 3747 ἐν

473 3782 763 3852 ἀγαλλιάσει
800 3784 875 3836 ἐπὶ
910 3790 967 3855 τῇ
1007 3789 1144 3856 φωνῇ
1182 3790 1267 3851 τῆς
1306 3786 1529 3837 θεοτόκου
1568 3786 1775 3854 Μαρίας.
1941 3787 2030 3856 16]
2055 3788 2083 3841 ’ἓ
2108 3787 2135 3840 ⁸?

561 3937 586 3989 1
630 3933 929 4005 dupplicem
962 3953 1007 4005 p
1112 3938 1145 3990 2
1182 3936 1365 3989 eadem
1396 3938 1484 3991 N:
1521 3936 1706 3990 codem
1734 3955 1812 4006 pv
1918 3936 2199 3990 saluatoris
2235 3939 2460 4005 scripsi.-
2496 3935 2764 3991 saluatore

474 4024 605 4092 va
716 4026 748 4077 4
788 4023 981 4076 sumsit
1014 4024 1081 4077 N
1180 4026 1213 4077 6
1250 4023 1492 4077 ieremias
1524 4042 1567 4093 p
1680 4027 1713 4077 9
1751 4024 2023 4077 1110010οΜ
2061 4024 2154 4093 (-0.)
2191 4024 2288 4093 Np
2402 4022 2604 4093 uerbis]
2641 4040 2762 4077 uer-

472 4109 602 4163 bum
639 4112 705 4165 N
816 4112 875 4165 11
917 4111 1166 4163 sumsisse
1203 4111 1270 4165 N
1374 4113 1438 4164 13
1475 4111 1788 4165 antisticum
1824 4112 1891 4165 N
1999 4114 2063 4165 15
2101 4110 2330 4164 martirii
2367 4112 2466 4180 ΝΡ
2577 4114 2640 4166 16
2676 4126 2764 4163 as-

474 4196 619 4249 culta
649 4215 689 4266 p
800 4199 863 4251 19
900 4196 1111 4250 etiamsi
1148 4216 1179 4251 v
1284 4199 1347 4252 21
1388 4196 1575 4250 reliosa
1611 4198 1676 4252 N
1681 4201 1694 4233 ¹
1802 4200 1869 4253 22
1907 4214 1960 4250 se
1997 4197 2097 4250 tibi
2122 4198 2221 4267 Np
2329 4200 2397 4253 23
2434 4196 2685 4266 quicquid
2715 4216 2762 4267 p

474 4287 541 4339 24
578 4282 796 4337 desistet
824 4284 889 4337 N
956 4284 1174 4337 dixisset
1202 4302 1245 4353 p
1318 4284 1563 4339 desiisset
1586 4304 1620 4341 v
1737 4288 1803 4341 25
1842 4285 2196 4339 confutandas
2220 4304 2284 4340 a:
2319 4284 2670 4339 confutendas
2697 4286 2770 4340 N

474 4370 875 4424 confundendas
905 4388 981 4440 pv
1086 4374 1153 4427 28
1190 4372 1359 4425 maria
1394 4373 1461 4426 N
1462 4375 1477 4407 ¹
1582 4372 1664 4426 1111
1701 4372 1800 4443 ita]
1837 4372 1970 4426 illud
2009 4389 2040 4425 a
2070 4390 2112 4442 p

2821 1566 2878 1604 10

2816 2089 2874 2126 15
