3167 4975
480 436 745 493 XXIIII

487 606 932 689 disputationis
967 605 1046 668 ab
1094 605 1222 669 illis
1253 604 1537 688 partibus
1585 604 1911 685 faciemuS,
1958 604 2215 686 quaein
2260 604 2553 669 omnibus
2592 606 2771 671 libris

485 714 768 774 seruatae
818 713 982 773 sunt.
1077 710 1142 774 in
1189 710 1278 773 eis
1335 712 1548 773 autem
1594 709 1935 773 lectionum
1982 710 2254 774 uarietas
2302 715 2558 794 apparet
2602 711 2771 791 talis,

483 818 554 879 ut
607 811 665 878 G
715 814 948 897 ubique
1007 816 1136 878 fere
1197 832 1342 878 cum
1401 813 1856 878 recentioribus
1914 814 2210 879 omnibus
2273 820 2383 879 aut
2442 834 2587 879 cum
2646 834 2769 879 uno

485 921 760 984 alt-eroue
807 938 1022 983 eorum
1069 922 1214 999 stet,
1275 915 1334 981 A
1380 920 1751 1003 plerumque
1808 919 1977 983 solus
2024 920 2367 1002 scripturas
2425 921 2771 1003 peculiares

485 1023 790 1088 exhibeat.
885 1042 1044 1105 quac
1090 1024 1512 1107 discrepantia
1558 1024 2011 1107 scripturarum
2070 1024 2300 1088 codicis
2345 1022 2405 1085 A
2454 1028 2585 1089 tam
2644 1026 2772 1089 late

483 1132 678 1211 patet,
743 1130 831 1208 ut,
895 1147 1038 1193 cum
1097 1128 1480 1210 reliquorum
1543 1127 1741 1193 uerba
1799 1128 2113 1212 plerisque
2170 1129 2327 1194 locis
2388 1130 2523 1193 sine
2582 1128 2771 1194 dubio

485 1251 637 1297 uera
681 1234 830 1313 sint,
894 1234 1074 1298 aliter
1117 1233 1400 1317 intellegi
1461 1237 1753 1314 recteque
1814 1234 2136 1297 aestimari
2190 1252 2315 1299 non
2370 1235 2591 1317 possit,
2652 1235 2773 1299 nisi

489 1340 845 1402 statuamus
877 1338 942 1402 in
973 1335 1032 1399 A
1063 1339 1584 1403 recensionem
1632 1336 2123 1402 arbitrariam
2156 1338 2461 1403 librorum
2491 1339 2569 1402 de
2600 1340 2775 1404 uitiis

489 1442 865 1526 capitalibus
913 1442 1093 1507 nobis
1141 1443 1438 1507 traditam
1486 1462 1643 1507 esse.
1721 1443 1884 1525 quod
1932 1444 2023 1507 ita
2068 1462 2207 1507 esse
2236 1444 2336 1508 uel
2368 1444 2585 1529 paucis
2616 1463 2777 1528 quae

491 1548 616 1612 iam
662 1548 1067 1631 proponimus
1115 1548 1415 1631 exemplis
1462 1546 1900 1631 conprobatur.

873 1809 1030 1863 lectio
1067 1826 1195 1863 uera
2206 1810 2253 1864 A

485 1970 563 2049 V,
599 1968 632 2030 1
681 1968 1224 2032 ‘monasteriorum
1341 2021 1352 2032 .
1450 2020 1460 2031 .
1560 2020 1571 2031 .
1682 1968 2139 2030 monachorum

485 2072 919 2137 ——siuc.
1015 2125 1026 2136 .
1123 2070 1243 2136 .’.
1340 2126 1352 2135 .
1451 2126 1461 2136 .
1560 2125 1570 2134 .
1682 2095 1796 2135 scu

487 2217 571 2224 —
604 2216 686 2225 -
721 2188 971 2263 tamque
1014 2228 1570 2241 ......
1690 2188 1817 2239 tam

486 2320 570 2328 --
602 2282 664 2360 2,
690 2281 858 2344 2nos
879 2281 1309 2368 iffltorationis
1323 2280 1576 2348 CG¹HT
1691 2281 2123 2367 iquorationis
2170 2282 2352 2346 nobis

487 2426 572 2433 —
605 2424 686 2433 -—
718 2424 804 2431 —
835 2396 1244 2450 nost-romam..
1343 2438 1354 2450 .
1451 2440 1462 2450 .
1559 2440 1570 2450 .
1686 2396 2061 2449 nostrorum
2102 2409 2217 2450 nos

489 2531 572 2539 ——
604 2491 665 2573 2,
697 2491 739 2554 3
784 2492 992 2555 oculis
1040 2492 1298 2555 animae
1341 2545 1352 2556 .
1451 2545 1462 2556 .
1559 2546 1569 2555 .
1687 2492 1945 2556 animae
1990 2492 2198 2556 oculis
2246 2495 2356 2578 (=
2405 2495 2482 2578 L)

489 2636 572 2644 —
609 2635 685 2642 —-
721 2635 808 2642 -—-
852 2619 928 2659 ea
1013 2649 1570 2661 ......
1685 2618 1790 2658 eas

505 2739 574 2746 —
603 2701 664 2781 4,
698 2700 739 2764 2
785 2724 862 2763 ex
909 2700 1022 2763 deo
1125 2753 1572 2766 .....
1686 2724 1729 2762 a
1777 2701 1890 2764 deo

491 2843 564 2854 --
605 2843 690 2851 —
722 2843 806 2851 —
853 2814 910 2866 et
1015 2857 1572 2870 ......
1688 2827 1809 2872 om.

495 2947 561 2954 ——
604 2909 666 2990 4,
698 2909 740 2972 3
786 2930 932 2995 er90
1019 2961 1573 2976 ......
1690 2912 1861 2974 enim

489 3050 576 3058 —
611 3051 688 3058 —
728 3051 803 3060 ——
851 3013 1188 3076 uniuersis
1237 3067 1249 3079 .
1347 3069 1357 3080 .
1456 3069 1465 3078 .
1563 3069 1574 3080 .
1688 3036 1809 3081 om.

492 3155 578 3164 —-
607 3155 694 3164 -—
729 3155 805 3165 ψ-
854 3116 1038 3181 illud
1127 3172 1576 3184 .....
1690 3140 1810 3185 om.

492 3261 576 3270 —
607 3261 691 3269 —-
723 3260 806 3270 —-
845 3233 1059 3308 potest
1127 3275 1576 3290 .....
1690 3247 1936 3310 quoquc

491 3365 576 3374 ——
607 3365 692 3374 —-—
725 3367 808 3374 —
854 3327 1072 3391 omnia
1127 3381 1576 3394 .....
1690 3348 1814 3394 om.

493 3469 576 3479 —-
608 3431 670 3514 5,
709 3431 738 3494 1
790 3431 1036 3495 idcirco
1128 3485 1576 3498 .....
1692 3433 1835 3496 ideo

493 3573 575 3582 —
609 3573 692 3584 —-·
725 3535 765 3598 2
809 3536 1188 3600 saturitatis
1238 3591 1250 3602 .
1347 3591 1358 3602 .
1457 3593 1467 3603 .
1565 3592 1577 3604 .
1690 3557 1811 3602 om.

495 3677 577 3687 ——
611 3640 650 3702 6
695 3661 823 3702 non
914 3691 1577 3708 .......
1690 3664 1817 3704 non
1863 3642 2033 3706 enim
2076 3643 2183 3726 (z
2236 3645 2381 3730 HT)

491 3782 578 3792 —-
607 3782 696 3791 —-
739 3744 992 3808 iudicio
1041 3745 1149 3810 dei
1236 3799 1250 3812 .
1348 3799 1360 3811 .
1457 3801 1468 3811 .
1566 3801 1577 3812 .
1694 3747 1799 3811 dei
1844 3747 2096 3810 iudicio

493 3887 578 3896 —
609 3887 695 3896 -
741 3849 951 3912 animi
1019 3901 1578 3916 ......
1692 3872 1813 3918 om.

493 3991 580 3998 —
613 3954 647 4016 7
683 3952 1044 4040 frayilitas
1131 4007 1578 4022 .....
1678 3955 2039 4044 frayilitas
2085 3958 2309 4020 carnis

497 4095 578 4104 ——
611 4055 650 4119 8
682 4056 1044 4144 fragilitas
1090 4060 1312 4123 carnis
1348 4112 1362 4125 .
1459 4113 1470 4124 .
1568 4113 1580 4125 .
1692 4061 1914 4124 carnis
1946 4059 2311 4148 frayilitas

497 4197 579 4208 -—
612 4161 652 4223 9
684 4160 891 4249 fraqi
915 4215 1578 4230 .......
1692 4185 1814 4231 om.

495 4303 580 4312 —
617 4266 716 4348 11,
752 4267 784 4329 1
835 4267 1105 4349 confides
1133 4321 1579 4334 .....
1691 4267 1975 4352 confidas
2022 4270 2132 4354 (=
2178 4272 2299 4356 H2)

493 4409 580 4418 -—
611 4409 698 4418 —
733 4409 811 4418 —-
857 4371 1176 4436 ‘etideatur
1238 4424 1251 4437 .
1347 4425 1360 4438 .
1455 4426 1468 4438 .
1566 4426 1579 4438 .
1690 4373 2055 4438 uideantur
2100 4377 2211 4460 (=
2256 4377 2365 4462 L1)
