3167 4975
510 383 598 446 44
1320 379 1637 435 Iohannis
1683 377 1988 435 Cassiani

514 557 703 622 alieni
764 561 1215 638 monstrantur,
1286 557 1395 621 sed
1456 558 1535 621 ad
1595 557 2002 621 refectionem
2065 576 2256 640 quam
2317 557 2588 622 diximus
2652 557 2806 622 lassi

513 662 787 745 corporis
818 663 1149 745 pertinere,
1196 663 1362 744 quod
1391 681 1503 746 per
1534 665 1701 726 totas
1735 662 1886 726 anni
1917 662 2302 745 septimanas
2333 661 2564 746 iugiter
2595 662 2804 744 quinis

513 766 734 832 diebus
793 767 1101 847 ieiunanS,
1170 766 1293 830 nisi
1352 766 1596 831 duobus
1668 767 1883 832 saltim
1949 767 2338 851 interpositis
2405 767 2805 831 refocilatum

513 871 719 952 fuerit,
768 871 951 936 facile
995 871 1284 935 lassescit
1330 889 1403 935 ac
1449 871 1678 936 deficit.

596 977 675 1039 X.
725 974 919 1039 Cuius
965 975 1411 1040 moderationis
1458 993 1716 1039 causam
1762 977 2050 1040 nonnulli
2095 976 2160 1041 in
2215 975 2596 1058 quibusdam
2641 975 2803 1040 occi·
2883 992 2910 1030 5

510 1079 869 1145 dentalibus
933 1078 1297 1144 ciuitatibus
1358 1079 1721 1164 ignorantes
1783 1084 1845 1145 et
1906 1081 2176 1145 maxime
2236 1081 2304 1145 in
2363 1081 2518 1146 urbe
2571 1081 2802 1146 idcirco

508 1188 739 1269 putant
797 1183 1257 1249 absolutionem
1319 1183 1568 1249 sabbati
1631 1185 1892 1249 minime
1953 1185 2178 1250 debere
2237 1186 2576 1268 praesumi,
2637 1187 2802 1268 quod
2907 1205 2914 1212 ·

509 1289 865 1374 apostolum
894 1290 1156 1354 Petrum
1202 1289 1267 1354 in
1315 1289 1535 1353 eodem
1566 1289 1666 1354 die
1699 1294 1917 1355 contra
1945 1288 2266 1356 Simonem
2297 1289 2802 1356 conflictaturum

508 1395 810 1459 adserunt
854 1394 1188 1459 ieiunasse.
1240 1414 1312 1459 ex
1357 1413 1479 1477 quo
1526 1395 1732 1480 magis
1781 1399 2041 1479 apparet
2086 1395 2204 1461 hoc
2251 1415 2396 1460 eum
2443 1415 2568 1462 non
2615 1414 2803 1461 cano-

506 1499 651 1564 nica
712 1499 1166 1564 consuetudine
1225 1499 1480 1580 fecisse,
1550 1500 1660 1563 sed
1728 1501 2077 1583 praesentis
2145 1499 2354 1584 potius
2423 1501 2798 1566 necessitate

507 1603 855 1686 conflictuS,
919 1605 1231 1686 siquidem
1292 1606 1356 1669 et
1414 1603 1504 1668 ibi
1562 1622 1676 1687 pro
1737 1603 1858 1670 hac
1919 1605 2138 1669 eadem
2197 1624 2264 1669 re
2316 1623 2442 1670 non
2487 1606 2800 1690 generale,

508 1710 617 1774 sed
664 1709 934 1793 speciale
981 1708 1269 1772 uideatur
1307 1709 1533 1773 Petrus
1580 1708 1904 1792 discipulis
1952 1709 2084 1774 suis
2129 1709 2427 1774 indixisse
2473 1710 2798 1775 ieiunium.

506 1815 673 1896 quod
718 1814 935 1896 utique
981 1831 1107 1878 non
1154 1813 1427 1894 fecisset,
1474 1813 1528 1878 si
1576 1814 1801 1878 scisset
1832 1814 1988 1878 illud
2021 1814 2318 1878 canonica
2348 1815 2800 1880 consuetudine

506 1919 700 1982 solere
746 1918 1005 1998 seruari,
1067 1918 1235 1981 idem
1291 1918 1508 2000 procul
1554 1917 1744 1982 dubio
1791 1918 1984 1982 etiam
2032 1919 2342 1984 dominico
2397 1919 2496 1983 die
2541 1922 2798 2003 paratus

506 2022 800 2103 indicere,
848 2023 903 2087 si
948 2022 1311 2087 certaminis
1358 2022 1556 2106 ipsius
1603 2021 1670 2086 in
1717 2041 1862 2086 eum
1907 2023 2290 2106 conpetisset
2343 2024 2604 2088 occasio,
2683 2041 2797 2087 1160

504 2129 721 2190 tamen
782 2145 852 2190 ex
913 2127 1033 2191 hoc
1078 2127 1298 2191 statim
1344 2127 1646 2191 canonica
1705 2127 1934 2191 fuisset
1979 2127 2196 2191 ieiunii
2243 2129 2462 2212 regula
2518 2129 2797 2212 promul-

504 2231 731 2315 ganda,
792 2232 959 2313 quod
1006 2249 1130 2296 non
1177 2231 1489 2315 generalis
1534 2230 1892 2296 obseruatio
1941 2235 2266 2313 statuerat,
2329 2233 2440 2296 sed
2485 2235 2556 2296 ut
2601 2231 2794 2296 semel

504 2335 685 2400 fieret
726 2337 887 2402 ratio
934 2336 1332 2401 necessitatis
1381 2339 1743 2400 extorserat.

590 2441 701 2506 XI.
748 2441 987 2507 Uerum
1034 2460 1112 2506 ne
1158 2441 1277 2506 hoc
1322 2441 1577 2523 quidem
1623 2441 2042 2525 ignorandum
2089 2443 2188 2506 die
2236 2441 2551 2507 dominica
2601 2459 2796 2506 unam

502 2547 940 2611 tantummodo
1002 2547 1267 2611 missam
1328 2549 1473 2610 ante
1533 2546 1868 2629 prandium
1931 2545 2251 2628 celebrari,
2311 2548 2380 2611 in
2440 2564 2565 2629 qua
2623 2548 2794 2630 psal-

503 2668 751 2715 morum
798 2655 985 2734 atque
1031 2652 1387 2717 orationum
1434 2669 1545 2714 seu
1590 2650 1932 2715 lectionum
1978 2669 2089 2734 pro
2121 2651 2319 2735 ipsius
2353 2652 2651 2716 collectae
2691 2652 2795 2716 uel

503 2756 963 2821 communionis
1026 2756 1374 2821 dominicae
1420 2756 1777 2819 reuerentia
1822 2756 2189 2820 sollemnius
2238 2756 2475 2838 aliquid
2534 2774 2608 2821 ac
2650 2775 2793 2841 pro-

502 2861 758 2944 pensius
805 2861 1217 2944 inpendentes
1265 2861 1329 2925 in
1377 2860 1517 2943 ipsa
1552 2860 1809 2925 tertiam
1842 2864 2205 2942 sextamque
2236 2862 2470 2945 pariter
2500 2879 2792 2927 consum-

504 2970 743 3030 matam
788 2969 1101 3049 reputant.
1151 2966 1364 3048 itaque
1411 2964 1481 3029 fit
1526 2969 1597 3029 ut
1645 2969 1708 3030 et
1752 2966 1828 3029 de
1875 2965 2191 3049 obsequiis
2238 2967 2592 3032 orationum
2631 2967 2790 3031 nihil

503 3070 893 3135 inminuatur
940 3070 1287 3135 adiectione
1333 3070 1573 3135 scilicet
1619 3070 1982 3152 lectionum,
2047 3074 2110 3134 et
2154 3069 2565 3135 nihilominus
2602 3070 2790 3135 diffe-

501 3174 707 3241 rentia
765 3175 1073 3257 quaedam
1134 3174 1237 3239 uel
1295 3174 1583 3239 remissio
1628 3174 1916 3239 uideatur
1963 3174 2264 3239 fratribus
2311 3175 2624 3259 indulgeri
2676 3194 2788 3259 pro

501 3280 857 3345 reuerentia
913 3280 1265 3344 dominicae
1308 3280 1780 3345 resurrectionis
1825 3298 1974 3364 prae
2020 3284 2224 3345 cetero
2271 3284 2574 3364 tempore,
2629 3300 2790 3363 quae.

502 3389 567 3450 et
611 3386 804 3451 totius
866 3386 1257 3470 septimanae
1316 3386 1606 3451 uideatur
1666 3385 2134 3451 obseruantiam
2193 3386 2491 3467 relaxare,
2554 3389 2618 3450 et
2677 3406 2787 3469 pro

500 3491 621 3555 hac
665 3491 803 3575 ipsa
847 3509 1006 3573 quae
1052 3491 1518 3556 intermiscetur
1578 3492 1851 3574 quadam
1898 3490 2253 3556 differentia
2297 3491 2566 3555 eundem
2621 3491 2783 3555 diem

586 3738 620 3791 3
664 3735 960 3789 ieiunantes
1004 3736 1089 3791 11Ἰ
1160 3734 1403 3789 ieiunant
1444 3734 1500 3790 L
1640 3736 1830 3790 saltem
1885 3734 1974 3790 Η2
2115 3732 2450 3790 refocilatum
2493 3736 2578 3792 ita
2630 3734 2782 3793 codd.

497 3826 533 3878 4
568 3822 819 3877 lassescet
854 3838 915 3875 ac
954 3820 1163 3876 deficiet
1196 3824 1267 3877 H
1364 3826 1396 3877 5
1432 3840 1545 3877 non
1582 3824 1874 3895 distinquit
1914 3822 1964 3877 G
2071 3822 2208 3876 XIII
2234 3824 2303 3877 H
2401 3826 2434 3878 6
2470 3822 2599 3877 urbe
2635 3840 2786 3878 roma

500 3912 616 3965 IIL
652 3918 701 3965 et
736 3918 842 3965 tres
878 3910 1031 3966 codd.
1074 3910 1304 3980 Guyckii
1408 3913 1441 3967 8
1478 3925 1754 3979 symonem
1796 3911 1924 3964 G²L
2032 3909 2408 3964 conflicturum
2443 3910 2513 3965 H
2621 3914 2653 3966 9
2691 3910 2784 3965 ad·
2829 3944 2832 3949 -

498 4000 679 4051 serant
716 3999 862 4053 HLc
983 4014 1046 4051 ex
1080 3997 1335 4051 canonica
1369 3997 1423 4052 L
1555 4000 1620 4054 15
1659 3998 1978 4067 conpetisset
2011 4000 2238 4067 scripsi-.-
2274 3998 2608 4067 conpegisset
2646 3998 2785 4055 GLv

498 4084 553 4137 in
579 4100 640 4136 eo
665 4085 978 4153 contigisset
1001 4086 1070 4139 H
1171 4087 1236 4139 16
1262 4084 1425 4138 ieiuni
1448 4086 1525 4139 L¹
1636 4088 1700 4140 19
1736 4084 1816 4139 XI
1837 4086 1918 4140 L:
1953 4084 2004 4138 X
2033 4085 2084 4139 G
2153 4084 2322 4139 XIIII
2347 4088 2416 4140 H
2515 4084 2783 4139 dominica

501 4172 622 4226 GH
627 4192 645 4225 :
680 4171 945 4225 domiuico
981 4172 1069 4227 Lv
1180 4174 1250 4227 20
1286 4187 1390 4241 quo
1426 4172 1497 4227 H
1593 4174 1662 4228 22
1700 4172 2085 4227 commonionis
2119 4174 2194 4227 L¹
2303 4189 2364 4243 ac
2399 4173 2664 4245 proipsius
2707 4174 2784 4229 G.-

495 4276 595 4313 om.
631 4260 678 4314 S
769 4260 837 4314 25
862 4258 1090 4313 adiectio
1119 4258 1193 4315 6¹
1300 4258 1594 4313 deferentia
1616 4261 1670 4315 L
1774 4262 1842 4315 27
1869 4258 2106 4315 domicac
2129 4261 2183 4316 L
2287 4264 2356 4317 29
2395 4246 2706 4315 defferentia
2727 4262 2782 4317 L

495 4362 617 4398 eum
655 4344 793 4399 diem
832 4346 909 4400 L¹
979 4345 1207 4400 eundem
1242 4346 1367 4416 (om.
1406 4346 1569 4415 diem)
1607 4348 1685 4401 L²

2856 1515 2908 1555 10

2853 2036 2903 2076 15

2842 3081 2894 3121 25
