3167 4975
535 420 652 477 LII

538 592 738 653 scatet
797 592 1012 652 autem
1081 587 1324 653 mendis
1385 586 1669 653 omnium
1730 604 2031 671 generum
2100 586 2569 671 peculiaresque.
2628 585 2819 651 habet

539 694 1071 777 interpolationes,
1118 695 1396 772 lacunas,
1445 693 1993 757 lectionesfa13a8.
2059 697 2118 756 et
2169 692 2525 775 intemolati
2571 692 2824 773 quidem

539 803 688 863 sunt
746 798 868 863 loci
935 795 1091 877 339,
1140 797 1180 860 6
1239 806 1500 859 sanctae
1569 796 1876 858 caritatis
1944 816 2055 880 pro
2111 794 2438 881 pulchrae
2503 794 2824 870 mulieris,

537 901 685 983 375,
728 901 806 965 21
857 902 1022 964 enim
1071 900 1383 987 [inquit],
1445 900 1593 981 377,
1633 900 1710 962 18
1769 902 1997 963 horum
2056 899 2173 985 [εει-
2218 900 2359 986 his]
2404 898 2655 962 homini
2718 898 2826 983 (ex

539 1006 639 1069 his
687 1007 1014 1090 explicatio
1059 1006 1339 1090 genetiui
1395 1006 1629 1067 horum
1685 1025 1820 1069 esse
1870 1005 2165 1088 uidet-ur),
2228 1004 2377 1084 428,
2411 1004 2451 1067 3
2500 1003 2827 1065 hominum

535 1109 867 1196 [loquar]
939 1130 1087 1175 sane
1135 1130 1402 1194 magnus
1451 1114 1548 1174 est
1594 1112 1961 1174 lacunarum
2010 1128 2325 1173 numeru&
2400 1128 2595 1173 unum
2643 1127 2827 1172 uoca-

541 1215 760 1279 bulum
807 1216 980 1279 deest
1025 1234 1084 1299 p.
1121 1213 1270 1294 322,
1303 1214 1344 1277 4
1389 1236 1521 1289 nec,
1567 1214 1717 1295 332,
1753 1216 1793 1275 6
1841 1236 1917 1275 ac
1962 1214 2145 1296 (item
2192 1212 2339 1293 357,
2390 1212 2513 1293 13),
2562 1213 2708 1294 333,
2748 1212 2821 1274 11

540 1317 635 1395 de,
682 1318 829 1399 333,
863 1318 949 1381 20
993 1340 1142 1393 non,
1204 1318 1352 1399 335,
1393 1318 1422 1379 1
1471 1318 1768 1393 senserit,
1831 1316 1979 1397 340,
2019 1316 2097 1381 15
2142 1340 2321 1393 suae,
2370 1316 2518 1397 348,
2551 1318 2592 1377 5
2646 1339 2825 1386 enas,

539 1423 688 1503 356,
723 1422 805 1485 28
839 1422 957 1499 ita,
1007 1422 1153 1499 359,
1187 1423 1230 1484 4
1263 1421 1517 1497 bonum,
1551 1422 1699 1501 359,
1742 1422 1818 1484 12
1850 1420 2011 1497 ullo,
2054 1421 2201 1502 377,
2242 1422 2320 1483 15
2352 1443 2518 1508 er90,
2559 1420 2707 1501 379,
2746 1422 2826 1483 19

536 1528 698 1603 suis,
731 1527 878 1607 379,
913 1526 996 1590 23
1028 1549 1147 1603 eos,
1196 1525 1344 1607 387,
1379 1528 1460 1589 23
1499 1526 1588 1601 id,
1638 1525 1785 1605 388,
1826 1526 1904 1589 10
1936 1536 1994 1589 et
2028 1527 2206 1607 (item
2240 1526 2387 1605 421,
2422 1526 2511 1603 3),
2558 1524 2708 1599 400,
2740 1526 2825 1589 26

538 1631 610 1694 in
650 1632 831 1714 (item
865 1631 1012 1711 409,
1047 1632 1134 1711 9),
1183 1631 1330 1703 402,
1373 1630 1450 1692 14
1486 1652 1771 1713 namque,
1820 1630 1969 1704 404,
2002 1630 2080 1692 21
2119 1640 2356 1706 autem,
2404 1630 2551 1707 431,
2586 1630 2626 1691 2
2678 1631 2826 1705 iam,

539 1734 690 1815 432,
723 1735 809 1797 24
855 1736 1041 1810 enim,
1103 1735 1250 1813 439,
1287 1734 1365 1797 21
1421 1734 1544 1809 viel,
1606 1734 1755 1814 443,
1790 1735 1830 1797 3
1876 1745 1969 1810 m,
2030 1734 2179 1802 450,
2220 1736 2247 1796 1
2298 1735 2541 1819 qratia,
2604 1734 2752 1804 451,
2786 1737 2827 1795 6

435 1840 438 1845 ’
538 1840 657 1915 ait,
720 1839 868 1906 456,
913 1840 985 1901 21
1043 1862 1176 1915 7103,
1239 1839 1388 1919 467,
1441 1840 1515 1901 15
1579 1839 1715 1913 clm,
1778 1838 1927 1914 467,
1972 1840 2055 1901 26
2116 1838 2267 1915 sibi,
2327 1838 2477 1916 467,
2520 1838 2601 1900 28
2664 1862 2826 1915 ωιτη,

538 1943 688 2023 473,
730 1942 806 2006 15
847 1944 1140 2021 imi-icem,
1188 1943 1336 2013 474,
1371 1944 1442 2006 21
1491 1943 1692 2019 licito,
1740 1943 1888 2023 482,
1922 1943 2007 2005 22
2038 1966 2198 2018 etc-m,
2244 1943 2393 2023 491,
2428 1945 2467 2005 3
2500 1966 2635 2006 uos.
2706 1946 2827 2009 duo

541 2049 848 2113 uocabula
909 2050 1132 2114 dosunt
1199 2071 1256 2132 p.
1302 2050 1450 2127 312,
1500 2048 1572 2109 11
1634 2058 1708 2110 ut
1770 2048 2088 2125 arbitro-r,
2150 2049 2298 2129 352,
2347 2049 2423 2109 13
2472 2058 2529 2111 et
2589 2048 2827 2125 cordis,

537 2151 686 2226 371,
735 2152 809 2215 17
879 2175 954 2213 ac
1015 2153 1284 2237 desp-ici,
1346 2153 1494 2229 422,
1545 2153 1578 2213 7
1646 2163 1702 2215 et
1771 2153 1857 2227 in,
1918 2152 2067 2233 475,
2124 2154 2197 2215 18
2260 2152 2349 2215 ad
2405 2152 2826 2237 pec-eandum,

536 2256 686 2337 489,
718 2258 804 2320 20
843 2257 1027 2340 apud
1061 2257 1267 2319 deum.
1333 2259 1480 2321 iria:
1531 2278 1589 2341 p.
1626 2258 1773 2324 336,
1808 2258 1892 2319 20
1940 2256 2305 2319 uoluntatis
2339 2266 2429 2319 est
2461 2258 2825 2343 aeglritudo,
2952 2314 2969 2327 ‚

537 2360 685 2441 359,
726 2362 802 2423 18
839 2361 1040 2423 distat
1074 2371 1130 2423 et
1165 2361 1478 2424 homine-m
1511 2363 1789 2446 (propter
1822 2364 2283 2444 ἑιωιοτέλευτεν),
2330 2361 2478 2441 400,
2522 2363 2595 2423 15
2638 2372 2826 2445 atque

537 2464 792 2529 animae
837 2466 1192 2550 passiones.
1263 2471 1586 2549 quattuor:
1652 2489 1709 2550 p.
1755 2468 1903 2548 358,
1937 2467 1976 2528 9
2022 2466 2245 2552 spatio
2292 2467 2670 2530 terminarit
2715 2491 2829 2530 nec

539 2581 768 2652 tamen,
801 2571 950 2651 422,
985 2571 1024 2630 9
1055 2581 1350 2634 sanctum
1382 2570 1656 2633 canibus
1688 2594 1887 2656 neque
1916 2571 2230 2633 miseritis
2264 2573 2824 2655 (propter511mmz),

537 2676 684 2755 466,
727 2675 809 2737 28
858 2674 938 2737 ab
1002 2674 1294 2762 ‘indigynis
1351 2686 1410 2739 et
1473 2675 1807 2740 increduli
1852 2677 2131 2760 (propter
2190 2679 2444 2760 immet).
2518 2678 2823 2760 quinque:

535 2801 595 2863 p.
631 2779 779 2858 428,
813 2779 852 2838 9
900 2779 1030 2842 alii
1067 2780 1235 2862 fides
1281 2779 1413 2843 alii
1471 2780 1699 2866 qratia
1741 2780 2129 2844 sanitatum.
2207 2782 2551 2846 notandum
2614 2787 2823 2846 autem

537 2885 760 2948 harum
795 2885 1159 2950 lacunarum
1193 2891 1436 2969 partem
1470 2887 1635 2950 haud
1671 2887 1957 2970 exiguam
1995 2887 2185 2950 etiam
2220 2887 2283 2950 111
2322 2907 2351 2948 v
2384 2891 2618 2950 extare:
2662 2887 2825 2968 quod

538 2989 738 3072 magis
789 2989 977 3053 etiam
1026 2990 1088 3053 in
1137 2991 1507 3055 lectiones
1554 2991 1976 3073 peculiares
2026 2992 2187 3055 cadit
2236 3009 2393 3072 quas
2433 2995 2508 3054 Π
2553 2991 2821 3054 exhibet.

537 3092 942 3174 quamobrem
971 3095 1120 3158 loeis
1153 3095 1274 3158 huc
1307 3095 1769 3177 pert-inentibus
1803 3114 2177 3160 consensum
2212 3095 2556 3158 editionum
2588 3117 2621 3156 c
2656 3117 2689 3156 r
2724 3095 2820 3178 (v)

539 3197 909 3261 adscribam.
969 3217 1028 3281 p.
1064 3198 1213 3279 320,
1247 3196 1326 3259 27
1363 3208 1420 3260 et
1457 3197 1572 3280 (ce),
1621 3198 1768 3279 322,
1800 3198 1842 3262 4
1875 3198 2198 3261 contendit
2236 3197 2353 3282 (v),
2402 3198 2548 3278 325,
2581 3199 2621 3260 3
2654 3199 2827 3283 quod

541 3300 660 3386 (v),
708 3301 853 3378 326,
887 3303 927 3364 6
974 3311 1064 3364 est
1114 3301 1232 3385 (v),
1281 3303 1428 3382 342,
1465 3303 1498 3364 7
1549 3302 1762 3366 edocet
1814 3303 1933 3388 (u),
1979 3303 2127 3382 344,
2162 3305 2200 3364 8
2234 3324 2382 3388 erqo
2435 3304 2553 3388 (v),
2601 3303 2750 3384 345,
2783 3302 2825 3366 2

536 3427 739 3490 super
771 3406 1120 3491 (Uulgata),
1169 3407 1316 3486 346,
1350 3405 1428 3468 14
1461 3407 1649 3483 enim,
1696 3407 1843 3487 353,
1872 3409 1910 3468 9
1942 3407 2139 3492 prius
2176 3407 2291 3492 (c),
2332 3408 2479 3484 356,
2504 3407 2547 3470 4
2584 3407 2824 3494 i9not08

541 3507 622 3593 (c,
672 3515 731 3574 et
772 3533 804 3570 ν
850 3511 912 3576 111
946 3511 1276 3595 margine),
1325 3511 1474 3589 362,
1510 3511 1596 3574 24
1642 3512 1921 3580 mouerit
1971 3511 2086 3596 (c),
2134 3512 2281 3592 363,
2322 3512 2399 3573 19
2432 3511 2826 3596 frequenter·

543 3613 658 3698 (c),
713 3613 860 3694 370,
904 3615 972 3676 11
1033 3614 1215 3678 nobis
1269 3617 1383 3698 (c),
1447 3616 1595 3695 370,
1640 3615 1722 3678 25
1775 3616 1948 3678 uia-m
2002 3619 2063 3698 (υ
2110 3621 2173 3680 et
2226 3617 2543 3700 Uulgata),
2600 3615 2748 3695 384,
2782 3617 2823 3680 5

539 3718 856 3781 inminuit
894 3719 1008 3804 (c),
1055 3719 1202 3798 388,
1243 3722 1269 3783 1
1309 3720 1661 3782 aduersam
1702 3721 1821 3805 (r),
1869 3721 2017 3800 392,
2050 3721 2092 3784 5
2138 3731 2353 3783 autem
2390 3722 2510 3804 (τ’),
2558 3721 2706 3803 399,
2740 3723 2821 3785 27

536 3822 722 3885 nisus
773 3822 892 3908 (v),
947 3824 1096 3904 405,
1138 3825 1214 3888 15
1261 3809 1766 3910 quadrifariam
1818 3827 1936 3910 (c),
1997 3825 2145 3907 411,
2176 3826 2221 3888 4
2268 3837 2495 3899 tamen,
2558 3826 2705 3906 421,
2746 3827 2825 3891 12

539 3927 611 3989 in
642 3949 772 4012 qua
808 3927 927 4011 (v),
961 3928 1108 4008 421,
1150 3930 1225 3991 19
1259 3929 1492 3994 uiuam
1529 3933 1645 4006 (c),
1686 3931 1833 4010 426,
1871 3930 1903 3992 7
1940 3931 2356 3993 curationum
2398 3931 2516 4014 (r),
2556 3931 2705 4012 426,
2740 3932 2821 3994 27

542 4030 814 4094 illorum
865 4031 984 4116 (v),
1031 4033 1179 4112 434,
1221 4034 1298 4096 15
1345 4033 1635 4098 cohibere
1686 4035 1807 4121 (v),
1854 4034 2003 4116 440,
2039 4035 2121 4099 20
2166 4046 2657 4122 contractusque
2702 4037 2822 4122 (v),

535 4136 684 4216 446,
717 4137 756 4200 3
804 4138 1083 4223 proteqit
1135 4137 1250 4218 (c),
1297 4138 1445 4219 450,
1486 4138 1558 4201 17
1600 4140 1829 4204 „cordis
1881 4141 2000 4222 (v),
2058 4141 2205 4220 454,
2248 4143 2287 4202 6
2341 4139 2653 4204 inridebit
2704 4140 2822 4228 (c),

535 4239 685 4320 459,
748 4239 790 4304 5
844 4241 1195 4326 praeualet
1263 4242 1378 4326 (c),
1447 4243 1598 4324 488,
1660 4244 1746 4306 22
1809 4244 2284 4308 examinatione
2350 4245 2469 4330 (v),
2528 4245 2677 4326 489,
2738 4247 2825 4310 24

537 4344 836 4408 mulieris
889 4344 1002 4430 (e).
1051 4347 1250 4410 rarius
1300 4348 1605 4412 uocabula
1637 4351 2021 4432 transposita
2063 4355 2228 4428 sunt,
2277 4351 2474 4415 ueluti
2507 4370 2564 4433 p.
2600 4349 2749 4434 351,
2780 4351 2825 4414 4
