3167 4975
533 413 654 478 166
1345 415 1659 471 Iohannis
1707 415 2004 471 Cassiani

1329 693 1626 777 LIBER
1679 692 2018 778 NONUS.

1083 834 1215 900 DE
1261 835 1647 901 SPIRITU
1692 835 2257 903 TRIsTITIAE.

1435 977 1904 1029 CAPI'I'DLA.

614 1116 661 1179 Ι.
712 1115 887 1196 Quod
935 1117 1226 1197 quintum
1289 1121 1607 1181 certamen
1657 1117 1741 1181 sit
1802 1117 2103 1182 aduersus
2151 1119 2444 1202 spirit-um
2500 1118 2817 1197 tristitiae,

527 1224 589 1284 et
633 1238 792 1301 quae
839 1239 950 1303 per
994 1219 1199 1303 ipsam
1245 1221 1444 1285 menti
1491 1221 1841 1286 inferantur
1887 1222 2231 1305 dispendia.
2898 1247 2925 1284 ⁵

615 1325 694 1388 II.
746 1324 884 1404 Qua
929 1325 1214 1389 cautione
1262 1324 1517 1389 morbus
1565 1325 1861 1390 tristitiae
1908 1326 1992 1390 sit
2038 1326 2367 1391 curandus,

613 1429 727 1492 III.
777 1428 980 1510 Quam
1027 1430 1536 1513 conparationem
1581 1429 1814 1494 habeat
1853 1431 2065 1496 anima
2112 1450 2271 1513 quae
2316 1431 2609 1496 tristitiae
2652 1449 2816 1495 mor-

528 1532 702 1598 sibus
750 1533 1102 1598 denotat-ur.

613 1638 762 1702 IIII.
811 1637 992 1702 Unde
1040 1639 1142 1702 uel
1188 1638 1413 1720 quibus
1463 1640 1663 1704 modis
1712 1639 1970 1704 tristitia
2014 1639 2329 1723 gignatur.

613 1743 688 1806 V.
736 1742 912 1823 Quod
973 1761 1098 1807 non
1145 1743 1432 1826 aliorum,
1495 1744 1605 1808 sed
1653 1746 1862 1808 nostro
1926 1743 2079 1808 uitio
2141 1743 2593 1808 commotiones
2656 1745 2817 1807 exci-
2878 1771 2929 1808 ιο

525 1853 738 1912 tentur
785 1847 849 1912 in
897 1846 1096 1912 nobis,
1885 1839 1893 1848 ’

611 1953 720 2017 VI.
769 1951 945 2032 Quod
993 1952 1202 2016 nullus
1249 1953 1574 2036 repentino
1623 1953 1805 2035 lapsu
1851 1955 2131 2032 eonruat,
2198 1953 2305 2016 sed
2352 1954 2658 2036 paulatim
2704 1972 2816 2036 per

523 2059 777 2140 longam
825 2057 1130 2121 incuriam
1177 2057 1496 2122 reccidens
1541 2061 1776 2141 pereat.

611 2162 754 2226 VII.
804 2161 982 2242 Quod
1014 2178 1136 2226 non
1185 2162 1313 2226 sint
1340 2164 1609 2227 fratrum
1656 2162 1997 2226 deserenda
2028 2163 2360 2242 consortia,
2408 2167 2477 2226 ut-
2516 2163 2815 2245 perfect-io

525 2267 946 2348 conquiratur,
996 2267 1104 2330 sed
1150 2266 1456 2350 patient-ia
1500 2267 1728 2351 iugiter
1775 2267 2127 2332 excolenda.
2872 2295 2924 2332 15

613 2371 785 2435 VIII.
837 2370 1034 2452 Quod,
1083 2371 1134 2434 si
1183 2389 1385 2435 mores
1435 2375 1679 2436 nostros
1728 2371 2090 2436 emendatos
2136 2370 2568 2452 habuerimuS,
2615 2373 2815 2455 possit·

527 2475 706 2541 nobis
753 2496 898 2541 cum
943 2474 1236 2540 omuibus
1283 2477 1637 2541 conuenire.

611 2581 818 2646 VIIII.
868 2580 964 2645 De
1013 2581 1133 2645 alio
1181 2600 1406 2665 genere
1453 2582 1769 2662 tristitiae,
1833 2582 1997 2664 quod
2043 2581 2542 2665 desperationem
2590 2582 2813 2646 salut-is

522 2687 817 2769 inportat.

611 2790 686 2853 X.
737 2790 812 2854 In
859 2808 979 2872 quo
1028 2790 1461 2854 tantummodo
1509 2789 1690 2854 nobis
1739 2790 1819 2853 sit
1866 2790 2123 2854 tristitia
2170 2790 2363 2855 utilis,
2874 2826 2933 2865 20

611 2894 720 2958 XI.
773 2894 1314 2974 Quemadmodum
1361 2894 1772 2974 discernatur,
1821 2911 1979 2976 quae
2013 2895 2096 2958 sit
2141 2895 2313 2959 utilis
2362 2912 2434 2958 ac
2466 2894 2814 2959 secundum

525 3000 713 3063 deum
760 2999 1039 3081 tristitia,
1088 3003 1150 3063 et
1195 3017 1353 3081 quae
1401 2998 1711 3063 diabolica
1758 3001 1945 3081 atque
1993 2999 2331 3063 mortifera.

609 3104 754 3168 XII.
801 3104 978 3184 Quod
1033 3102 1268 3187 absque
1329 3104 1436 3168 illa
1482 3103 1747 3167 salut-ari
1792 3103 2066 3183 tristitia,
2132 3122 2291 3185 quae
2346 3103 2548 3168 tribus
2610 3104 2813 3168 modis

521 3213 876 3292 generatur,
923 3208 1128 3274 omnis
1175 3208 1434 3273 tristitia
1480 3213 1805 3289 tamquam
1854 3208 2035 3272 noxia
2078 3208 2439 3290 repellenda
2482 3208 2583 3273 sit.

607 3312 784 3378 XIII.
843 3313 1144 3377 Remedia
1203 3313 1428 3396 quibus
1490 3312 1813 3377 tristitIam
1877 3313 1954 3376 de
1998 3312 2289 3377 cordibus
2334 3313 2567 3378 nostris
2614 3318 2815 3378 exter·
2874 3352 2931 3390 25

522 3419 762 3483 minare
806 3417 1135 3501 possimus.

605 3602 639 3655 4
685 3598 826 3667 quod
874 3598 1122 3667 quintum
1168 3600 1348 3655 ALT:
1396 3602 1659 3667 quantum
1706 3598 1775 3653 H
1910 3598 2195 3653 aduersum
2242 3599 2309 3654 H
2446 3602 2478 3655 5
2522 3599 2720 3653 mentis
2758 3600 2815 3655 L

522 3686 880 3740 defendantur
924 3688 1138 3739 aeterna
1182 3687 1251 3740 H
1395 3688 1428 3741 9
1481 3684 1738 3754 gignatur
1784 3685 1913 3741 LT:
1967 3685 2211 3755 gignitur
2257 3688 2312 3741 A
2402 3686 2697 3755 gignantur
2750 3688 2819 3743 H

523 3776 589 3829 10
613 3772 1053 3827 commotationes
1080 3774 1150 3828 H
1211 3773 1510 3827 excitantur
1535 3774 1653 3828 HT
1734 3776 1796 3828 12
1822 3772 1975 3827 Iabsu
2000 3774 2053 3828 A
2126 3778 2349 3827 conruat
2376 3774 2447 3829 T:
2484 3777 2699 3827 curruat
2726 3774 2813 3829 Ηι

520 3861 734 3913 corruat
752 3860 954 3915 ALH²
1045 3864 1108 3916 13
1127 3858 1765 3914 reccidensA:reccdens
1787 3860 1956 3914 HLT
2042 3862 2103 3916 14
2126 3860 2287 3915 sitH
2316 3862 2514 3916 suntT
2602 3864 2666 3917 15
2686 3877 2813 3915 con-

520 3946 752 4015 quiritur
777 3948 861 4001 H¹
973 3950 1036 4002 16
1075 3950 1284 4000 nostras
1322 3948 1390 4001 H
1483 3950 1546 4003 18
1585 3945 1999 4016 disperationem
2037 3948 2263 4002 AHLT
2362 3951 2431 4003 20
2468 3948 2523 4001 in
2548 3952 2813 4017 quantum

519 4033 678 4089 modo
726 4035 842 4089 HT
943 4033 1014 4087 sit
1057 4033 1209 4087 nobis
1255 4035 1307 4089 L
1415 4033 1667 4088 tristitiae
1705 4035 1773 4088 H
1873 4034 2044 4103 utilis]
2084 4034 2231 4087 uitiis
2256 4035 2331 4088 L¹
2438 4037 2503 4091 21
2537 4050 2813 4103 quemam-

521 4120 738 4176 modum
764 4122 818 4176 L
912 4124 980 4177 22
1007 4120 1164 4175 deum
1189 4140 1290 4178 om.
1318 4122 1436 4176 HT
1523 4124 1593 4176 23
1629 4120 1879 4174 salutaris
1905 4122 2022 4176 HT
2118 4120 2369 4175 tristitiae
2395 4123 2464 4177 H
2558 4124 2627 4177 24
2663 4138 2813 4190 repe-

518 4208 677 4263 lenda
702 4210 768 4263 H
863 4212 931 4264 26
968 4225 1248 4278 possumus
1274 4210 1382 4263 LT
1447 4206 1671 4261 Finiunt
1696 4206 2024 4277 (Expliciunt
2046 4210 2121 4277 L)
2147 4208 2382 4278 capitula
2406 4210 2515 4265 AL
2612 4209 2817 4278 Incipit-

522 4296 586 4350 de
621 4296 812 4366 spiritu
849 4296 1096 4349 tristitiae
1133 4281 1210 4350 Ιίᾗ
1233 4296 1420 4350 -V1111
1443 4324 1454 4336 ·
1481 4296 1532 4350 G
1639 4295 1839 4364 Incipit
1875 4300 2049 4350 textus
2086 4295 2321 4351 eiusdem
2359 4295 2485 4350 libri
2509 4298 2562 4351 L
2668 4298 2816 4353 οιῡιιἸ

521 4386 848 4453 inscriptum
885 4384 946 4437 in
981 4384 1107 4437 AH
