3167 4975
280 1563 330 1599 1⁰

281 2091 330 2132 15

275 2616 330 2654 20

273 3140 326 3179 25

1179 425 1338 480 Inst.
1375 423 1484 478 lib.
1525 423 1677 487 VIII,
1715 426 1868 480 2-4.
2484 380 2489 386 μ
2544 423 2670 490 153

384 599 502 664 rali
535 603 596 664 et
625 601 944 682 conposito
986 599 1442 681 describuntur,
1485 600 1729 682 capillis
1764 601 2015 679 scilicet,
2060 601 2260 682 capite
2296 603 2358 662 et
2390 599 2670 679 naribuS,

383 704 576 769 oculis
625 721 696 768 ac
742 703 918 784 facie,
981 703 1272 768 manibus
1320 709 1382 768 et
1425 703 1702 785 brachio,
1764 703 1996 786 digitis,
2043 708 2218 768 utero
2263 704 2669 786 pedibusque.

383 826 542 890 quae
588 809 799 873 omnia
845 810 1188 873 secundum
1235 810 1428 873 uilem
1473 810 1717 873 litterae
1766 827 1989 872 sonum
2035 809 2086 871 si
2134 809 2517 872 uoluerimus
2564 809 2672 871 ad-

385 914 655 994 mittere,
701 914 886 977 deum
934 913 1311 977 liniamentis
1359 913 1789 976 membrorum
1835 916 1897 976 et
1942 931 2236 994 corporea
2280 912 2481 994 figura
2526 932 2671 977 con-

383 1019 676 1100 positum,
739 1018 902 1100 quod
965 1018 1134 1082 dictu
1181 1035 1427 1100 quoque
1474 1018 1651 1081 nefas
1700 1022 1796 1080 est
1840 1017 2127 1099 quodque
2176 1017 2343 1080 absit
2388 1035 2425 1080 a
2470 1015 2670 1096 nobis,

384 1141 637 1186 necesse
687 1127 784 1186 est
827 1122 1164 1186 aestimari.

469 1226 616 1290 IIII.
668 1226 886 1308 Itaque
933 1229 1004 1290 ut
1047 1226 1203 1290 haec
1249 1226 1595 1290 secundum
1641 1226 1913 1290 litt-eram
1966 1242 2089 1289 non
2135 1224 2371 1306 absque
2404 1224 2672 1289 nefando

385 1332 704 1414 sacrilegio
750 1335 1016 1414 possunt
1061 1331 1344 1414 intellegi
1389 1348 1576 1413 super
1623 1348 1716 1409 ec,
1763 1330 1869 1410 qui
1916 1329 2266 1409 inuisibilis,
2313 1328 2670 1409 ineffabilis,

385 1434 1027 1519 inconprehensibilis,
1077 1435 1574 1514 inaestimabilis,
1624 1435 1881 1517 simplex
1934 1439 1995 1498 et
2038 1434 2460 1516 inconpositus
2493 1450 2673 1496 sanc-

383 1546 590 1604 tarum
637 1541 1086 1624 scripturarum
1135 1541 1500 1603 auctoritate
1549 1538 1861 1619 definitur,
1912 1540 2000 1602 ita
2044 1557 2122 1602 ne
2162 1539 2386 1602 furoris
2419 1538 2669 1619 quidem

385 1650 449 1709 et
491 1645 618 1710 irae
663 1644 1046 1728 perturbatio
1092 1644 1180 1708 illi
1225 1643 1664 1708 indemutabili
1712 1647 1971 1707 naturae
2019 1643 2153 1706 sine
2208 1643 2444 1724 ingenti
2504 1642 2673 1706 blas-

385 1750 636 1832 phemia
679 1749 906 1832 poterit
951 1749 1243 1831 coaptari.
1308 1767 1453 1811 nam
1500 1746 1927 1811 huiuscemodi
1974 1746 2425 1830 significatione
2474 1765 2673 1810 mem-

385 1853 636 1919 brorum
699 1853 942 1917 diuinas
1005 1852 1369 1916 efficientias
1432 1852 1526 1914 dei
1593 1855 1657 1915 et
1714 1852 2036 1915 inmensas
2097 1851 2485 1932 operationes
2542 1852 2672 1913 eius

387 1959 615 2022 sentire
663 1957 987 2038 debemuS‚
1035 1975 1193 2039 quae
1240 1956 1420 2020 nobis
1468 1957 1586 2019 nisi
1632 1975 1743 2039 per
1782 1955 1938 2020 haec
1983 1955 2216 2018 usitata
2248 1954 2673 2018 membrorum

384 2062 689 2127 uocabula
734 2065 1052 2144 nequeunt
1106 2061 1404 2127 intimari.
1482 2065 1552 2126 ut
1612 2064 1765 2143 puta
1825 2059 2277 2143 significatione
2338 2060 2462 2123 oris
2522 2078 2668 2124 con-

385 2167 759 2232 locutionem
807 2167 959 2247 eiuS,
1007 2161 1163 2248 quae
1209 2167 1271 2230 in
1321 2183 1577 2230 arcanos
1612 2166 1857 2228 animae
1890 2183 2111 2227 sensus
2146 2164 2303 2228 solet
2334 2164 2673 2227 clementer

386 2271 644 2352 infundi,
699 2272 799 2334 uel
847 2271 1009 2353 quod
1058 2272 1120 2335 in
1169 2269 1448 2353 patribus
1497 2269 1727 2334 nostris
1775 2273 1960 2351 atque
2007 2268 2325 2350 prophetis
2373 2268 2538 2330 idem
2584 2270 2675 2332 lo-

387 2379 565 2440 cutus
611 2375 693 2439 sit
738 2393 1172 2459 agnoscamus,
1243 2375 1308 2438 in
1341 2375 1535 2438 oculis
1567 2374 2037 2438 inmensitatem
2068 2373 2506 2456 perspicaciae,
2553 2392 2675 2454 qua

386 2481 676 2545 uniuersa
719 2479 1058 2563 perlustrat
1103 2498 1174 2544 ac
1220 2479 1538 2563 perspicit,
1588 2483 1650 2543 et
1695 2478 1854 2561 quod
1902 2478 2056 2543 nihil
2105 2496 2248 2541 eum
2283 2498 2353 2542 ex
2385 2478 2482 2542 his
2515 2497 2673 2560 quae.

389 2604 426 2648 a
484 2585 662 2649 nobis
723 2589 1024 2668 geruntur
1083 2584 1434 2668 gerendaue
1498 2589 1645 2647 sunt
1700 2603 1811 2647 seu
1857 2584 2208 2665 cogitantur
2252 2583 2467 2663 lateat,
2516 2584 2673 2647 scire

384 2691 716 2772 possimus,
790 2707 1088 2753 manuum
1137 2689 1595 2771 nuncupatione
1640 2687 2097 2770 prouidentiam
2132 2691 2196 2750 et
2227 2687 2672 2769 operationem,

385 2811 510 2875 qua
553 2794 832 2859 omnium
875 2794 1009 2876 ipse
1057 2794 1138 2857 sit
1183 2796 1423 2857 creator
1463 2796 1526 2857 et
1558 2792 1857 2873 conditor,
1906 2792 2269 2855 sentiamus.
2347 2791 2675 2855 brachium

385 2915 628 2979 quoque
671 2898 922 2963 uirtutis
969 2901 1032 2962 et
1075 2896 1540 2980 gubernationis
1590 2897 1720 2959 eius
1765 2896 2055 2979 insignia,
2104 2913 2226 2977 qua
2274 2899 2498 2959 cuncta
2538 2914 2675 2959 sus-

383 3004 607 3082 tentat,
671 3002 1026 3067 moderatur
1085 3018 1157 3065 ac
1216 3002 1396 3085 regit,
1459 3005 1520 3065 et
1579 3005 1651 3064 ut
1704 3001 1779 3064 de
1835 3002 2056 3064 ceteris
2104 3004 2369 3080 taceam,
2417 3001 2672 3064 canities

384 3105 602 3188 capitis
648 3105 796 3187 quid
844 3105 1011 3169 aliud
1057 3124 1244 3187 quam
1292 3106 1777 3188 longaeuitatem
1828 3104 2073 3168 deitatis
2124 3108 2184 3167 et
2238 3104 2673 3184 antiquitatem

385 3210 713 3292 significat,
774 3228 896 3292 qua
957 3210 1089 3273 sine
1149 3210 1276 3274 ullo
1337 3209 1641 3293 principio
1697 3213 1794 3273 est
1839 3212 1901 3272 et
1946 3212 2089 3271 ante
2137 3209 2347 3272 omnia
2392 3211 2675 3290 tempora

383 3317 698 3378 creatura-s
747 3314 987 3378 excedit
1029 3314 1404 3377 uniuersas?
1472 3314 1562 3377 ita
1607 3314 1799 3396 igitur
1846 3316 1903 3376 et
1952 3312 2027 3375 de
2073 3312 2165 3375 ira
2210 3311 2309 3374 dei
2340 3312 2440 3375 uel
2471 3312 2677 3375 furore
2730 3323 2743 3339 ⁶

383 3436 528 3481 cum
572 3418 863 3502 legimuS‚
911 3436 1034 3483 non
1081 3420 1544 3499 ἀνθρωπεπαθῶς,
1606 3417 1664 3481 id
1724 3420 1820 3481 est
1866 3416 2205 3481 secundum
2252 3416 2674 3480 humilitatem

475 3594 499 3648 1
529 3591 731 3646 scilicet
755 3594 809 3645 et
832 3594 886 3646 A
984 3590 1174 3661 capitis
1201 3606 1261 3643 ac
1287 3588 1505 3644 naribus
1530 3591 1583 3643 L
1692 3589 1725 3643 2
1752 3588 1835 3657 ac]
1864 3591 1917 3642 et
1941 3589 1992 3643 L
2087 3587 2312 3657 pedibus
2338 3588 2463 3643 ΛΠ
2548 3590 2581 3642 4
2606 3586 2671 3640 li-

382 3680 676 3734 neamentis
699 3681 752 3734 L
861 3678 1201 3733 menbrorum
1234 3678 1284 3731 G
1390 3680 1444 3730 ct
1482 3692 1699 3745 corpore
1735 3692 1795 3729 ac
1820 3679 1874 3730 A
1982 3680 2013 3730 5
2040 3674 2243 3728 dictum
2270 3676 2344 3729 L¹
2453 3678 2485 3728 6
2522 3674 2593 3728 sit
2618 3676 2670 3729 L

382 3770 414 3823 7
436 3772 497 3820 ut
514 3784 614 3822 om.
635 3769 709 3822 L¹
807 3765 1120 3819 secumdum
1146 3766 1217 3818 (1⁷¹
1317 3766 1380 3819 10
1401 3762 1787 3817 scribturarum
1814 3765 1867 3816 A
1962 3766 2015 3817 11
2051 3761 2331 3814 blasfemia
2349 3764 2401 3815 A
2504 3764 2564 3816 12
2587 3779 2669 3812 co-

383 3854 554 3907 abtari
581 3856 649 3908 H
749 3852 1092 3906 menbrorum
1124 3852 1171 3905 G
1285 3854 1349 3906 13
1374 3851 1632 3903 efficatias
1659 3851 1727 3904 H
1827 3848 1909 3901 dei
1936 3866 2036 3903 om.
2064 3851 2118 3902 A
2226 3852 2287 3903 14
2316 3848 2561 3901 ‹lebimus
2588 3849 2671 3901 ΙΙι

382 3941 607 3993 ussitata
643 3942 726 3994 ΙΙι
835 3938 1178 3993 menbrorum
1220 3939 1271 3991 G-
1393 3940 1454 3993 15
1493 3940 1758 4005 nequeant.
1795 3938 1847 3990 L
1966 3935 2163 3989 imitari
2206 3935 2277 3988 G*
2395 3938 2578 4003 utpote
2618 3936 2670 3988 A

386 4031 452 4082 16
489 4028 743 4080 archanos
783 4027 976 4081 G¹HL
1087 4028 1148 4081 17
1189 4025 1390 4093 adquae
1417 4026 1484 4079 H
1583 4023 1805 4092 profetis
1840 4024 1893 4077 A
2008 4026 2068 4078 18
2105 4022 2179 4074 sic
2204 4023 2277 4076 L¹
2389 4021 2584 4074 occulis
2612 4024 2678 4076 II

380 4115 729 4183 perspicatiae
759 4114 871 4168 HL
970 4112 1094 4181 quia
1119 4114 1185 4167 Π
1191 4116 1202 4148 ¹
1307 4116 1366 4166 19
1394 4112 1711 4164 inlust-ratu
1741 4111 1793 4163 L
1909 4112 1970 4164 21
2000 4124 2283 4177 possumus
2309 4110 2359 4162 L
2468 4126 2671 4161 nuncu-

379 4202 650 4271 pationem
689 4202 764 4255 L¹
889 4202 956 4257 24
996 4200 1296 4253 moderator
1323 4201 1390 4253 H
1505 4202 1572 4253 25
1611 4197 1747 4251 aliut
1782 4198 1834 4251 A
1942 4199 2007 4252 27
2048 4196 2242 4249 excidit.
2280 4198 2346 4249 H
2448 4195 2556 4263 uel]
2583 4196 2671 4248 uel

382 4306 506 4342 cum
543 4290 616 4342 L¹
698 4288 936 4341 furorem
973 4288 1048 4341 A¹
1120 4292 1189 4342 28
1210 4302 1433 4354 {mowino
1472 4287 1540 4339 II
1608 4299 2050 4337 axem-›moremc
2084 4284 2138 4337 L
2256 4282 2309 4335 id
2346 4285 2427 4335 est
2464 4298 2569 4335 non
2608 4284 2677 4337 H

381 4375 675 4429 secundum
700 4374 1058 4427 humilitatem
1086 4374 1350 4426 humanae
1376 4372 1792 4440 perturbationis
1823 4371 2069 4424 GHLT:
2092 4370 2329 4422 humana
2352 4369 2593 4438 passione
2614 4370 2669 4423 A
