3167 4975
294 1549 344 1588 10

295 2071 343 2110 15

291 2604 344 2641 20

287 3126 340 3166 25

1217 416 1375 468 lust.
1416 414 1522 468 lib.
1553 414 1675 478 VII,
1715 419 1866 470 5—7.
2559 419 2680 481 133

395 593 560 656 unde
605 591 725 655 sibi
773 592 942 655 aliud
989 592 1198 656 ualeat
1259 592 1566 655 exhibere.
1654 595 1969 675 postremo
2031 613 2145 655 nee
2206 593 2312 656 diu
2371 612 2555 676 posse.
2615 594 2680 657 in

394 697 610 761 eodem
670 698 805 761 loco
867 697 968 760 uel
1022 697 1401 762 monasterio
1463 697 1857 777 commorari,
1920 701 1983 761 et
2030 697 2151 761 nisi
2196 697 2516 780 parauerit
2561 696 2681 762 sibi

395 802 605 866 uiatici
632 806 923 884 sumptus
949 801 1412 883 euectionisque
1445 802 1903 865 transmarinae
1936 801 2311 882 mercedem,
2343 819 2467 866 non
2499 821 2682 886 posse

396 925 540 971 cum
593 906 865 971 uoluerit
925 907 1402 989 transmigrare,
1463 910 1527 971 et
1586 907 1963 970 necessitate
2022 906 2269 990 inopiae
2330 909 2682 972 coartatum

396 1012 773 1076 laboriosam
829 1029 901 1075 ac
947 1010 1371 1075 miserabilem
1421 1010 1661 1092 absque
1705 1011 1832 1076 ullo
1877 1011 2161 1094 profectu
2208 1011 2410 1076 uitam
2456 1013 2683 1096 iugiter

397 1116 827 1196 toleraturum,
875 1115 1128 1199 inopem
1173 1133 1418 1197 quoque
1465 1135 1530 1178 se
1579 1134 1827 1198 semper
1873 1133 1945 1180 ac
1991 1115 2231 1180 nudum
2262 1134 2389 1180 non
2422 1117 2557 1180 sine
2587 1117 2683 1180 in-

395 1221 676 1303 properio
737 1220 943 1284 aliena
1002 1219 1358 1284 substantia
1416 1221 1873 1285 sustinendum.
1944 1221 2159 1302 itaque
2205 1239 2350 1285 cum
2390 1222 2682 1286 huiusce·
2731 1231 2765 1284 3

397 1326 565 1389 modi
611 1323 1099 1408 cogitationibus
1146 1325 1536 1406 laqueauerit
1581 1328 1884 1406 mentem,
1933 1325 2201 1407 qualiter
2241 1345 2439 1391 unum
2472 1327 2685 1390 saltim

397 1430 722 1493 denarium
770 1430 1096 1511 adquirere
1139 1429 1342 1513 possit
1381 1431 1710 1514 excogitat.
1785 1433 1922 1494 tum
1952 1429 2266 1513 peculiare
2297 1448 2474 1514 opuS,
2521 1430 2685 1511 quod

399 1539 679 1599 exerceat
725 1533 953 1598 abbate
994 1535 1223 1615 nescio,
1271 1535 1542 1599 sollicita
1571 1537 1783 1598 mente
1814 1535 2138 1617 perquirit.
2210 1535 2375 1616 quod
2406 1535 2684 1598 uendens

397 1640 560 1703 clam
599 1625 669 1702 ⁴et
715 1642 928 1722 optato
976 1640 1230 1704 tandem
1276 1639 1514 1723 potitus
1561 1657 1844 1720 nummo,
1892 1639 2163 1720 qualiter
2211 1659 2353 1702 eum
2390 1639 2684 1721 duplicet,

399 1744 600 1808 acrius
649 1743 1212 1827 uehementiusque
1257 1747 1603 1826 torquetur,
1652 1743 1759 1808 ubi
1790 1747 2057 1825 reponat
2085 1743 2267 1807 cuiue
2299 1763 2443 1807 eum
2474 1745 2688 1808 credat

399 1849 750 1932 ambiguus.
809 1848 1034 1912 deinde
1067 1849 1214 1931 quid
1247 1868 1318 1912 ex
1351 1867 1420 1912 eo
1454 1853 1735 1912 coemere
1768 1848 2061 1930 qualique
2094 1848 2275 1912 illum
2315 1849 2685 1913 commercio

399 1954 607 2017 ualeat
653 1953 991 2036 duplicare,
1039 1972 1189 2017 cura
1232 1953 1518 2037 grauiore
1565 1953 1963 2018 distenditur.
2037 1972 2305 2035 cumque
2350 1953 2443 2018 illi
2476 1958 2539 2017 et
2568 1954 2687 2018 hoc

399 2077 469 2121 ex
518 2061 662 2123 uoto
709 2057 988 2138 cesserit,
1051 2058 1289 2122 auidior
1347 2059 1549 2122 fames
1614 2058 1921 2123 adcrescit
1968 2059 2103 2123 auri
2150 2062 2450 2140 tantoque
2496 2059 2687 2122 uehe-

399 2163 666 2226 mentior
713 2163 1072 2243 suscitatur,
1121 2167 1352 2244 quanto
1401 2162 1594 2226 etiam
1634 2181 1885 2226 summa
1914 2163 2073 2227 lucri
2104 2163 2303 2226 maior
2334 2163 2683 2246 adponitur.

397 2286 538 2329 cum
597 2267 898 2349 pecuniae
962 2267 1196 2330 etenim
1257 2267 1647 2331 incremento
1708 2266 1915 2332 rabies
1978 2267 2339 2350 cupiditatis
2400 2271 2682 2352 augetur.

398 2377 534 2436 tum
581 2371 804 2435 deinde
858 2371 994 2436 uita
1052 2372 1360 2455 longaeua
1419 2372 1832 2456 promittitur,
1894 2375 2186 2437 senectus
2248 2373 2527 2456 incurua,
2590 2373 2687 2437 in·
2734 2382 2769 2436 4

399 2476 729 2541 firmitates
776 2477 1062 2542 diuersae
1109 2480 1293 2559 atque
1340 2476 1636 2560 prolixae,
1685 2496 1865 2559 quae,
1914 2477 2037 2541 nisi
2083 2477 2281 2542 maior
2328 2496 2579 2542 summa
2623 2479 2690 2543 in

397 2582 722 2645 iuuentute
781 2582 973 2646 fuerit
1031 2586 1422 2666 praeparata,
1485 2582 1737 2647 tolerari
1796 2584 1860 2646 in
1924 2586 2178 2647 senecta
2236 2600 2360 2646 non
2421 2582 2683 2665 possint.

399 2686 606 2769 agitur
652 2687 862 2768 itaque
906 2686 1125 2750 infelix
1173 2686 1386 2750 anima
1433 2687 1810 2769 serpentinis
1858 2685 2120 2751 nexibus
2176 2686 2475 2770 obligata,
2538 2687 2687 2751 dum

399 2791 728 2855 materiam
784 2791 950 2855 male
1004 2794 1360 2855 concretam
1423 2792 1719 2873 nequiore
1781 2810 1931 2855 cura
1991 2792 2378 2875 concupiscit
2439 2811 2687 2875 augere,

396 2900 640 2978 pestem
696 2896 816 2959 sibi
872 2914 996 2977 qua
1055 2896 1248 2959 dirius
1312 2895 1737 2960 inflammetur
1798 2897 1937 2979 ipsa
1992 2896 2370 2978 parturiens,
2435 2900 2688 2978 totaque

395 3002 549 3064 lucri
612 3000 989 3084 cogitatione
1049 3018 1341 3083 possessa
1400 3000 1558 3064 nihil
1621 3001 1787 3064 aliud
1854 3000 2113 3084 respicit
2182 3000 2383 3065 cordis
2452 3001 2689 3065 intuitu

395 3124 585 3187 quam
631 3106 796 3169 unde
840 3106 1174 3188 pecuniam
1217 3124 1438 3188 parare
1485 3106 1716 3185 ualeat,
1778 3124 1888 3188 per
1943 3123 2134 3186 quam
2187 3106 2388 3188 possit
2432 3106 2509 3169 de
2555 3124 2689 3170 1110-

397 3210 650 3273 nasterii
696 3210 1024 3292 disciplina
1069 3210 1438 3291 quantocius
1487 3211 1754 3290 euolare,
1820 3210 2063 3274 nullam
2126 3209 2423 3273 exhibens
2478 3209 2688 3290 fidem,

395 3314 502 3377 ubi
549 3316 821 3397 potuerit
866 3314 1112 3378 nummi
1161 3334 1302 3397 spes
1351 3316 1562 3397 aliqua
1606 3316 1938 3398 refulgere.
2013 3331 2124 3397 pro
2177 3315 2293 3378 hac
2340 3332 2463 3378 non
2511 3334 2686 3379 men-

395 3420 572 3500 dacii,
635 3438 759 3483 non
812 3420 1088 3503 periurii,
1150 3438 1276 3485 non
1330 3420 1486 3483 furti
1547 3419 1793 3483 facinus
1858 3421 2189 3484 admittere
2249 3419 2687 3503 perhorrescit,

484 3595 509 3647 1
552 3592 687 3645 aliut
711 3594 764 3646 A
871 3595 902 3647 4
941 3592 1212 3645 noluerint
1246 3594 1329 3646 Η1
1439 3592 1779 3645 cohortatum
1809 3594 1862 3647 L
1972 3596 2003 3647 6
2042 3591 2415 3646 tolleraturum
2454 3593 2527 3647 6³¹
2635 3610 2689 3646 se

396 3694 604 3747 quoque
628 3680 826 3735 AHTc
932 3682 964 3734 7
989 3679 1399 3733 sustentandum
1429 3680 1655 3733 AHTv:
1680 3682 1747 3748 cf.
1769 3698 1827 3749 1²-
1855 3684 1975 3748 140,
1999 3684 2072 3734 26
2122 3687 2251 3749 post
2276 3679 2689 3733 sustentandum

394 3768 456 3819 in
481 3768 534 3819 A
560 3784 675 3835 cap.
701 3772 738 3820 8
761 3768 959 3836 incipit
1055 3769 1087 3822 8
1113 3768 1228 3819 eius
1253 3766 1584 3835 laqueauerit
1609 3768 1662 3821 L
1770 3770 1801 3822 9
1828 3767 2165 3835 excogitffltfi
2189 3766 2235 3835 (t
2259 3766 2416 3836 eras.)
2442 3768 2495 3821 L
2602 3784 2691 3836 pe-

395 3852 668 3907 culiariter
692 3855 762 3909 H
862 3857 927 3910 10
967 3852 1214 3908 abbatem
1241 3855 1317 3908 L¹
1423 3854 1693 3907 nesciente
1718 3856 1787 3908 H
1853 3853 2079 3907 uindens
2117 3855 2171 3909 A
2282 3857 2341 3909 11
2384 3853 2569 3909 obtato
2606 3855 2690 3908 H¹

392 3940 571 4009 potius
597 3942 806 3995 H¹LT¹
899 3944 963 3995 12
983 3942 1129 4009 011111]
1159 3940 1283 3995 illut
1301 3942 1354 3995 A
1447 3944 1511 3996 13
1536 3957 1711 3993 emere
1738 3942 1791 3995 L
1881 3940 2006 3995 illut
2024 3942 2077 3995 A
2174 3958 2296 3995 eum
2316 3943 2459 3997 HTv
2548 3958 2690 3995 eom-

393 4027 584 4081 mertio
613 4028 664 4082 G
717 4028 1040 4081 cummercio
1069 4030 1149 4083 Ηι
1215 4028 1465 4081 comertio
1491 4029 1544 4082 L
1646 4030 1711 4083 14
1736 4028 1969 4095 grauiori
2009 4030 2078 4083 ΙΙ
2172 4032 2235 4083 15
2272 4028 2433 4081 famis
2475 4028 2692 4084 G¹H¹L

393 4114 762 4169 uehementius
789 4116 938 4169 JlLv
1045 4118 1108 4170 17
1145 4118 1326 4168 mento
1359 4158 1368 4168 .
1399 4158 1408 4169 .
1439 4158 1449 4168 .
1469 4132 1601 4185 pay.
1630 4120 1746 4179 134,
1770 4119 1839 4171 21
1879 4118 2160 4169 contentus
2196 4132 2301 4169 non
2338 4122 2525 4171 emant
2556 4117 2619 4170 in
2651 4116 2697 4171 C

396 4204 460 4256 18
487 4205 616 4255 tunc
641 4203 694 4256 L
793 4205 856 4257 19
883 4202 1054 4269 adque
1087 4202 1133 4257 (J
1225 4206 1293 4257 20
1331 4205 1603 4256 senectute
1642 4220 1747 4256 non
1785 4203 1957 4271 possit
1982 4204 2060 4272 H,
2085 4205 2147 4257 in
2172 4220 2277 4272 quo
2300 4204 2487 4258 statim
2513 4222 2629 4271 cap.
2660 4208 2692 4257 7

391 4290 592 4357 itt-cipit
679 4292 747 4344 22
775 4290 1014 4357 nequiori
1040 4292 1111 4345 H
1193 4292 1261 4345 23
1288 4290 1474 4343 durius
1505 4289 1892 4344 imflammetur
1915 4292 1969 4345 L
2058 4292 2125 4345 24
2152 4289 2287 4343 aliut
2308 4292 2361 4343 A
2462 4289 2689 4358 intuitu]

391 4375 560 4431 iutuit
591 4376 636 4431 G
740 4380 805 4431 26
844 4377 1153 4446 quantotius
1183 4378 1351 4432 GHL
1458 4380 1523 4433 27
1564 4377 1829 4432 mendacii
1866 4378 2067 4432 crimen
2093 4379 2162 4432 H
2261 4380 2327 4433 28
2365 4378 2611 4431 amittere
2638 4378 2691 4433 L
