3167 4975
1308 1221 1575 1304 PRAE
1598 1183 1918 1306 FATIo.

552 1635 810 1729 Ueteris
836 1662 1241 1726 instrumenti
1267 1665 1481 1726 narrat
1504 1660 1772 1726 historia
1791 1661 2332 1745 sapientissimum
2356 1661 2756 1727 Salomonem

462 1770 608 1850 post
668 1769 991 1849 acceptam
1038 1765 1343 1830 diuinitus
1392 1765 1853 1849 sapientiam
1896 1766 2528 1849 prudentiamque
2574 1767 2756 1831 mul-

462 1875 614 1936 tam
659 1870 885 1936 nimis
933 1874 1005 1935 et
1050 1870 1541 1935 latitudinem
1589 1870 1836 1934 cordis
1874 1870 2088 1952 quasi
2134 1869 2492 1934 harenam
2523 1872 2756 1936 maris

464 1975 1013 2056 innumerabilem,
1060 1976 1151 2039 ita
1188 1978 1262 2039 ut
1302 1974 1541 2039 domini
1580 1975 1944 2039 testimonio
1991 1975 2203 2038 nullus
2244 1975 2298 2038 ei
2333 1975 2559 2039 similis
2589 1980 2756 2041 retro

374 2109 407 2149 5
466 2081 625 2144 actis
692 2079 1078 2163 temporibus
1140 2079 1456 2144 exstitisse
1517 2097 1720 2160 neque
1765 2082 1911 2162 post
1973 2097 2116 2142 eum
2165 2082 2557 2144 surrecturus
2620 2099 2757 2144 esse

350 2636 404 2673 10

463 2185 729 2264 dicatur,
776 2183 931 2249 illud
962 2183 1369 2267 magnificum
1418 2184 1672 2248 domino
1706 2183 2016 2268 templum
2049 2187 2363 2248 exstruere
2394 2185 2756 2267 cupientem

464 2289 853 2372 alienigenae
913 2288 1080 2372 regis
1128 2288 1275 2371 Tyri
1332 2288 1636 2352 auxilium
1693 2288 2072 2372 poposcisse.
2144 2288 2252 2370 qui
2305 2288 2502 2353 misso
2550 2290 2627 2353 ad
2689 2309 2756 2354 sc

459 2395 705 2477 Hyram
762 2392 892 2457 filio
954 2393 1236 2457 mulieris
1297 2393 1552 2473 uiduae,
1616 2393 1920 2474 quidquid
1974 2391 2191 2457 diuina
2243 2393 2554 2475 sapientia
2609 2412 2757 2478 sug-

460 2502 717 2583 gerente
778 2499 1171 2582 praeclarum
1232 2498 1297 2562 in
1360 2498 1597 2581 templo
1658 2498 1896 2562 domini
1953 2498 2056 2561 uel
2115 2498 2182 2563 in
2238 2498 2434 2563 sacris
2497 2499 2756 2563 nasibus

462 2603 860 2683 moliebatur,
923 2601 1273 2667 ministerio
1335 2602 1468 2665 eius
1531 2619 1604 2665 ac
1665 2602 2075 2685 dispositione
2119 2602 2401 2685 perfecit.
2495 2603 2550 2667 si
2611 2622 2754 2687 ergo

460 2708 570 2771 ille
616 2707 927 2771 uniuersis
972 2707 1187 2791 regnis
1219 2709 1421 2771 terrae
1468 2705 1798 2771 sublimior
1847 2706 2236 2790 principatus
2284 2710 2347 2771 et
2377 2707 2758 2772 Israhelitici

461 2811 711 2895 generis
759 2809 1025 2876 nobilior
1073 2810 1595 2893 excellentiorque
1639 2810 1970 2894 progenies
2025 2810 2259 2892 illaque
2306 2812 2620 2895 sapientia
2665 2811 2758 2875 di-

462 2916 703 2980 uinitus
749 2916 1073 2998 inspirata,
1124 2932 1281 2997 quae
1328 2918 1698 2979 cunct-orum
1739 2914 2156 2979 Orientalium
2204 2919 2267 2980 et
2297 2913 2758 2999 Aegyptiorum

463 3020 827 3103 disciplinas
884 3024 947 3084 et
1009 3020 1303 3084 instituta
1349 3019 1708 3103 superabat,
1772 3038 2172 3102 nequaquam
2216 3020 2510 3103 pauperis
2572 3024 2759 3102 atque

378 3156 407 3194 5
466 3124 853 3208 alienigenae
898 3124 1018 3188 uiri
1065 3124 1396 3188 consilium
1445 3124 1838 3208 dedignatur,
1902 3128 2069 3188 recte
2117 3124 2310 3188 etiam
2357 3128 2426 3188 tu
2472 3123 2572 3188 his
2621 3144 2760 3188 eru-

462 3230 635 3294 ditus
681 3229 1001 3313 exempliS,
1062 3228 1428 3293 beatissime
1474 3246 1640 3312 papa
1684 3228 1927 3309 Castor,
1990 3247 2210 3292 uerum
2257 3247 2329 3294 ac
2385 3229 2759 3294 rationabile

464 3334 580 3398 deo
628 3335 935 3416 templum
974 3351 1099 3397 non
1136 3332 1451 3417 lapidibus
1493 3332 1989 3415 insensibilibuS,
2041 3334 2151 3398 sed
2190 3338 2554 3399 sanctorum
2595 3335 2761 3398 uiro-

464 3457 609 3503 rum
640 3438 1143 3523 congregatione,
1192 3457 1306 3503 nec
1336 3440 1683 3522 temporale
1716 3441 1780 3502 et
1811 3438 2233 3523 corruptibile,
2283 3439 2392 3503 sed
2432 3444 2760 3503 aeternum

674 3635 731 3705 2]
769 3636 856 3690 111
893 3636 1023 3707 Reg.
1048 3639 1098 3701 4,
1124 3639 1207 3692 29.
1348 3636 1406 3705 4]
1444 3637 1512 3691 cf.
1540 3636 1573 3692 1.
1604 3653 1646 3691 e.
1675 3640 1723 3701 3,
1753 3640 1834 3693 13.
1977 3638 2034 3705 s]
2076 3637 2142 3691 cf.
2169 3637 2204 3691 1.
2233 3654 2276 3691 ο.
2305 3640 2352 3701 7,
2382 3639 2603 3693 13—14.

550 3828 820 3883 Praefatio
867 3829 1136 3897 sequentis
1182 3828 1353 3898 operis
1396 3829 1446 3884 G
1586 3828 1791 3898 Incipit
1835 3828 2097 3898 praefatio
2136 3828 2364 3883 cassiani
2401 3830 2459 3883 in
2494 3828 2648 3883 libris
2697 3828 2762 3883 de

466 3914 803 3970 institutione
838 3918 894 3970 et
927 3914 1120 3971 habitu
1146 3915 1531 3970 monachorum
1556 3917 1636 3985 H,
1660 3922 1882 3986 uterque
1907 3918 2008 3972 litt.
2037 3918 2259 3973 minse.
2356 3917 2503 3971 nihil
2526 3917 2760 3986 inscrip-

467 4010 585 4147 tam}
618 4005 953 4145 ²szlalxdnonem
989 4090 1073 4145 Η1
1180 4094 1213 4146 3
1251 4108 1467 4145 arenam
1504 4092 1573 4147 H
1675 4095 1706 4147 5
1745 4091 1980 4145 extitisse
2023 4091 2216 4146 G²HL
2333 4094 2366 4147 6
2403 4092 2666 4145 instruere
2701 4092 2770 4147 H

468 4181 705 4233 extruere
743 4180 795 4233 L
920 4180 953 4234 8
988 4178 1124 4247 hyra
1158 4179 1235 4233 L²
1350 4178 1614 4249 quidquid
1657 4180 1758 4235 Gl:
1793 4178 2047 4248 quicquid
2089 4179 2233 4235 &²11
2298 4178 2555 4248 quicquid
2591 4181 2673 4233 est
2709 4182 2762 4235 L

469 4312 501 4365 9
536 4308 753 4363 nasibus
782 4310 861 4365 G:
897 4276 1139 4379 uassibsss
1166 4310 1286 4379 (bus
1312 4310 1412 4366 del.
1439 4329 1506 4365 m..
1530 4312 1589 4379 2)
1613 4311 1682 4365 Η
1748 4310 1889 4363 uasis
1915 4310 2002 4365 Lv
2111 4313 2175 4366 10
2202 4309 2573 4379 dispossitione
2598 4310 2760 4365 H¹L¹

474 4399 535 4452 11
578 4397 825 4468 uniuerse
862 4401 1035 4451 terrae
1070 4397 1192 4465 (om.
1231 4397 1430 4466 regnis)
1468 4398 1521 4451 L
1631 4400 1696 4452 13
1733 4395 2096 4465 origentilium
2132 4399 2208 4452 L¹
2319 4399 2382 4453 15
2420 4396 2674 4451 auxilium
2700 4398 2769 4452 H
