3167 4975
499 429 584 493 66
1311 428 1627 484 Iohannis
1674 427 1973 485 Cassiani

501 605 717 671 mobili
764 606 1235 690 perseuerantia
1280 625 1396 670 sua
1441 610 1661 671 contra
1704 623 1955 670 omnem
2004 606 2521 671 consuetudinem
2568 625 2790 672 coeno-

497 711 746 776 biorum
793 729 938 774 cum
984 710 1111 775 filio
1156 712 1440 795 paruulo,
1488 712 1595 793 qui
1643 715 1781 775 octo
1829 711 2074 775 circiter
2122 716 2288 775 esset
2334 728 2662 793 annorum,
2719 717 2792 777 ut

502 816 922 900 susciperetur
954 817 1251 881 eliceret(
1273 835 1541 898 cumque
1573 816 1830 881 tandem
1866 817 2101 899 recepti
2132 816 2423 898 fuissent,
2455 818 2791 882 confestim

502 938 624 985 non
675 921 880 985 solum
911 921 1175 984 diuersis
1206 921 1580 1004 praepositis
1615 920 1850 1001 traditi,
1896 939 2117 984 uerum
2152 921 2343 985 etiam
2374 921 2569 986 cellae
2609 920 2791 986 habi-

501 1025 740 1089 tatione
787 1025 1056 1089 seiuncti
1105 1029 1414 1105 sunt,fne
1462 1026 1703 1090 scilicet
1748 1025 1880 1108 iugi
1942 1025 2182 1089 uisione
2241 1026 2491 1109 paruuli
2534 1028 2792 1091 remini-

503 1132 779 1193 sceretur
823 1132 1002 1211 pater
1051 1148 1123 1192 ex
1169 1130 1341 1193 omni
1375 1147 1491 1194 sua
1521 1148 1713 1212 quam
1743 1130 2113 1194 renuntians
2147 1129 2461 1195 abiecerat
2492 1132 2792 1196 facultate

503 1239 691 1316 atque
739 1233 1066 1298 affectione
1113 1235 1348 1298 carnali
1397 1235 1609 1299 saltim
1656 1233 1780 1298 sibi
1824 1233 2025 1298 filium
2074 1253 2419 1316 superesse,
2467 1239 2531 1299 et
2575 1255 2795 1318 quem-

504 1339 840 1403 admodum
889 1339 1154 1403 diuitem
1201 1357 1266 1402 se
1311 1340 1441 1404 iam
1485 1357 1613 1404 non
1661 1357 1797 1402 esse
1846 1339 2104 1420 sciebat,
2166 1340 2257 1404 ita
2301 1339 2492 1405 etiam
2546 1345 2791 1424 patrem

508 1463 573 1507 se
621 1463 757 1508 esse
805 1444 1093 1508 nesciret.
1172 1444 1338 1527 quod
1385 1449 1455 1509 ut
1499 1446 1747 1528 plenius
1793 1443 2180 1526 probaretur,
2238 1449 2451 1509 utrum
2500 1445 2795 1512 uidelicet

501 1550 646 1632 plus
707 1549 944 1613 faceret
1004 1548 1400 1614 affectionem
1462 1550 1787 1634 sanguinis
1837 1567 1908 1612 ac
1955 1568 2210 1614 suorum
2258 1549 2575 1614 uiscerum
2634 1552 2792 1616 cari-

505 1658 723 1734 tatem,
758 1671 836 1718 an
870 1653 1334 1719 oboedientiam
1367 1659 1430 1719 et
1461 1654 2009 1719 mortificationem
2043 1654 2300 1736 Christi,
2341 1674 2533 1738 quam
2562 1676 2794 1721 renun-

503 1759 670 1823 tians
734 1759 996 1841 quisque
1057 1777 1168 1841 pro
1231 1760 1364 1822 eius
1428 1759 1616 1824 debet
1676 1777 1885 1823 amore
1946 1760 2279 1843 praeferre,
2350 1761 2425 1824 de
2485 1761 2796 1826 industria

501 1863 956 1947 neglege-batur
985 1864 1309 1946 paruulus,
1354 1865 1582 1947 pannis
1615 1865 1823 1949 potius
1857 1883 2047 1946 quam
2080 1864 2481 1929 uestimentis
2514 1865 2793 1948 indutuS,

503 1967 792 2032 sordibus
855 1986 1102 2050 quoque
1165 1970 1256 2033 ita
1316 1968 1559 2033 obsitus
1623 1987 1695 2033 ac
1740 1970 2050 2051 foedatuS,
2110 1975 2183 2034 ut
2227 1969 2539 2035 offendere
2584 1973 2794 2054 potius

505 2091 696 2154 quam
743 2073 1052 2137 delectare
1099 2078 1395 2156 paternos
1443 2075 1655 2138 oculos
1701 2078 1935 2156 posset,
1985 2073 2273 2156 quotiens
2322 2075 2399 2139 ab
2450 2093 2520 2140 eo
2566 2076 2795 2142 fuisset

505 2179 818 2260 aspectuS,
868 2179 976 2241 sed
1024 2178 1216 2242 etiam
1263 2179 1539 2262 colaphis
1575 2183 1764 2261 atque
1798 2178 1995 2262 alapis
2030 2180 2347 2262 expositus
2381 2181 2792 2261 diuersorum,

505 2298 660 2363 quas
720 2282 1088 2365 plerumque
1151 2282 1266 2346 sub
1331 2283 1660 2348 obtutibus
1724 2283 1853 2347 suis
1903 2283 2223 2348 innocenti
2284 2285 2546 2367 paruulo
2603 2285 2795 2349 etiam

501 2385 698 2469 gratis
747 2386 1045 2450 cernebat
1090 2386 1310 2470 infligi,
1372 2388 1464 2452 ita
1508 2391 1578 2452 ut
1626 2406 1972 2469 numquam
2020 2407 2213 2471 genas
2262 2389 2397 2452 eius
2444 2389 2567 2453 nisi
2612 2389 2795 2454 lacri-

503 2509 750 2555 marum
814 2492 1213 2556 sordentibus
1263 2494 1548 2576 uestigiis
1598 2493 1838 2557 uideret
1893 2494 2178 2557 infectas
2258 2512 2524 2575 cumque
2585 2496 2796 2559 taliter

502 2596 713 2661 infans
762 2596 879 2661 sub
944 2599 1140 2661 oculis
1188 2598 1322 2661 eius
1377 2618 1486 2681 per
1533 2599 1665 2662 dies
1714 2599 1994 2681 singulos
2044 2607 2346 2682 ageretur,
2410 2616 2521 2683 pro
2584 2618 2795 2665 amore

505 2701 919 2766 nihilominus
954 2702 1191 2767 Christi
1236 2708 1300 2766 et
1345 2702 1775 2767 oboedientiae
1821 2703 2055 2767 uirtute
2096 2704 2299 2786 rigida
2330 2722 2575 2786 semper
2607 2708 2794 2787 atque

504 2805 834 2870 inmobilia
877 2808 1072 2890 patris
1107 2807 1350 2871 uiscera
1379 2812 1883 2891 permanserunt.
1942 2826 2065 2871 non
2100 2808 2267 2872 enim
2299 2807 2636 2891 reputabat
2665 2810 2792 2874 iam

504 2929 689 2974 suum
723 2910 944 2991 filium,
993 2930 1179 2993 quem
1213 2930 1428 2975 secum
1460 2912 1695 2996 pariter
1728 2911 2041 2977 obtulerat
2073 2912 2343 2993 ChristO,
2384 2932 2501 2977 nec
2534 2913 2794 2979 curabat

503 3015 579 3079 de
624 3015 1066 3097 praesentibus
1113 3016 1248 3079 eius
1294 3016 1563 3097 iniuriiS,
1628 3017 1738 3080 sed
1796 3017 2007 3100 potius
2056 3017 2397 3099 exultabat,
2460 3018 2625 3100 quod
2687 3038 2791 3083 eas

504 3137 900 3203 nequaquam
964 3121 1348 3185 infructuose
1411 3122 1662 3186 tolerari
1709 3122 2023 3201 cernebat,
2084 3140 2309 3205 parum
2371 3123 2653 3206 cogitans
2715 3124 2790 3186 de

500 3224 780 3288 lacrimis
844 3224 998 3305 eius,
1063 3226 1172 3289 sed
1233 3226 1308 3288 de
1355 3227 1606 3310 propria
1652 3226 2014 3291 humilitate
2063 3244 2134 3290 ac
2193 3227 2575 3309 perfectione
2622 3227 2794 3291 solli-

502 3329 683 3393 citus,
735 3346 926 3411 quam
957 3330 1416 3394 districtionem
1449 3331 1681 3394 mentis
1713 3332 1882 3395 illius
1916 3336 2103 3413 atque
2128 3329 2497 3396 inmobilem
2520 3332 2794 3415 rigorem

502 3434 838 3518 peruidens
885 3434 1169 3499 coenobii
1217 3434 1443 3516 senior,
1493 3436 1568 3499 ad
1611 3436 2117 3519 conprobandam
2148 3437 2399 3519 penitus
2434 3437 2627 3501 animi
2661 3437 2794 3501 eius

593 3654 620 3707 1
659 3650 1054 3721 perseuerentia
1087 3652 1164 3705 L¹
1289 3651 1530 3705 omnium
1567 3654 1621 3707 L
1747 3656 1779 3707 2
1818 3656 1879 3707 ut
1914 3672 2015 3709 om.
2056 3654 2124 3707 H
2236 3658 2269 3709 3
2306 3654 2511 3709 elicerit
2546 3657 2629 3710 H¹
2703 3657 2797 3711 eli-

501 3782 614 3837 cuit
647 3783 700 3837 L
845 3786 876 3837 5
914 3782 1146 3837 uissione
1183 3782 1267 3837 Η1
1409 3786 1442 3838 6
1487 3749 1724 3837 abicerat
1768 3784 1839 3838 H
1902 3752 2175 3838 abdic-aret
2211 3786 2264 3839 L
2407 3790 2437 3841 7
2480 3786 2671 3841 saltem
2708 3790 2798 3843 11²

501 3872 800 3940 superesset
822 3871 898 3925 L¹
1041 3873 1073 3928 8
1112 3868 1338 3923 diuitem
1377 3886 1430 3923 se
1467 3870 1574 3923 iam
1605 3871 1727 3925 GH
1731 3892 1747 3924 .·
1784 3888 1838 3923 se
1874 3870 1983 3925 iam
2017 3871 2241 3925 diuitem
2266 3874 2354 3928 Lv
2458 3874 2699 3929 sciebant
2722 3878 2796 3930 L¹

504 3961 568 4014 10
593 3957 764 4027 pluris
783 3958 902 4015 H³r
1007 3956 1284 4011 affectione
1304 3959 1387 4013 Lc
1482 3958 1704 4011 caritate
1730 3974 1800 4011 an
1824 3957 2160 4012 oboedientia
2184 3962 2235 4013 et
2260 3960 2671 4015 mortificatione
2691 3964 2799 4019 L²c

503 4048 568 4101 12
594 4044 782 4113 ‚fferre
819 4046 896 4099 L¹
1030 4048 1093 4101 15
1131 4045 1301 4113 possit
1335 4046 1412 4099 L¹
1546 4048 1612 4101 16
1650 4044 1829 4099 colafis
1872 4046 1923 4099 G
1996 4046 2232 4115 colophis
2270 4048 2353 4101 H¹
2486 4050 2551 4104 17
2595 4049 2795 4117 optuti-

500 4132 600 4186 bus
651 4133 726 4187 G1
871 4135 935 4189 18
983 4132 1152 4201 infligi
1207 4133 1258 4187 G
1303 4140 1352 4188 et
1388 4132 1593 4188 ‘omnia
1638 4132 1751 4189 ms?
1794 4132 2051 4204 Cuyckii:
2094 4132 2301 4187 imferri
2348 4136 2402 4189 L
2472 4134 2659 4189 inferri
2706 4138 2799 4192 Ην

503 4222 569 4273 19
608 4218 953 4273 surdentibus
991 4220 1074 4274 H¹
1180 4218 1426 4273 imfectas
1464 4221 1518 4274 L
1625 4222 1689 4276 21
1730 4220 1915 4290 regida
1949 4223 2025 4276 L¹
2131 4224 2199 4277 22
2237 4222 2378 4275 enim
2418 4222 2799 4277 recordabatur

503 4322 598 4359 nec
635 4306 916 4376 reputabat
951 4307 1058 4361 iam
1096 4307 1224 4370 (iam
1261 4326 1302 4363 s.
1332 4310 1364 4363 l.
1393 4326 1459 4361 m..
1486 4311 1542 4377 2)
1579 4307 1754 4361 filium
1780 4324 1937 4361 suum
1962 4310 2015 4363 L
2131 4312 2197 4363 24
2234 4308 2329 4363 has
2358 4310 2423 4364 H
2540 4312 2607 4365 25
2646 4309 2797 4364 tolle-

504 4394 609 4446 rari
641 4394 800 4449 G¹H¹
908 4397 976 4451 28
1002 4398 1056 4449 et
1092 4394 1158 4449 ad
1201 4394 1324 4451 GS1
1431 4396 1607 4449 anime
1644 4397 1728 4450 11¹

2849 1573 2897 1612 10

2850 2096 2901 2136 15

2849 2630 2902 2669 20

2844 3154 2897 3193 25
