<?xml version="1.0" encoding="UTF-8"?>
<!DOCTYPE html PUBLIC "-//W3C//DTD XHTML 1.0 Transitional//EN"
    "http://www.w3.org/TR/xhtml1/DTD/xhtml1-transitional.dtd">
<html xmlns="http://www.w3.org/1999/xhtml" xml:lang="en" lang="en">
 <head>
  <title>
</title>
<meta http-equiv="Content-Type" content="text/html;charset=utf-8" />
  <meta name='ocr-system' content='tesseract 3.04.00' />
  <meta name='ocr-capabilities' content='ocr_page ocr_carea ocr_par ocr_line ocrx_word'/>
</head>
<body>
  <div class='ocr_page' id='page_1' title='image "./corpusscriptoru28wissgoog_0517.png"; bbox 0 0 3167 4975; ppageno 0'>
   <div class='ocr_carea' id='block_1_1' title="bbox 310 1605 357 1643">
    <p class='ocr_par' dir='ltr' id='par_1_1' title="bbox 310 1605 357 1643">
     <span class='ocr_line' id='line_1_1' title="bbox 310 1605 357 1643; baseline -0.021 0"><span class='ocrx_word' id='word_1_1' title='bbox 310 1605 357 1643; x_wconf 84' lang='lat'><strong>10</strong></span> 
     </span>
    </p>
   </div>
   <div class='ocr_carea' id='block_1_2' title="bbox 298 2653 349 2690">
    <p class='ocr_par' dir='ltr' id='par_1_2' title="bbox 298 2653 349 2690">
     <span class='ocr_line' id='line_1_2' title="bbox 298 2653 349 2690; baseline 0.02 -1"><span class='ocrx_word' id='word_1_2' title='bbox 298 2653 349 2690; x_wconf 81' lang='lat'><strong>20</strong></span> 
     </span>
    </p>
   </div>
   <div class='ocr_carea' id='block_1_3' title="bbox 301 3174 352 3211">
    <p class='ocr_par' dir='ltr' id='par_1_3' title="bbox 301 3174 352 3211">
     <span class='ocr_line' id='line_1_3' title="bbox 301 3174 352 3211; baseline 0 0"><span class='ocrx_word' id='word_1_3' title='bbox 301 3174 352 3211; x_wconf 78' lang='lat'><strong>25</strong></span> 
     </span>
    </p>
   </div>
   <div class='ocr_carea' id='block_1_4' title="bbox 963 459 2704 526">
    <p class='ocr_par' dir='ltr' id='par_1_4' title="bbox 963 459 2704 526">
     <span class='ocr_line' id='line_1_4' title="bbox 963 459 2704 526; baseline 0.004 -14"><span class='ocrx_word' id='word_1_4' title='bbox 963 463 1193 512; x_wconf 83' lang='lat' dir='ltr'><strong>contra</strong></span> <span class='ocrx_word' id='word_1_5' title='bbox 1227 459 1604 512; x_wconf 78' lang='lat' dir='ltr'><strong>Nestorium</strong></span> <span class='ocrx_word' id='word_1_6' title='bbox 1641 459 1750 514; x_wconf 92' lang='lat' dir='ltr'><strong>lib.</strong></span> <span class='ocrx_word' id='word_1_7' title='bbox 1777 459 1900 524; x_wconf 88' lang='lat' dir='ltr'><strong>VH,</strong></span> <span class='ocrx_word' id='word_1_8' title='bbox 1935 463 2157 516; x_wconf 83' lang='lat'><strong>25—27.</strong></span> <span class='ocrx_word' id='word_1_9' title='bbox 2575 461 2704 526; x_wconf 80' lang='lat'><strong>385</strong></span> 
     </span>
    </p>
   </div>
   <div class='ocr_carea' id='block_1_5' title="bbox 404 634 2704 2080">
    <p class='ocr_par' dir='ltr' id='par_1_5' title="bbox 404 634 2704 1871">
     <span class='ocr_line' id='line_1_5' title="bbox 413 634 2703 720; baseline 0.001 -20"><span class='ocrx_word' id='word_1_10' title='bbox 413 634 897 700; x_wconf 80' lang='lat' dir='ltr'><strong>obumbrabit</strong></span> <span class='ocrx_word' id='word_1_11' title='bbox 938 635 1093 700; x_wconf 86' lang='lat' dir='ltr'><strong>tibi.</strong></span> <span class='ocrx_word' id='word_1_12' title='bbox 1155 639 1581 720; x_wconf 88' lang='lat' dir='ltr'><strong>propterea,</strong></span> <span class='ocrx_word' id='word_1_13' title='bbox 1629 637 1818 718; x_wconf 88' lang='lat' dir='ltr'><strong>quod</strong></span> <span class='ocrx_word' id='word_1_14' title='bbox 1861 640 2216 700; x_wconf 84' lang='lat' dir='ltr'><strong>nascetur</strong></span> <span class='ocrx_word' id='word_1_15' title='bbox 2257 657 2338 700; x_wconf 81' lang='lat' dir='ltr'><strong>ex</strong></span> <span class='ocrx_word' id='word_1_16' title='bbox 2384 640 2456 702; x_wconf 88' lang='lat' dir='ltr'><strong>te</strong></span> <span class='ocrx_word' id='word_1_17' title='bbox 2498 656 2703 702; x_wconf 90' lang='lat' dir='ltr'><strong>sanc-</strong></span> 
     </span>
     <span class='ocr_line' id='line_1_6' title="bbox 412 739 2704 826; baseline 0.001 -22"><span class='ocrx_word' id='word_1_18' title='bbox 412 745 597 820; x_wconf 84' lang='lat' dir='ltr'><strong>tum,</strong></span> <span class='ocrx_word' id='word_1_19' title='bbox 658 739 1051 804; x_wconf 87' lang='lat' dir='ltr'><strong>uocabitur</strong></span> <span class='ocrx_word' id='word_1_20' title='bbox 1096 741 1308 806; x_wconf 91' lang='lat' dir='ltr'><strong>filius</strong></span> <span class='ocrx_word' id='word_1_21' title='bbox 1356 741 1498 823; x_wconf 89' lang='lat' dir='ltr'><strong>dei,</strong></span> <span class='ocrx_word' id='word_1_22' title='bbox 1562 746 1636 806; x_wconf 84' lang='lat' dir='ltr'><strong>et</strong></span> <span class='ocrx_word' id='word_1_23' title='bbox 1677 743 1752 806; x_wconf 90' lang='lat' dir='ltr'><strong>in</strong></span> <span class='ocrx_word' id='word_1_24' title='bbox 1798 741 2262 807; x_wconf 85' lang='lat' dir='ltr'><strong>Prouerhiis:</strong></span> <span class='ocrx_word' id='word_1_25' title='bbox 2325 743 2704 826; x_wconf 82' lang='lat' dir='ltr'><strong>sapientia</strong></span> 
     </span>
     <span class='ocr_line' id='line_1_7' title="bbox 414 845 2698 930; baseline 0.002 -22"><span class='ocrx_word' id='word_1_26' title='bbox 414 845 856 910; x_wconf 83' lang='lat' dir='ltr'><strong>aedificauit</strong></span> <span class='ocrx_word' id='word_1_27' title='bbox 903 845 1048 910; x_wconf 89' lang='lat' dir='ltr'><strong>sibi</strong></span> <span class='ocrx_word' id='word_1_28' title='bbox 1094 846 1403 910; x_wconf 89' lang='lat' dir='ltr'><strong>domum.</strong></span> <span class='ocrx_word' id='word_1_29' title='bbox 1482 865 1778 930; x_wconf 89' lang='lat' dir='ltr'><strong>compara</strong></span> <span class='ocrx_word' id='word_1_30' title='bbox 1821 847 1959 926; x_wconf 87' lang='lat' dir='ltr'><strong>hoc,</strong></span> <span class='ocrx_word' id='word_1_31' title='bbox 2007 847 2060 910; x_wconf 90' lang='lat' dir='ltr'><strong>si</strong></span> <span class='ocrx_word' id='word_1_32' title='bbox 2106 847 2332 930; x_wconf 85' lang='lat' dir='ltr'><strong>placet,</strong></span> <span class='ocrx_word' id='word_1_33' title='bbox 2380 847 2698 912; x_wconf 84' lang='lat' dir='ltr'><strong>doctrinae</strong></span> 
     </span>
     <span class='ocr_line' id='line_1_8' title="bbox 415 949 2702 1034; baseline 0 -20"><span class='ocrx_word' id='word_1_34' title='bbox 415 954 577 1029; x_wconf 86' lang='lat' dir='ltr'><strong>tuae,</strong></span> <span class='ocrx_word' id='word_1_35' title='bbox 623 951 819 1014; x_wconf 90' lang='lat' dir='ltr'><strong>immo</strong></span> <span class='ocrx_word' id='word_1_36' title='bbox 863 949 1295 1034; x_wconf 78' lang='lat' dir='ltr'><strong>blasphemiae</strong></span> <span class='ocrx_word' id='word_1_37' title='bbox 1329 970 1451 1034; x_wconf 91' lang='lat' dir='ltr'><strong>qua</strong></span> <span class='ocrx_word' id='word_1_38' title='bbox 1484 952 1604 1015; x_wconf 89' lang='lat' dir='ltr'><strong>ais:</strong></span> <span class='ocrx_word' id='word_1_39' title='bbox 1654 951 1833 1014; x_wconf 88' lang='lat' dir='ltr'><strong>deus</strong></span> <span class='ocrx_word' id='word_1_40' title='bbox 1882 951 2076 1014; x_wconf 87' lang='lat' dir='ltr'><strong>enim</strong></span> <span class='ocrx_word' id='word_1_41' title='bbox 2125 970 2458 1015; x_wconf 88' lang='lat' dir='ltr'><strong>mensum</strong></span> <span class='ocrx_word' id='word_1_42' title='bbox 2506 970 2702 1016; x_wconf 87' lang='lat' dir='ltr'><strong>crea-</strong></span> 
     </span>
     <span class='ocr_line' id='line_1_9' title="bbox 412 1055 2700 1139; baseline 0.001 -21"><span class='ocrx_word' id='word_1_43' title='bbox 412 1057 527 1118; x_wconf 88' lang='lat' dir='ltr'><strong>tor</strong></span> <span class='ocrx_word' id='word_1_44' title='bbox 588 1059 699 1119; x_wconf 82' lang='lat' dir='ltr'><strong>est</strong></span> <span class='ocrx_word' id='word_1_45' title='bbox 759 1058 829 1119; x_wconf 86' lang='lat' dir='ltr'><strong>et</strong></span> <span class='ocrx_word' id='word_1_46' title='bbox 884 1073 1026 1120; x_wconf 86' lang='lat' dir='ltr'><strong>non</strong></span> <span class='ocrx_word' id='word_1_47' title='bbox 1090 1075 1421 1120; x_wconf 87' lang='lat' dir='ltr'><strong>mensum</strong></span> <span class='ocrx_word' id='word_1_48' title='bbox 1481 1059 1762 1138; x_wconf 83' lang='lat' dir='ltr'><strong>partus,</strong></span> <span class='ocrx_word' id='word_1_49' title='bbox 1841 1074 1981 1119; x_wconf 89' lang='lat' dir='ltr'><strong>ecce</strong></span> <span class='ocrx_word' id='word_1_50' title='bbox 2045 1056 2212 1119; x_wconf 88' lang='lat' dir='ltr'><strong>enim</strong></span> <span class='ocrx_word' id='word_1_51' title='bbox 2257 1055 2700 1139; x_wconf 81' lang='lat' dir='ltr'><strong>HieronymuS,</strong></span> 
     </span>
     <span class='ocr_line' id='line_1_10' title="bbox 410 1159 2701 1243; baseline 0.001 -21"><span class='ocrx_word' id='word_1_52' title='bbox 410 1160 508 1223; x_wconf 90' lang='lat' dir='ltr'><strong>uir</strong></span> <span class='ocrx_word' id='word_1_53' title='bbox 567 1161 730 1223; x_wconf 89' lang='lat' dir='ltr'><strong>sicut</strong></span> <span class='ocrx_word' id='word_1_54' title='bbox 788 1160 1096 1223; x_wconf 81' lang='lat' dir='ltr'><strong>maximae</strong></span> <span class='ocrx_word' id='word_1_55' title='bbox 1158 1161 1473 1241; x_wconf 79' lang='lat' dir='ltr'>scientiae,</span> <span class='ocrx_word' id='word_1_56' title='bbox 1537 1161 1627 1224; x_wconf 86' lang='lat' dir='ltr'><strong>ita</strong></span> <span class='ocrx_word' id='word_1_57' title='bbox 1680 1159 2158 1243; x_wconf 80' lang='lat' dir='ltr'><strong>probatissimae</strong></span> <span class='ocrx_word' id='word_1_58' title='bbox 2206 1161 2701 1243; x_wconf 84' lang='lat' dir='ltr'><strong>purissimaeque</strong></span> 
     </span>
     <span class='ocr_line' id='line_1_11' title="bbox 412 1263 2700 1348; baseline 0.001 -21"><span class='ocrx_word' id='word_1_59' title='bbox 412 1264 746 1344; x_wconf 87' lang='lat' dir='ltr'><strong>doctrinae,</strong></span> <span class='ocrx_word' id='word_1_60' title='bbox 808 1264 1009 1328; x_wconf 87' lang='lat' dir='ltr'><strong>isdem</strong></span> <span class='ocrx_word' id='word_1_61' title='bbox 1060 1283 1252 1348; x_wconf 86' lang='lat' dir='ltr'><strong>prope</strong></span> <span class='ocrx_word' id='word_1_62' title='bbox 1312 1263 1545 1345; x_wconf 83' lang='lat' dir='ltr'><strong>uerbiS,</strong></span> <span class='ocrx_word' id='word_1_63' title='bbox 1610 1265 1835 1346; x_wconf 89' lang='lat' dir='ltr'><strong>quibus</strong></span> <span class='ocrx_word' id='word_1_64' title='bbox 1884 1269 1952 1329; x_wconf 91' lang='lat' dir='ltr'><strong>tu</strong></span> <span class='ocrx_word' id='word_1_65' title='bbox 1999 1264 2100 1329; x_wconf 88' lang='lat' dir='ltr'><strong>dei</strong></span> <span class='ocrx_word' id='word_1_66' title='bbox 2145 1265 2348 1330; x_wconf 89' lang='lat' dir='ltr'><strong>filium</strong></span> <span class='ocrx_word' id='word_1_67' title='bbox 2410 1284 2700 1330; x_wconf 90' lang='lat' dir='ltr'><strong>mensum</strong></span> 
     </span>
     <span class='ocr_line' id='line_1_12' title="bbox 409 1370 2700 1454; baseline 0.001 -22"><span class='ocrx_word' id='word_1_68' title='bbox 409 1373 659 1452; x_wconf 89' lang='lat' dir='ltr'><strong>partum</strong></span> <span class='ocrx_word' id='word_1_69' title='bbox 690 1389 903 1454; x_wconf 80' lang='lat' dir='ltr'><strong>negaS‚</strong></span> <span class='ocrx_word' id='word_1_70' title='bbox 952 1370 1059 1434; x_wconf 91' lang='lat' dir='ltr'><strong>ille</strong></span> <span class='ocrx_word' id='word_1_71' title='bbox 1089 1374 1664 1454; x_wconf 83' lang='lat' dir='ltr'><strong>partum-mensum</strong></span> <span class='ocrx_word' id='word_1_72' title='bbox 1697 1389 1832 1434; x_wconf 89' lang='lat' dir='ltr'><strong>esse</strong></span> <span class='ocrx_word' id='word_1_73' title='bbox 1874 1373 2156 1434; x_wconf 82' lang='lat' dir='ltr'><strong>testatur.</strong></span> <span class='ocrx_word' id='word_1_74' title='bbox 2236 1370 2488 1434; x_wconf 89' lang='lat' dir='ltr'><strong>decem</strong></span> <span class='ocrx_word' id='word_1_75' title='bbox 2534 1372 2700 1435; x_wconf 91' lang='lat' dir='ltr'><strong>enim</strong></span> 
     </span>
     <span class='ocr_line' id='line_1_13' title="bbox 409 1473 2700 1557; baseline 0.001 -20"><span class='ocrx_word' id='word_1_76' title='bbox 409 1474 615 1556; x_wconf 87' lang='lat' dir='ltr'><strong>inquit</strong></span> <span class='ocrx_word' id='word_1_77' title='bbox 682 1473 1066 1538; x_wconf 88' lang='lat' dir='ltr'><strong>mensibus</strong></span> <span class='ocrx_word' id='word_1_78' title='bbox 1135 1475 1208 1538; x_wconf 90' lang='lat' dir='ltr'><strong>in</strong></span> <span class='ocrx_word' id='word_1_79' title='bbox 1277 1478 1489 1539; x_wconf 82' lang='lat' dir='ltr'><strong>utero</strong></span> <span class='ocrx_word' id='word_1_80' title='bbox 1560 1478 1637 1538; x_wconf 84' lang='lat' dir='ltr'><strong>ut</strong></span> <span class='ocrx_word' id='word_1_81' title='bbox 1710 1478 2064 1538; x_wconf 88' lang='lat' dir='ltr'><strong>nascatur</strong></span> <span class='ocrx_word' id='word_1_82' title='bbox 2133 1477 2497 1557; x_wconf 72' lang='lat' dir='ltr'><strong>expectat.</strong></span> <span class='ocrx_word' id='word_1_83' title='bbox 2591 1476 2700 1539; x_wconf 90' lang='lat' dir='ltr'><strong>sed</strong></span> 
     </span>
     <span class='ocr_line' id='line_1_14' title="bbox 408 1578 2698 1662; baseline 0.001 -21"><span class='ocrx_word' id='word_1_84' title='bbox 408 1597 605 1662; x_wconf 88' lang='lat' dir='ltr'><strong>parua</strong></span> <span class='ocrx_word' id='word_1_85' title='bbox 648 1578 762 1643; x_wconf 89' lang='lat' dir='ltr'><strong>tibi</strong></span> <span class='ocrx_word' id='word_1_86' title='bbox 808 1579 1069 1642; x_wconf 84' lang='lat' dir='ltr'><strong>forsitan</strong></span> <span class='ocrx_word' id='word_1_87' title='bbox 1116 1578 1236 1642; x_wconf 90' lang='lat' dir='ltr'><strong>uiri</strong></span> <span class='ocrx_word' id='word_1_88' title='bbox 1282 1579 1465 1642; x_wconf 91' lang='lat' dir='ltr'><strong>huius</strong></span> <span class='ocrx_word' id='word_1_89' title='bbox 1514 1579 1802 1642; x_wconf 81' lang='lat' dir='ltr'><strong>uideatur</strong></span> <span class='ocrx_word' id='word_1_90' title='bbox 1848 1578 2212 1642; x_wconf 88' lang='lat' dir='ltr'><strong>auctoritas:</strong></span> <span class='ocrx_word' id='word_1_91' title='bbox 2269 1578 2436 1643; x_wconf 88' lang='lat' dir='ltr'><strong>idem</strong></span> <span class='ocrx_word' id='word_1_92' title='bbox 2481 1598 2698 1644; x_wconf 89' lang='lat' dir='ltr'><strong>omnes</strong></span> 
     </span>
     <span class='ocr_line' id='line_1_15' title="bbox 409 1682 2696 1766; baseline 0 -20"><span class='ocrx_word' id='word_1_93' title='bbox 409 1687 597 1764; x_wconf 88' lang='lat' dir='ltr'><strong>atque</strong></span> <span class='ocrx_word' id='word_1_94' title='bbox 642 1683 843 1747; x_wconf 88' lang='lat' dir='ltr'><strong>isdem</strong></span> <span class='ocrx_word' id='word_1_95' title='bbox 890 1683 1098 1746; x_wconf 88' lang='lat' dir='ltr'><strong>uerbis</strong></span> <span class='ocrx_word' id='word_1_96' title='bbox 1145 1686 1363 1766; x_wconf 88' lang='lat' dir='ltr'><strong>putato</strong></span> <span class='ocrx_word' id='word_1_97' title='bbox 1414 1683 1635 1763; x_wconf 88' lang='lat' dir='ltr'><strong>dicere,</strong></span> <span class='ocrx_word' id='word_1_98' title='bbox 1698 1683 1862 1765; x_wconf 89' lang='lat' dir='ltr'><strong>quia,</strong></span> <span class='ocrx_word' id='word_1_99' title='bbox 1925 1683 2304 1765; x_wconf 80' lang='lat' dir='ltr'><strong>quicumque</strong></span> <span class='ocrx_word' id='word_1_100' title='bbox 2351 1682 2450 1746; x_wconf 87' lang='lat' dir='ltr'><strong>dei</strong></span> <span class='ocrx_word' id='word_1_101' title='bbox 2495 1683 2696 1747; x_wconf 87' lang='lat' dir='ltr'><strong>filium</strong></span> 
     </span>
     <span class='ocr_line' id='line_1_16' title="bbox 404 1787 2694 1871; baseline 0.001 -21"><span class='ocrx_word' id='word_1_102' title='bbox 404 1791 654 1870; x_wconf 85' lang='lat' dir='ltr'><strong>partum</strong></span> <span class='ocrx_word' id='word_1_103' title='bbox 690 1807 825 1850; x_wconf 88' lang='lat' dir='ltr'><strong>esse</strong></span> <span class='ocrx_word' id='word_1_104' title='bbox 857 1788 1117 1871; x_wconf 86' lang='lat' dir='ltr'><strong>uirginis</strong></span> <span class='ocrx_word' id='word_1_105' title='bbox 1150 1807 1273 1852; x_wconf 87' lang='lat' dir='ltr'><strong>non</strong></span> <span class='ocrx_word' id='word_1_106' title='bbox 1308 1791 1516 1871; x_wconf 86' lang='lat' dir='ltr'><strong>negat,</strong></span> <span class='ocrx_word' id='word_1_107' title='bbox 1562 1791 1814 1870; x_wconf 87' lang='lat' dir='ltr'><strong>partum</strong></span> <span class='ocrx_word' id='word_1_108' title='bbox 1849 1807 1985 1850; x_wconf 89' lang='lat' dir='ltr'><strong>esse</strong></span> <span class='ocrx_word' id='word_1_109' title='bbox 2017 1807 2310 1850; x_wconf 88' lang='lat' dir='ltr'><strong>mensum</strong></span> <span class='ocrx_word' id='word_1_110' title='bbox 2343 1787 2694 1852; x_wconf 83' lang='lat' dir='ltr'><strong>confit-etur.</strong></span> 
     </span>
    </p>

    <p class='ocr_par' dir='ltr' id='par_1_6' title="bbox 406 1891 2698 2080">
     <span class='ocr_line' id='line_1_17' title="bbox 492 1891 2698 1974; baseline 0 -19"><span class='ocrx_word' id='word_1_111' title='bbox 492 1893 756 1956; x_wconf 86' lang='lat' dir='ltr'><strong>XXVII.</strong></span> <span class='ocrx_word' id='word_1_112' title='bbox 804 1891 1068 1956; x_wconf 88' lang='lat' dir='ltr'><strong>Rufinus</strong></span> <span class='ocrx_word' id='word_1_113' title='bbox 1116 1910 1383 1974; x_wconf 90' lang='lat' dir='ltr'><strong>quoque,</strong></span> <span class='ocrx_word' id='word_1_114' title='bbox 1442 1891 1835 1956; x_wconf 84' lang='lat' dir='ltr'><strong>Christianae</strong></span> <span class='ocrx_word' id='word_1_115' title='bbox 1881 1892 2309 1974; x_wconf 85' lang='lat' dir='ltr'><strong>philosophiae</strong></span> <span class='ocrx_word' id='word_1_116' title='bbox 2358 1893 2471 1971; x_wconf 89' lang='lat' dir='ltr'><strong>uir,</strong></span> <span class='ocrx_word' id='word_1_117' title='bbox 2530 1892 2698 1956; x_wconf 89' lang='lat' dir='ltr'><strong>haud</strong></span> 
     </span>
     <span class='ocr_line' id='line_1_18' title="bbox 406 1996 2696 2080; baseline 0 -20"><span class='ocrx_word' id='word_1_118' title='bbox 406 1997 865 2060; x_wconf 87' lang='lat' dir='ltr'><strong>contemnenda</strong></span> <span class='ocrx_word' id='word_1_119' title='bbox 897 1997 1452 2061; x_wconf 84' lang='lat' dir='ltr'><strong>ecclesiasticorum</strong></span> <span class='ocrx_word' id='word_1_120' title='bbox 1488 1997 1810 2060; x_wconf 83' lang='lat' dir='ltr'><strong>doctorum</strong></span> <span class='ocrx_word' id='word_1_121' title='bbox 1843 1997 2061 2080; x_wconf 81' lang='lat' dir='ltr'><strong>portio,</strong></span> <span class='ocrx_word' id='word_1_122' title='bbox 2099 1996 2189 2060; x_wconf 82' lang='lat' dir='ltr'><strong>ita</strong></span> <span class='ocrx_word' id='word_1_123' title='bbox 2220 1997 2284 2060; x_wconf 89' lang='lat' dir='ltr'><strong>in</strong></span> <span class='ocrx_word' id='word_1_124' title='bbox 2318 1997 2696 2079; x_wconf 83' lang='lat' dir='ltr'><strong>expositione</strong></span> 
     </span>
    </p>
   </div>
   <div class='ocr_carea' id='block_1_6' title="bbox 328 2101 2695 2184">
    <p class='ocr_par' dir='ltr' id='par_1_7' title="bbox 328 2101 2695 2184">
     <span class='ocr_line' id='line_1_19' title="bbox 328 2101 2695 2184; baseline 0 -21"><span class='ocrx_word' id='word_1_125' title='bbox 328 2126 353 2162; x_wconf 61' lang='lat' dir='ltr'><em>z</em></span> <span class='ocrx_word' id='word_1_126' title='bbox 409 2101 677 2184; x_wconf 82' lang='lat' dir='ltr'><strong>symboli</strong></span> <span class='ocrx_word' id='word_1_127' title='bbox 724 2101 798 2164; x_wconf 89' lang='lat' dir='ltr'><strong>de</strong></span> <span class='ocrx_word' id='word_1_128' title='bbox 862 2101 1096 2165; x_wconf 86' lang='lat' dir='ltr'><strong>domini</strong></span> <span class='ocrx_word' id='word_1_129' title='bbox 1157 2101 1487 2165; x_wconf 85' lang='lat' dir='ltr'><strong>natiuitate</strong></span> <span class='ocrx_word' id='word_1_130' title='bbox 1551 2105 1845 2164; x_wconf 85' lang='lat' dir='ltr'><strong>testatur:</strong></span> <span class='ocrx_word' id='word_1_131' title='bbox 1909 2101 2126 2165; x_wconf 85' lang='lat' dir='ltr'><strong>filius</strong></span> <span class='ocrx_word' id='word_1_132' title='bbox 2188 2101 2411 2182; x_wconf 87' lang='lat' dir='ltr'><strong>enim,</strong></span> <span class='ocrx_word' id='word_1_133' title='bbox 2473 2102 2695 2184; x_wconf 83' lang='lat' dir='ltr'><strong>inquit,</strong></span> 
     </span>
    </p>
   </div>
   <div class='ocr_carea' id='block_1_7' title="bbox 403 2205 2696 3439">
    <p class='ocr_par' dir='ltr' id='par_1_8' title="bbox 403 2205 2696 3439">
     <span class='ocr_line' id='line_1_20' title="bbox 406 2205 2696 2289; baseline 0.001 -21"><span class='ocrx_word' id='word_1_134' title='bbox 406 2207 520 2269; x_wconf 87' lang='lat' dir='ltr'><strong>dei</strong></span> <span class='ocrx_word' id='word_1_135' title='bbox 582 2207 918 2269; x_wconf 82' lang='lat' dir='ltr'><strong>nascitur</strong></span> <span class='ocrx_word' id='word_1_136' title='bbox 980 2225 1060 2268; x_wconf 86' lang='lat' dir='ltr'><strong>ex</strong></span> <span class='ocrx_word' id='word_1_137' title='bbox 1121 2206 1443 2289; x_wconf 89' lang='lat' dir='ltr'><strong>uirgine,</strong></span> <span class='ocrx_word' id='word_1_138' title='bbox 1507 2225 1649 2270; x_wconf 90' lang='lat' dir='ltr'><strong>non</strong></span> <span class='ocrx_word' id='word_1_139' title='bbox 1695 2205 2225 2288; x_wconf 83' lang='lat' dir='ltr'><strong>principaliter</strong></span> <span class='ocrx_word' id='word_1_140' title='bbox 2287 2206 2429 2270; x_wconf 90' lang='lat' dir='ltr'><strong>soli</strong></span> <span class='ocrx_word' id='word_1_141' title='bbox 2490 2208 2696 2270; x_wconf 88' lang='lat' dir='ltr'><strong>carni</strong></span> 
     </span>
     <span class='ocr_line' id='line_1_21' title="bbox 406 2310 2696 2392; baseline 0.001 -20"><span class='ocrx_word' id='word_1_142' title='bbox 406 2310 771 2389; x_wconf 78' lang='lat' dir='ltr'><strong>sociatuS,</strong></span> <span class='ocrx_word' id='word_1_143' title='bbox 837 2310 963 2374; x_wconf 88' lang='lat' dir='ltr'><strong>sed</strong></span> <span class='ocrx_word' id='word_1_144' title='bbox 1026 2310 1271 2374; x_wconf 87' lang='lat' dir='ltr'><strong>anima</strong></span> <span class='ocrx_word' id='word_1_145' title='bbox 1322 2311 1523 2374; x_wconf 88' lang='lat' dir='ltr'><strong>inter</strong></span> <span class='ocrx_word' id='word_1_146' title='bbox 1570 2329 1867 2374; x_wconf 84' lang='lat' dir='ltr'><strong>carnem</strong></span> <span class='ocrx_word' id='word_1_147' title='bbox 1915 2311 2277 2392; x_wconf 86' lang='lat' dir='ltr'><strong>deumque</strong></span> <span class='ocrx_word' id='word_1_148' title='bbox 2325 2311 2696 2374; x_wconf 83' lang='lat' dir='ltr'><strong>mediante</strong></span> 
     </span>
     <span class='ocr_line' id='line_1_22' title="bbox 403 2414 2696 2499; baseline 0 -21"><span class='ocrx_word' id='word_1_149' title='bbox 403 2419 825 2499; x_wconf 78' lang='lat' dir='ltr'><strong>generatus,</strong></span> <span class='ocrx_word' id='word_1_150' title='bbox 904 2415 1210 2498; x_wconf 88' lang='lat' dir='ltr'><strong>numquid</strong></span> <span class='ocrx_word' id='word_1_151' title='bbox 1272 2414 1533 2478; x_wconf 86' lang='lat' dir='ltr'><strong>obscure</strong></span> <span class='ocrx_word' id='word_1_152' title='bbox 1580 2414 1767 2478; x_wconf 85' lang='lat' dir='ltr'><strong>deum</strong></span> <span class='ocrx_word' id='word_1_153' title='bbox 1831 2435 1901 2478; x_wconf 78' lang='lat' dir='ltr'><strong>ex</strong></span> <span class='ocrx_word' id='word_1_154' title='bbox 1948 2414 2202 2478; x_wconf 86' lang='lat' dir='ltr'><strong>homine</strong></span> <span class='ocrx_word' id='word_1_155' title='bbox 2252 2419 2473 2479; x_wconf 85' lang='lat' dir='ltr'><strong>natum</strong></span> <span class='ocrx_word' id='word_1_156' title='bbox 2519 2417 2696 2479; x_wconf 75' lang='lat' dir='ltr'><strong>tosti-</strong></span> 
     </span>
     <span class='ocr_line' id='line_1_23' title="bbox 404 2520 2694 2603; baseline 0 -21"><span class='ocrx_word' id='word_1_157' title='bbox 404 2520 624 2583; x_wconf 86' lang='lat' dir='ltr'><strong>ficatus</strong></span> <span class='ocrx_word' id='word_1_158' title='bbox 688 2524 825 2584; x_wconf 82' lang='lat' dir='ltr'><strong>est?</strong></span> <span class='ocrx_word' id='word_1_159' title='bbox 902 2520 1300 2603; x_wconf 83' lang='lat' dir='ltr'><strong>Augustinus</strong></span> <span class='ocrx_word' id='word_1_160' title='bbox 1365 2521 1694 2603; x_wconf 88' lang='lat' dir='ltr'><strong>Hipponae</strong></span> <span class='ocrx_word' id='word_1_161' title='bbox 1749 2520 2074 2603; x_wconf 76' lang='lat' dir='ltr'><strong>Regiensis</strong></span> <span class='ocrx_word' id='word_1_162' title='bbox 2137 2520 2346 2603; x_wconf 88' lang='lat' dir='ltr'><strong>oppidi</strong></span> <span class='ocrx_word' id='word_1_163' title='bbox 2407 2522 2694 2585; x_wconf 78' lang='lat' dir='ltr'><strong>sacerdos</strong></span> 
     </span>
     <span class='ocr_line' id='line_1_24' title="bbox 404 2625 2694 2707; baseline 0 -20"><span class='ocrx_word' id='word_1_164' title='bbox 404 2628 483 2688; x_wconf 88' lang='lat' dir='ltr'><strong>ut</strong></span> <span class='ocrx_word' id='word_1_165' title='bbox 528 2629 772 2688; x_wconf 86' lang='lat' dir='ltr'><strong>aut-em</strong></span> <span class='ocrx_word' id='word_1_166' title='bbox 820 2625 1187 2704; x_wconf 78' lang='lat' dir='ltr'><strong>homineS,</strong></span> <span class='ocrx_word' id='word_1_167' title='bbox 1236 2625 1458 2706; x_wconf 87' lang='lat' dir='ltr'><strong>inquit,</strong></span> <span class='ocrx_word' id='word_1_168' title='bbox 1506 2628 2001 2688; x_wconf 83' lang='lat' dir='ltr'><strong>nascerentur</strong></span> <span class='ocrx_word' id='word_1_169' title='bbox 2043 2644 2124 2687; x_wconf 82' lang='lat' dir='ltr'><strong>ex</strong></span> <span class='ocrx_word' id='word_1_170' title='bbox 2171 2625 2330 2704; x_wconf 85' lang='lat' dir='ltr'><strong>deo,</strong></span> <span class='ocrx_word' id='word_1_171' title='bbox 2377 2626 2694 2707; x_wconf 87' lang='lat' dir='ltr'><strong>primum</strong></span> 
     </span>
     <span class='ocr_line' id='line_1_25' title="bbox 405 2728 2695 2810; baseline -0 -19"><span class='ocrx_word' id='word_1_172' title='bbox 405 2748 483 2791; x_wconf 86' lang='lat' dir='ltr'><strong>ex</strong></span> <span class='ocrx_word' id='word_1_173' title='bbox 527 2730 719 2810; x_wconf 86' lang='lat' dir='ltr'><strong>ipsis</strong></span> <span class='ocrx_word' id='word_1_174' title='bbox 766 2733 985 2792; x_wconf 82' lang='lat' dir='ltr'><strong>natus</strong></span> <span class='ocrx_word' id='word_1_175' title='bbox 1035 2733 1147 2793; x_wconf 83' lang='lat' dir='ltr'><strong>est</strong></span> <span class='ocrx_word' id='word_1_176' title='bbox 1194 2729 1401 2792; x_wconf 86' lang='lat' dir='ltr'><strong>deus:</strong></span> <span class='ocrx_word' id='word_1_177' title='bbox 1460 2728 1807 2793; x_wconf 79' lang='lat' dir='ltr'><strong>Christus</strong></span> <span class='ocrx_word' id='word_1_178' title='bbox 1865 2730 2058 2791; x_wconf 86' lang='lat' dir='ltr'><strong>enim</strong></span> <span class='ocrx_word' id='word_1_179' title='bbox 2108 2730 2302 2792; x_wconf 87' lang='lat' dir='ltr'><strong>deus.</strong></span> <span class='ocrx_word' id='word_1_180' title='bbox 2375 2734 2446 2792; x_wconf 86' lang='lat' dir='ltr'><strong>et</strong></span> <span class='ocrx_word' id='word_1_181' title='bbox 2491 2728 2695 2793; x_wconf 82' lang='lat' dir='ltr'><strong>Chri-</strong></span> 
     </span>
     <span class='ocr_line' id='line_1_26' title="bbox 405 2833 2694 2915; baseline -0 -19"><span class='ocrx_word' id='word_1_182' title='bbox 405 2837 562 2897; x_wconf 85' lang='lat' dir='ltr'><strong>stus</strong></span> <span class='ocrx_word' id='word_1_183' title='bbox 624 2838 843 2897; x_wconf 87' lang='lat' dir='ltr'><strong>natus</strong></span> <span class='ocrx_word' id='word_1_184' title='bbox 908 2853 987 2897; x_wconf 84' lang='lat' dir='ltr'><strong>ex</strong></span> <span class='ocrx_word' id='word_1_185' title='bbox 1043 2834 1476 2898; x_wconf 84' lang='lat' dir='ltr'><strong>hominibus</strong></span> <span class='ocrx_word' id='word_1_186' title='bbox 1538 2853 1679 2898; x_wconf 91' lang='lat' dir='ltr'><strong>non</strong></span> <span class='ocrx_word' id='word_1_187' title='bbox 1736 2833 2114 2915; x_wconf 84' lang='lat' dir='ltr'><strong>quaesiuit</strong></span> <span class='ocrx_word' id='word_1_188' title='bbox 2175 2834 2322 2896; x_wconf 90' lang='lat' dir='ltr'><strong>nisi</strong></span> <span class='ocrx_word' id='word_1_189' title='bbox 2383 2838 2694 2896; x_wconf 88' lang='lat' dir='ltr'><strong>matrem</strong></span> 
     </span>
     <span class='ocr_line' id='line_1_27' title="bbox 406 2938 2694 3021; baseline -0 -21"><span class='ocrx_word' id='word_1_190' title='bbox 406 2940 473 3001; x_wconf 90' lang='lat' dir='ltr'><strong>in</strong></span> <span class='ocrx_word' id='word_1_191' title='bbox 521 2942 749 3017; x_wconf 87' lang='lat' dir='ltr'><strong>terra,</strong></span> <span class='ocrx_word' id='word_1_192' title='bbox 807 2939 979 3019; x_wconf 85' lang='lat' dir='ltr'><strong>quia</strong></span> <span class='ocrx_word' id='word_1_193' title='bbox 1025 2940 1166 3001; x_wconf 86' lang='lat' dir='ltr'><strong>iam</strong></span> <span class='ocrx_word' id='word_1_194' title='bbox 1213 2942 1502 3021; x_wconf 80' lang='lat' dir='ltr'><strong>patrem</strong></span> <span class='ocrx_word' id='word_1_195' title='bbox 1550 2938 1880 3002; x_wconf 72' lang='lat' dir='ltr'><strong>habebat</strong></span> <span class='ocrx_word' id='word_1_196' title='bbox 1925 2939 1997 3001; x_wconf 90' lang='lat' dir='ltr'><strong>in.</strong></span> <span class='ocrx_word' id='word_1_197' title='bbox 2047 2939 2279 3016; x_wconf 84' lang='lat' dir='ltr'><strong>cae10,</strong></span> <span class='ocrx_word' id='word_1_198' title='bbox 2337 2942 2556 3001; x_wconf 88' lang='lat' dir='ltr'><strong>natus</strong></span> <span class='ocrx_word' id='word_1_199' title='bbox 2614 2958 2694 2999; x_wconf 85' lang='lat' dir='ltr'><strong>ex</strong></span> 
     </span>
     <span class='ocr_line' id='line_1_28' title="bbox 406 3043 2694 3124; baseline 0 -19"><span class='ocrx_word' id='word_1_200' title='bbox 406 3043 533 3105; x_wconf 86' lang='lat' dir='ltr'><strong>deo</strong></span> <span class='ocrx_word' id='word_1_201' title='bbox 579 3061 707 3124; x_wconf 89' lang='lat' dir='ltr'><strong>per</strong></span> <span class='ocrx_word' id='word_1_202' title='bbox 754 3062 969 3124; x_wconf 87' lang='lat' dir='ltr'><strong>quem</strong></span> <span class='ocrx_word' id='word_1_203' title='bbox 1018 3044 1428 3123; x_wconf 87' lang='lat' dir='ltr'><strong>efficimur,</strong></span> <span class='ocrx_word' id='word_1_204' title='bbox 1478 3047 1548 3106; x_wconf 89' lang='lat' dir='ltr'><strong>et</strong></span> <span class='ocrx_word' id='word_1_205' title='bbox 1595 3048 1815 3107; x_wconf 86' lang='lat' dir='ltr'><strong>natus</strong></span> <span class='ocrx_word' id='word_1_206' title='bbox 1859 3062 1938 3106; x_wconf 77' lang='lat' dir='ltr'><strong>ex</strong></span> <span class='ocrx_word' id='word_1_207' title='bbox 1987 3043 2266 3105; x_wconf 85' lang='lat' dir='ltr'><strong>femina</strong></span> <span class='ocrx_word' id='word_1_208' title='bbox 2308 3062 2435 3124; x_wconf 82' lang='lat' dir='ltr'><strong>per</strong></span> <span class='ocrx_word' id='word_1_209' title='bbox 2481 3061 2694 3123; x_wconf 83' lang='lat' dir='ltr'><strong>quem</strong></span> 
     </span>
     <span class='ocr_line' id='line_1_29' title="bbox 405 3147 2695 3211; baseline 0 -1"><span class='ocrx_word' id='word_1_210' title='bbox 405 3149 905 3211; x_wconf 86' lang='lat' dir='ltr'><strong>reficeremur.</strong></span> <span class='ocrx_word' id='word_1_211' title='bbox 982 3148 1137 3211; x_wconf 89' lang='lat' dir='ltr'><strong>item</strong></span> <span class='ocrx_word' id='word_1_212' title='bbox 1184 3148 1339 3210; x_wconf 87' lang='lat' dir='ltr'><strong>illic:</strong></span> <span class='ocrx_word' id='word_1_213' title='bbox 1406 3151 1477 3211; x_wconf 85' lang='lat' dir='ltr'><strong>et</strong></span> <span class='ocrx_word' id='word_1_214' title='bbox 1538 3147 1846 3211; x_wconf 86' lang='lat' dir='ltr'><strong>uerbum</strong></span> <span class='ocrx_word' id='word_1_215' title='bbox 1908 3164 2076 3210; x_wconf 87' lang='lat' dir='ltr'><strong>caro</strong></span> <span class='ocrx_word' id='word_1_216' title='bbox 2125 3148 2405 3209; x_wconf 88' lang='lat' dir='ltr'><strong>factum</strong></span> <span class='ocrx_word' id='word_1_217' title='bbox 2463 3150 2576 3208; x_wconf 74' lang='lat' dir='ltr'><strong>est</strong></span> <span class='ocrx_word' id='word_1_218' title='bbox 2623 3150 2695 3210; x_wconf 89' lang='lat' dir='ltr'><strong>et</strong></span> 
     </span>
     <span class='ocr_line' id='line_1_30' title="bbox 406 3251 2692 3335; baseline -0.001 -20"><span class='ocrx_word' id='word_1_219' title='bbox 406 3252 783 3316; x_wconf 85' lang='lat' dir='ltr'><strong>habitauit</strong></span> <span class='ocrx_word' id='word_1_220' title='bbox 843 3254 913 3315; x_wconf 90' lang='lat' dir='ltr'><strong>in</strong></span> <span class='ocrx_word' id='word_1_221' title='bbox 977 3252 1207 3315; x_wconf 75' lang='lat' dir='ltr'><strong>nobis</strong></span> <span class='ocrx_word' id='word_1_222' title='bbox 1288 3253 1461 3334; x_wconf 89' lang='lat' dir='ltr'><strong>quid</strong></span> <span class='ocrx_word' id='word_1_223' title='bbox 1518 3271 1695 3335; x_wconf 87' lang='lat' dir='ltr'><strong>ergo</strong></span> <span class='ocrx_word' id='word_1_224' title='bbox 1745 3252 2074 3330; x_wconf 73' lang='lat' dir='ltr'><strong>mirariS,</strong></span> <span class='ocrx_word' id='word_1_225' title='bbox 2137 3251 2313 3333; x_wconf 88' lang='lat' dir='ltr'><strong>quia</strong></span> <span class='ocrx_word' id='word_1_226' title='bbox 2357 3252 2692 3315; x_wconf 88' lang='lat' dir='ltr'><strong>homines</strong></span> 
     </span>
     <span class='ocr_line' id='line_1_31' title="bbox 406 3357 2693 3439; baseline -0.001 -19"><span class='ocrx_word' id='word_1_227' title='bbox 406 3377 485 3420; x_wconf 83' lang='lat' dir='ltr'><strong>ex</strong></span> <span class='ocrx_word' id='word_1_228' title='bbox 561 3358 691 3421; x_wconf 89' lang='lat' dir='ltr'><strong>deo</strong></span> <span class='ocrx_word' id='word_1_229' title='bbox 769 3360 1227 3421; x_wconf 79' lang='lat' dir='ltr'><strong>nascuntur?</strong></span> <span class='ocrx_word' id='word_1_230' title='bbox 1304 3358 1613 3421; x_wconf 81' lang='lat' dir='ltr'><strong>att-ende</strong></span> <span class='ocrx_word' id='word_1_231' title='bbox 1690 3358 1932 3439; x_wconf 84' lang='lat' dir='ltr'><strong>ipsum</strong></span> <span class='ocrx_word' id='word_1_232' title='bbox 2001 3357 2210 3418; x_wconf 87' lang='lat' dir='ltr'><strong>deum</strong></span> <span class='ocrx_word' id='word_1_233' title='bbox 2291 3359 2541 3421; x_wconf 82' lang='lat' dir='ltr'><strong>natum</strong></span> <span class='ocrx_word' id='word_1_234' title='bbox 2613 3374 2693 3417; x_wconf 79' lang='lat' dir='ltr'><strong>ex</strong></span> 
     </span>
    </p>
   </div>
   <div class='ocr_carea' id='block_1_8' title="bbox 403 3588 2690 3747">
    <p class='ocr_par' dir='ltr' id='par_1_9' title="bbox 403 3588 2690 3747">
     <span class='ocr_line' id='line_1_32' title="bbox 610 3588 2690 3659; baseline -0.002 -13"><span class='ocrx_word' id='word_1_235' title='bbox 610 3591 666 3659; x_wconf 82' lang='lat'><strong>2]</strong></span> <span class='ocrx_word' id='word_1_236' title='bbox 704 3592 863 3643; x_wconf 88' lang='lat' dir='ltr'><strong>Prou.</strong></span> <span class='ocrx_word' id='word_1_237' title='bbox 890 3594 938 3651; x_wconf 81' lang='lat'><strong>9,</strong></span> <span class='ocrx_word' id='word_1_238' title='bbox 970 3593 1012 3646; x_wconf 92' lang='grc'><strong>1.</strong></span> <span class='ocrx_word' id='word_1_239' title='bbox 1162 3590 1249 3658; x_wconf 80' lang='lat'><strong>15]</strong></span> <span class='ocrx_word' id='word_1_240' title='bbox 1290 3607 1399 3658; x_wconf 82' lang='lat' dir='ltr'><strong>cap.</strong></span> <span class='ocrx_word' id='word_1_241' title='bbox 1433 3592 1510 3645; x_wconf 86' lang='lat'><strong>13.</strong></span> <span class='ocrx_word' id='word_1_242' title='bbox 1651 3590 1742 3659; x_wconf 88' lang='grc'><strong>20]</strong></span> <span class='ocrx_word' id='word_1_243' title='bbox 1784 3590 1834 3642; x_wconf 87' lang='lat' dir='ltr'><strong>in</strong></span> <span class='ocrx_word' id='word_1_244' title='bbox 1875 3606 2060 3656; x_wconf 81' lang='lat' dir='ltr'><strong>euang.</strong></span> <span class='ocrx_word' id='word_1_245' title='bbox 2099 3588 2213 3641; x_wconf 88' lang='lat' dir='ltr'><strong>Ioh.</strong></span> <span class='ocrx_word' id='word_1_246' title='bbox 2251 3590 2460 3641; x_wconf 78' lang='lat' dir='ltr'><strong>tractat.</strong></span> <span class='ocrx_word' id='word_1_247' title='bbox 2498 3588 2571 3651; x_wconf 87' lang='grc' dir='ltr'><strong>ΙΙ,</strong></span> <span class='ocrx_word' id='word_1_248' title='bbox 2613 3592 2690 3643; x_wconf 83' lang='grc'><strong>15.</strong></span> 
     </span>
     <span class='ocr_line' id='line_1_33' title="bbox 403 3678 1061 3747; baseline -0.003 -14"><span class='ocrx_word' id='word_1_249' title='bbox 403 3679 493 3747; x_wconf 79' lang='lat'><strong>25]</strong></span> <span class='ocrx_word' id='word_1_250' title='bbox 531 3678 567 3731; x_wconf 94' lang='lat' dir='ltr'><strong>l.</strong></span> <span class='ocrx_word' id='word_1_251' title='bbox 600 3696 640 3732; x_wconf 83' lang='lat' dir='ltr'><strong>c.</strong></span> <span class='ocrx_word' id='word_1_252' title='bbox 759 3678 872 3732; x_wconf 87' lang='lat' dir='ltr'><strong>Ioh.</strong></span> <span class='ocrx_word' id='word_1_253' title='bbox 905 3682 949 3741; x_wconf 92' lang='lat'><strong>1,</strong></span> <span class='ocrx_word' id='word_1_254' title='bbox 983 3682 1061 3733; x_wconf 74' lang='lat'><strong>14.</strong></span> 
     </span>
    </p>
   </div>
   <div class='ocr_carea' id='block_1_9' title="bbox 400 3892 2691 4490">
    <p class='ocr_par' dir='ltr' id='par_1_10' title="bbox 400 3892 2691 4490">
     <span class='ocr_line' id='line_1_34' title="bbox 492 3892 2690 3962; baseline -0.002 -10"><span class='ocrx_word' id='word_1_255' title='bbox 492 3898 517 3952; x_wconf 88' lang='grc'><strong>1</strong></span> <span class='ocrx_word' id='word_1_256' title='bbox 547 3892 890 3949; x_wconf 87' lang='lat' dir='ltr'><strong>obumbrauit</strong></span> <span class='ocrx_word' id='word_1_257' title='bbox 912 3896 978 3949; x_wconf 90' lang='lat' dir='ltr'><strong><em>N</em></strong></span> <span class='ocrx_word' id='word_1_258' title='bbox 1080 3896 1318 3948; x_wconf 84' lang='lat' dir='ltr'><strong>nascitur</strong></span> <span class='ocrx_word' id='word_1_259' title='bbox 1350 3896 1407 3947; x_wconf 89' lang='lat' dir='ltr'><strong>in</strong></span> <span class='ocrx_word' id='word_1_260' title='bbox 1442 3898 1493 3948; x_wconf 81' lang='lat' dir='ltr'><strong>te</strong></span> <span class='ocrx_word' id='word_1_261' title='bbox 1522 3897 1596 3949; x_wconf 83' lang='lat' dir='ltr'><strong><em>M</em></strong></span> <span class='ocrx_word' id='word_1_262' title='bbox 1692 3897 1724 3949; x_wconf 81' lang='lat'>4</span> <span class='ocrx_word' id='word_1_263' title='bbox 1760 3893 2120 3961; x_wconf 82' lang='lat' dir='ltr'><strong>blasphemiae</strong></span> <span class='ocrx_word' id='word_1_264' title='bbox 2155 3910 2260 3961; x_wconf 90' lang='lat' dir='ltr'><strong>qua</strong></span> <span class='ocrx_word' id='word_1_265' title='bbox 2288 3937 2296 3946; x_wconf 95' lang='lat'><strong><em>.</em></strong></span> <span class='ocrx_word' id='word_1_266' title='bbox 2328 3935 2337 3946; x_wconf 94' lang='lat'>.</span> <span class='ocrx_word' id='word_1_267' title='bbox 2368 3936 2376 3947; x_wconf 89' lang='lat'>.</span> <span class='ocrx_word' id='word_1_268' title='bbox 2405 3912 2522 3962; x_wconf 78' lang='lat' dir='ltr'><strong>cap.</strong></span> <span class='ocrx_word' id='word_1_269' title='bbox 2549 3900 2633 3960; x_wconf 85' lang='lat'><strong>31,</strong></span> <span class='ocrx_word' id='word_1_270' title='bbox 2659 3900 2690 3947; x_wconf 88' lang='lat'><em>1</em></span> 
     </span>
     <span class='ocr_line' id='line_1_35' title="bbox 404 3982 2690 4051; baseline -0.001 -16"><span class='ocrx_word' id='word_1_271' title='bbox 404 3984 501 4035; x_wconf 81' lang='lat' dir='ltr'><strong>etsi</strong></span> <span class='ocrx_word' id='word_1_272' title='bbox 549 3998 691 4035; x_wconf 88' lang='lat' dir='ltr'><strong>nunc</strong></span> <span class='ocrx_word' id='word_1_273' title='bbox 736 3984 1037 4051; x_wconf 84' lang='lat' dir='ltr'><strong>praesentia</strong></span> <span class='ocrx_word' id='word_1_274' title='bbox 1082 4000 1189 4035; x_wconf 86' lang='lat' dir='ltr'><strong>non</strong></span> <span class='ocrx_word' id='word_1_275' title='bbox 1235 3984 1427 4037; x_wconf 70' lang='lat' dir='ltr'><strong>desunt</strong></span> <span class='ocrx_word' id='word_1_276' title='bbox 1472 3985 1534 4036; x_wconf 70' lang='lat' dir='ltr'><strong>in</strong></span> <span class='ocrx_word' id='word_1_277' title='bbox 1578 3985 1652 4036; x_wconf 82' lang='lat' dir='ltr'><em>M</em></span> <span class='ocrx_word' id='word_1_278' title='bbox 1788 3987 1818 4035; x_wconf 90' lang='lat'>5</span> <span class='ocrx_word' id='word_1_279' title='bbox 1866 3984 1946 4034; x_wconf 82' lang='lat' dir='ltr'><strong>est</strong></span> <span class='ocrx_word' id='word_1_280' title='bbox 1991 4000 2091 4036; x_wconf 82' lang='lat' dir='ltr'><strong>om.</strong></span> <span class='ocrx_word' id='word_1_281' title='bbox 2135 4000 2178 4049; x_wconf 79' lang='grc' dir='ltr'><em>Ρ</em></span> <span class='ocrx_word' id='word_1_282' title='bbox 2322 3982 2586 4033; x_wconf 82' lang='lat' dir='ltr'><strong>mensium</strong></span> <span class='ocrx_word' id='word_1_283' title='bbox 2625 3984 2690 4049; x_wconf 84' lang='grc' dir='ltr'><strong>Ρι</strong></span> 
     </span>
     <span class='ocr_line' id='line_1_36' title="bbox 402 4067 2691 4139; baseline -0.001 -17"><span class='ocrx_word' id='word_1_284' title='bbox 402 4069 730 4123; x_wconf 86' lang='lat' dir='ltr'><strong>hieronimus</strong></span> <span class='ocrx_word' id='word_1_285' title='bbox 765 4070 833 4125; x_wconf 83' lang='lat' dir='ltr'><strong><em>N</em></strong></span> <span class='ocrx_word' id='word_1_286' title='bbox 906 4069 1195 4123; x_wconf 85' lang='lat' dir='ltr'><strong>ieronimus</strong></span> <span class='ocrx_word' id='word_1_287' title='bbox 1224 4089 1269 4139; x_wconf 82' lang='grc' dir='ltr'><em>Ρ</em></span> <span class='ocrx_word' id='word_1_288' title='bbox 1412 4072 1443 4123; x_wconf 87' lang='lat'>6</span> <span class='ocrx_word' id='word_1_289' title='bbox 1480 4086 1746 4137; x_wconf 62' lang='lat' dir='ltr'><strong>puraeque</strong></span> <span class='ocrx_word' id='word_1_290' title='bbox 1783 4087 1815 4123; x_wconf 84' lang='lat' dir='ltr'><strong><em>v</em></strong></span> <span class='ocrx_word' id='word_1_291' title='bbox 1957 4071 1987 4122; x_wconf 85' lang='lat'>7</span> <span class='ocrx_word' id='word_1_292' title='bbox 2025 4067 2235 4120; x_wconf 89' lang='lat' dir='ltr'><strong>hisdem</strong></span> <span class='ocrx_word' id='word_1_293' title='bbox 2274 4070 2369 4137; x_wconf 81' lang='grc' dir='ltr'><strong>ΝΡ</strong></span> <span class='ocrx_word' id='word_1_294' title='bbox 2511 4070 2542 4123; x_wconf 89' lang='grc'>8</span> <span class='ocrx_word' id='word_1_295' title='bbox 2581 4084 2691 4120; x_wconf 86' lang='lat' dir='ltr'><strong>esse</strong></span> 
     </span>
     <span class='ocr_line' id='line_1_37' title="bbox 402 4155 2690 4227; baseline -0.003 -16"><span class='ocrx_word' id='word_1_296' title='bbox 402 4176 502 4211; x_wconf 85' lang='lat' dir='ltr'><strong>om.</strong></span> <span class='ocrx_word' id='word_1_297' title='bbox 521 4176 565 4227; x_wconf 81' lang='grc' dir='ltr'><em>Ρ</em></span> <span class='ocrx_word' id='word_1_298' title='bbox 674 4160 739 4212; x_wconf 91' lang='grc'><strong>10</strong></span> <span class='ocrx_word' id='word_1_299' title='bbox 764 4157 979 4210; x_wconf 85' lang='lat' dir='ltr'><strong>uidetur</strong></span> <span class='ocrx_word' id='word_1_300' title='bbox 1004 4176 1035 4211; x_wconf 85' lang='lat' dir='ltr'><em>v</em></span> <span class='ocrx_word' id='word_1_301' title='bbox 1146 4160 1201 4212; x_wconf 92' lang='lat' dir='ltr'><strong>ll</strong></span> <span class='ocrx_word' id='word_1_302' title='bbox 1233 4156 1439 4210; x_wconf 87' lang='lat' dir='ltr'><strong>hisdem</strong></span> <span class='ocrx_word' id='word_1_303' title='bbox 1467 4158 1565 4225; x_wconf 80' lang='grc' dir='ltr'><strong>ΝΡ</strong></span> <span class='ocrx_word' id='word_1_304' title='bbox 1679 4159 1742 4211; x_wconf 84' lang='lat'><strong>13</strong></span> <span class='ocrx_word' id='word_1_305' title='bbox 1769 4156 1997 4208; x_wconf 82' lang='lat' dir='ltr'><strong>ruffinus</strong></span> <span class='ocrx_word' id='word_1_306' title='bbox 2023 4174 2066 4223; x_wconf 84' lang='grc' dir='ltr'><em>Ρ</em></span> <span class='ocrx_word' id='word_1_307' title='bbox 2174 4155 2306 4207; x_wconf 87' lang='lat' dir='ltr'><strong>haut</strong></span> <span class='ocrx_word' id='word_1_308' title='bbox 2323 4174 2366 4224; x_wconf 88' lang='grc' dir='ltr'><em>Ρ</em></span> <span class='ocrx_word' id='word_1_309' title='bbox 2477 4158 2540 4209; x_wconf 90' lang='lat'><strong>15</strong></span> <span class='ocrx_word' id='word_1_310' title='bbox 2566 4170 2690 4221; x_wconf 79' lang='lat' dir='ltr'><strong>ergo</strong></span> 
     </span>
     <span class='ocr_line' id='line_1_38' title="bbox 400 4243 2690 4313; baseline -0.002 -15"><span class='ocrx_word' id='word_1_311' title='bbox 400 4244 586 4313; x_wconf 79' lang='lat' dir='ltr'><em>Ruftn.</em></span> <span class='ocrx_word' id='word_1_312' title='bbox 696 4244 881 4313; x_wconf 89' lang='lat' dir='ltr'><strong>inquid</strong></span> <span class='ocrx_word' id='word_1_313' title='bbox 910 4246 976 4299; x_wconf 90' lang='lat' dir='ltr'><em>N</em></span> <span class='ocrx_word' id='word_1_314' title='bbox 1081 4248 1138 4300; x_wconf 89' lang='grc'><strong>17</strong></span> <span class='ocrx_word' id='word_1_315' title='bbox 1180 4244 1355 4297; x_wconf 77' lang='lat' dir='ltr'><strong>media</strong></span> <span class='ocrx_word' id='word_1_316' title='bbox 1383 4245 1567 4312; x_wconf 69' lang='lat' dir='ltr'><strong>Rasin.</strong></span> <span class='ocrx_word' id='word_1_317' title='bbox 1681 4246 1744 4298; x_wconf 82' lang='lat'><strong>19</strong></span> <span class='ocrx_word' id='word_1_318' title='bbox 1782 4243 2012 4311; x_wconf 88' lang='lat' dir='ltr'><strong>hippone</strong></span> <span class='ocrx_word' id='word_1_319' title='bbox 2050 4243 2148 4311; x_wconf 84' lang='lat' dir='ltr'><strong>Np</strong></span> <span class='ocrx_word' id='word_1_320' title='bbox 2255 4258 2483 4310; x_wconf 86' lang='lat' dir='ltr'><strong>magnus</strong></span> <span class='ocrx_word' id='word_1_321' title='bbox 2521 4258 2690 4295; x_wconf 82' lang='lat' dir='ltr'><strong>sacer-</strong></span> 
     </span>
     <span class='ocr_line' id='line_1_39' title="bbox 402 4329 2690 4402; baseline -0 -19"><span class='ocrx_word' id='word_1_322' title='bbox 402 4330 496 4383; x_wconf 87' lang='lat' dir='ltr'><strong>dos</strong></span> <span class='ocrx_word' id='word_1_323' title='bbox 538 4350 565 4386; x_wconf 82' lang='lat' dir='ltr'><em>v</em></span> <span class='ocrx_word' id='word_1_324' title='bbox 738 4334 807 4387; x_wconf 89' lang='grc'><strong>20</strong></span> <span class='ocrx_word' id='word_1_325' title='bbox 844 4332 1017 4400; x_wconf 87' lang='lat' dir='ltr'><strong>primo</strong></span> <span class='ocrx_word' id='word_1_326' title='bbox 1054 4334 1197 4402; x_wconf 66' lang='lat' dir='ltr'><strong>Any.</strong></span> <span class='ocrx_word' id='word_1_327' title='bbox 1379 4334 1442 4387; x_wconf 88' lang='grc'><strong>21</strong></span> <span class='ocrx_word' id='word_1_328' title='bbox 1482 4332 1652 4400; x_wconf 84' lang='lat' dir='ltr'><strong>ipsius</strong></span> <span class='ocrx_word' id='word_1_329' title='bbox 1679 4333 1746 4400; x_wconf 77' lang='grc' dir='ltr'><strong>Ρ1</strong></span> <span class='ocrx_word' id='word_1_330' title='bbox 1922 4332 1976 4382; x_wconf 85' lang='lat' dir='ltr'><strong>et</strong></span> <span class='ocrx_word' id='word_1_331' title='bbox 2011 4348 2111 4385; x_wconf 87' lang='lat' dir='ltr'><strong>om.</strong></span> <span class='ocrx_word' id='word_1_332' title='bbox 2143 4348 2186 4397; x_wconf 86' lang='grc' dir='ltr'><em>Ρ</em></span> <span class='ocrx_word' id='word_1_333' title='bbox 2322 4332 2388 4384; x_wconf 90' lang='grc'><strong>22</strong></span> <span class='ocrx_word' id='word_1_334' title='bbox 2427 4329 2690 4397; x_wconf 84' lang='lat' dir='ltr'><strong>quaesiuit</strong></span> 
     </span>
     <span class='ocr_line' id='line_1_40' title="bbox 402 4416 2332 4490; baseline 0 -19"><span class='ocrx_word' id='word_1_335' title='bbox 402 4417 617 4485; x_wconf 89' lang='lat' dir='ltr'><strong>quidem</strong></span> <span class='ocrx_word' id='word_1_336' title='bbox 654 4418 757 4472; x_wconf 87' lang='lat' dir='ltr'><strong>nisi</strong></span> <span class='ocrx_word' id='word_1_337' title='bbox 793 4421 938 4490; x_wconf 70' lang='lat' dir='ltr'><strong>Any.</strong></span> <span class='ocrx_word' id='word_1_338' title='bbox 1046 4422 1113 4473; x_wconf 84' lang='lat'><strong>24</strong></span> <span class='ocrx_word' id='word_1_339' title='bbox 1151 4418 1485 4472; x_wconf 86' lang='lat' dir='ltr'><strong>efficeremur</strong></span> <span class='ocrx_word' id='word_1_340' title='bbox 1519 4420 1663 4488; x_wconf 72' lang='lat' dir='ltr'><strong>Any.</strong></span> <span class='ocrx_word' id='word_1_341' title='bbox 1772 4420 1838 4473; x_wconf 83' lang='lat'><strong>25</strong></span> <span class='ocrx_word' id='word_1_342' title='bbox 1879 4416 2212 4470; x_wconf 85' lang='lat' dir='ltr'><strong>reficeremus</strong></span> <span class='ocrx_word' id='word_1_343' title='bbox 2249 4418 2314 4471; x_wconf 90' lang='lat' dir='ltr'><em>N</em></span> <span class='ocrx_word' id='word_1_344' title='bbox 2319 4418 2332 4451; x_wconf 77' lang='lat'><em>²</em></span> 
     </span>
    </p>
   </div>
   <div class='ocr_carea' id='block_1_10' title="bbox 2747 857 2783 910">
    <p class='ocr_par' dir='ltr' id='par_1_11' title="bbox 2747 857 2783 910">
     <span class='ocr_line' id='line_1_41' title="bbox 2747 857 2783 910; baseline 0 0"><span class='ocrx_word' id='word_1_345' title='bbox 2747 857 2783 910; x_wconf 82' lang='lat'><strong>2</strong></span> 
     </span>
    </p>
   </div>
  </div>
 </body>
</html>
