3167 4975
518 434 791 492 LXVIII

520 642 606 649 —
651 602 853 668 tribus
898 603 1052 666 locis
1098 604 1282 666 notae
1327 599 1709 683 marginales
1756 601 1817 661 et
1864 597 2110 681 glossae
2140 598 2207 661 in
2246 598 2489 661 textum
2521 599 2809 678 receptae

525 712 700 773 sunt:
747 728 807 791 p.
845 704 992 787 642,
1031 704 1104 767 11
1154 705 1252 767 De
1299 704 1571 780 theoria,
1622 701 1768 784 702,
1802 701 1842 765 3
1893 700 2127 764 laceris
2172 698 2485 763 cruribus
2526 698 2819 783 [crucia-

525 810 758 898 tibusJ,
807 809 954 893 705,
990 810 1024 872 7
1075 810 1304 895 adepti
1351 804 1667 894 [nanctis
1718 824 1841 871 uno
1890 810 2138 871 tantum
2186 808 2320 870 loco
2366 806 2431 870 in
2480 805 2817 887 archetypo

521 917 826 982 librorum
857 914 1046 979 ΒΕΘ
1076 915 1386 981 uocabula
1431 914 1597 978 male
1644 913 2029 995 transposita
2074 916 2280 975 erant:
2326 931 2387 994 p.
2422 908 2571 991 642,
2604 908 2683 971 21
2730 907 2821 971 ad

513 1042 829 1107 praesens
873 1042 1002 1083 non
1048 1018 1277 1083 solum.
1343 1023 1562 1083 contra
1607 1036 1875 1101 magnus
1924 1020 2017 1081 est
2064 1018 2434 1080 lacunarum
2482 1032 2817 1079 numerus:

521 1146 582 1209 p.
618 1124 767 1205 510,
799 1124 841 1188 3
873 1146 1038 1209 quae
1067 1120 1434 1187 uendebant
1468 1122 1544 1200 F,
1590 1120 1740 1201 512,
1772 1120 1857 1184 23
1902 1121 2099 1183 etiam
2136 1120 2208 1197 F,
2256 1118 2406 1200 525,
2438 1118 2522 1181 22
2568 1140 2647 1181 ac
2674 1116 2819 1199 BF,

524 1228 674 1311 526,
711 1231 742 1292 1
791 1238 868 1291 ut
897 1228 1038 1305 BF,
1086 1226 1232 1309 529,
1265 1227 1350 1291 20
1394 1237 1548 1289 sunt
1596 1226 1764 1302 B¹F,
1811 1224 1961 1305 531,
1993 1224 2078 1288 26
2126 1224 2217 1287 ad
2273 1224 2414 1302 BF,
2476 1223 2625 1304 543,
2659 1222 2699 1285 8
2760 1231 2821 1285 et

527 1330 733 1412 ΒΕΘ,
789 1332 938 1413 545,
992 1331 1071 1397 10
1115 1330 1224 1395 uel
1287 1330 1494 1395 deesse
1539 1330 1669 1393 BF
1709 1332 1989 1414 (propter
2034 1330 2499 1413 ὁμοιοτέλευτον),
2554 1326 2703 1410 567,
2740 1326 2823 1389 14

525 1438 636 1501 uel
664 1436 798 1501 BF
799 1436 900 1516 0¹,
947 1436 1096 1519 569,
1135 1436 1164 1498 1
1201 1446 1321 1499 aut
1355 1457 1485 1521 per
1529 1434 1979 1521 coyitationem
2019 1442 2141 1495 aut
2162 1456 2291 1519 per
2320 1454 2668 1496 sermonem
2698 1432 2822 1515 (ui-.

523 1544 705 1608 detur
750 1562 914 1607 unus
960 1561 1182 1606 uersus
1235 1546 1487 1625 propter
1533 1544 1745 1618 ὁμοιοτ.
1796 1540 2123 1624 excidisse)
2180 1536 2323 1615 BF,
2384 1536 2533 1618 576,
2575 1536 2662 1601 20
2722 1537 2823 1599 ita

527 1646 796 1733 leyimus
823 1693 837 1708 .
869 1695 882 1708 .
913 1693 927 1708 .
952 1646 1190 1709 uinum
1220 1648 1498 1730 (propter
1529 1646 1767 1728 ὁμοιοτ.)
1800 1643 1970 1721 B¹F,
2004 1642 2151 1725 581,
2185 1643 2227 1705 2
2256 1641 2366 1705 uel
2389 1641 2531 1719 BF,
2563 1640 2713 1724 583,
2743 1642 2817 1703 11

527 1773 628 1815 eos
667 1750 808 1828 BF,
857 1750 1006 1831 584,
1038 1749 1122 1813 26
1167 1750 1310 1813 siue
1358 1748 1709 1835 displiceat
1754 1750 2030 1833 (propter
2076 1748 2313 1831 ὁμοιοτ.)
2358 1746 2501 1823 BF,
2556 1744 2704 1827 586,
2744 1746 2817 1807 11

527 1865 588 1919 et
616 1854 759 1932 BF,
806 1852 955 1936 592,
992 1854 1071 1916 19
1101 1853 1314 1917 solum
1343 1853 1484 1931 BF,
1531 1852 1680 1933 597,
1717 1851 1796 1915 18
1827 1872 1907 1914 ne
1936 1850 2107 1929 B¹F,
2156 1850 2303 1933 601,
2336 1850 2378 1913 2
2420 1870 2645 1913 sensus
2676 1848 2820 1925 BF,

527 1959 675 2041 603,
714 1959 788 2021 17
825 1956 954 2021 illa
985 1957 1126 2035 BF,
1161 1957 1307 2040 605,
1342 1957 1382 2020 9
1419 1956 1864 2044 prohibentur
1898 2004 1913 2019 .
1949 2004 1963 2018 .
2001 2004 2015 2018 .
2048 1977 2213 2042 quae
2259 1956 2538 2039 (propter
2583 1955 2821 2038 ὀμοιοτ.)

525 2062 667 2143 BF,
723 2062 870 2144 607,
903 2061 990 2127 20
1035 2073 1092 2126 et
1127 2062 1476 2148 primitias
1525 2062 1804 2147 (propter
1848 2060 2085 2145 ὁμειοτ.)
2132 2058 2274 2138 BF,
2322 2058 2471 2141 612,
2508 2059 2589 2122 16
2632 2057 2821 2122 nobis

531 2218 547 2231 .
576 2216 590 2231 .
619 2214 634 2231 .
663 2166 932 2253 defectis
981 2168 1238 2251 (excidit
1267 2187 1430 2233 unus
1463 2168 1713 2250 uersus)
1738 2166 1880 2244 BF,
1914 2165 2061 2248 620,
2091 2164 2172 2228 14
2202 2166 2359 2228 haec
2388 2163 2530 2243 BF,
2562 2163 2712 2245 623,
2743 2162 2820 2227 17

529 2283 588 2335 et
617 2271 760 2351 BF,
807 2272 955 2355 634,
989 2270 1073 2336 25
1104 2271 1492 2354 confidenter
1537 2270 1903 2357 adiunqens
1933 2270 2075 2354 BF,
2124 2268 2272 2351 639,
2304 2269 2391 2333 24
2434 2290 2645 2333 omnes
2677 2268 2821 2347 BF,

530 2376 677 2459 641,
715 2377 795 2442 15
827 2378 900 2441 in
930 2376 1074 2455 BF,
1123 2376 1269 2459 646,
1303 2376 1342 2441 3
1381 2398 1691 2462 umquam
1721 2373 1863 2454 BF,
1911 2374 2059 2457 647,
2090 2374 2134 2437 4
2179 2384 2237 2437 et
2274 2372 2509 2452 BF01,
2556 2372 2705 2455 647,
2740 2372 2819 2437 21

527 2480 741 2546 solum
763 2480 904 2560 BF,
937 2481 1084 2564 674,
1116 2481 1197 2545 14
1226 2481 1336 2545 cui
1369 2528 1382 2543 .
1419 2529 1432 2544 .
1469 2529 1484 2544 .
1513 2480 1808 2544 soluitur
1830 2478 1973 2559 BF,
2016 2478 2163 2562 681,
2190 2478 2275 2544 25
2306 2477 2544 2566 quibus
2578 2526 2592 2541 .
2619 2527 2635 2541 .
2664 2527 2679 2541 .
2712 2476 2829 2542 sed

530 2586 675 2650 illis
723 2586 1002 2671 (propter
1047 2587 1284 2670 ὁμοιοτ.)
1317 2584 1458 2664 BF,
1492 2583 1640 2668 684,
1672 2585 1757 2649 25
1804 2585 1905 2649 ita
1932 2582 2075 2662 BF,
2108 2581 2256 2665 689,
2294 2583 2373 2646 16
2406 2583 2827 2647 conuersione

529 2690 672 2769 BF,
719 2691 867 2773 692,
901 2689 986 2755 20
1025 2689 1134 2754 uel
1166 2713 1244 2754 ecc
1276 2738 1290 2753 .
1327 2738 1341 2753 .
1377 2737 1391 2752 .
1429 2688 1651 2753 labore
1691 2690 1969 2775 (propter
2000 2689 2239 2774 ὀμοιοτ.)
2272 2686 2411 2751 BF.
2458 2726 2545 2734 —
2588 2689 2828 2754 leuiora

531 2797 760 2860 menda
805 2795 1082 2862 familiae
1111 2793 1244 2858 BF
1267 2800 1331 2860 et
1375 2813 1533 2878 quae
1577 2795 1811 2879 partim
1843 2793 2311 2859 characteribus
2344 2793 2666 2878 archetypi
2699 2811 2825 2858 non

531 2901 892 2982 intellectis,
925 2901 1157 2986 partim
1183 2900 1426 2965 incuria
1454 2899 1853 2964 librariorum
1885 2904 2023 2965 orta
2054 2902 2251 2979 erant,
2298 2897 2455 2962 haec
2482 2898 2613 2962 fere
2645 2901 2822 2962 sunt:

531 3025 590 3089 p.
626 3002 776 3086 516,
812 3003 890 3067 18
924 3002 1118 3068 uerbi
1147 3022 1257 3088 pro
1293 3001 1483 3067 breui
1514 3002 1751 3088 (ortum
1780 3003 1922 3069 fort.
1960 3023 2033 3068 ex
2062 3000 2301 3086 urebi),
2347 3000 2496 3084 529,
2530 3001 2569 3066 3
2600 3001 2826 3064 morti-

518 3107 681 3196 feri
749 3111 886 3194 (pro
946 3107 1344 3192 mortiferis)
1415 3106 1713 3172 basilisci
1771 3107 2058 3186 uenenis,
2127 3105 2276 3189 538,
2322 3105 2409 3170 23
2464 3105 2555 3171 ad
2606 3126 2718 3192 pro
2765 3116 2825 3170 et

535 3211 653 3298 (ita
683 3215 873 3280 etiam
913 3211 1014 3299 O),
1045 3211 1194 3295 540,
1228 3213 1268 3277 3
1299 3211 1384 3276 iti
1415 3211 1513 3298 (111
1543 3212 1631 3298 B)
1672 3212 1966 3298 idemque
1995 3231 2105 3297 pro
2152 3210 2523 3298 itidemque,
2554 3211 2705 3293 540,
2736 3209 2823 3275 23

531 3315 876 3404 suspendit
898 3337 1009 3404 pro
1036 3315 1350 3381 distendit
1369 3317 1605 3400 (ortum
1631 3339 1665 3381 e
1687 3318 2097 3402 praecedente
2112 3317 2545 3402 suspensum),
2570 3313 2825 3398 544,12

532 3432 610 3486 ut
660 3442 772 3508 pro
827 3432 887 3486 et
941 3422 1283 3508 (consentit
1337 3421 1437 3507 O),
1499 3420 1647 3504 550,
1688 3422 1733 3484 4
1770 3419 2066 3506 facilius
2114 3421 2187 3484 in
2242 3420 2658 3506 temptatione
2711 3439 2824 3504 pro

519 3525 734 3612 facili
787 3526 1269 3605 sustentatione,
1323 3525 1473 3609 557,
1515 3524 1554 3589 8
1610 3524 1893 3589 curiosis
1958 3545 2069 3611 pro
2124 3525 2403 3612 copiosis
2459 3523 2695 3610 (ortum
2751 3545 2825 3590 ex

535 3631 878 3718 cupiosie),
925 3631 1074 3714 574,
1113 3631 1194 3696 10
1228 3629 1629 3717 prohibetur
1673 3650 1784 3717 pro
1820 3630 2229 3716 prouehit-ur
2275 3628 2513 3715 (ortum
2558 3651 2630 3696 ex
2666 3651 2824 3716 pro-

538 3735 853 3824 behitur),
900 3735 1048 3817 577,
1095 3735 1174 3800 16
1223 3735 1592 3800 detinemur
1641 3734 1976 3822 (detinent)
2034 3755 2145 3821 pro
2193 3735 2493 3814 detineri,
2544 3733 2695 3818 581,
2742 3733 2825 3800 15

533 3841 879 3904 sanctitate
916 3861 1028 3926 pro
1068 3840 1368 3904 castitate
1415 3842 1613 3925 (mero
1662 3860 1863 3906 errore
1892 3846 2147 3925 propter
2178 3842 2555 3925 praecedens
2586 3840 2824 3904 sancti-

533 3945 806 4032 monia),
837 3945 986 4027 585,
1017 3944 1099 4008 14
1119 3943 1478 4031 probatum
1508 3964 1620 4030 pro
1642 3943 2007 4030 prolatum,
2040 3944 2189 4028 585,
2221 3943 2297 4007 17
2333 3944 2529 4008 etiam
2548 3963 2661 4030 pro
2686 3943 2824 4008 iam

537 4053 707 4136 (post
749 4049 908 4136 sed),
955 4049 1103 4133 592,
1144 4050 1228 4115 23
1266 4051 1612 4137 praecepit
1656 4029 2017 4115 auctoritas
2063 4070 2175 4136 pro
2212 4049 2561 4136 praecepti
2604 4059 2821 4114 aucto-

535 4156 754 4234 ritate,
801 4153 949 4238 597,
998 4157 1033 4219 7
1081 4165 1427 4220 uertamur
1470 4175 1582 4240 pro
1628 4177 2005 4242 uerqamur,
2053 4153 2201 4232 600,
2245 4155 2280 4218 7
2330 4154 2665 4218 uirtutum
2709 4173 2823 4241 pro

534 4259 900 4338 ueritatem,
949 4259 1096 4342 600,
1135 4260 1212 4324 19
1257 4259 1516 4324 sabbati
1562 4280 1672 4346 pro
1718 4259 2012 4337 sabbata,
2061 4259 2208 4342 606,
2250 4259 2329 4324 21
2380 4259 2496 4344 qui
2539 4280 2650 4344 pro
2692 4282 2823 4346 qua

533 4363 712 4449 (lieet
757 4366 950 4430 etiam
995 4365 1109 4450 qui
1154 4367 1299 4430 ferri
1347 4367 1584 4450 queat),
1634 4365 1779 4446 623,
1826 4365 1902 4427 17
1952 4363 2319 4451 conqreqati
2363 4384 2473 4449 pro
2521 4365 2822 4444 concreti,
2910 4399 2915 4406 ·
