3167 4975
278 1555 331 1594 10

277 2077 329 2118 15

270 2612 326 2649 20

266 3132 322 3173 25

927 415 1155 466 contra
1189 413 1570 466 Nestorium
1608 412 1718 470 lib.
1755 413 1878 478 VII,
1921 417 2142 470 14—16.
2547 416 2670 480 371

391 591 659 654 alterum
706 591 771 654 in
826 594 1087 672 utraque
1148 609 1272 654 non
1317 588 1559 671 habuit,
1623 590 1772 672 q'uia
1819 610 1932 654 nec
1978 591 2327 656 diuinitatis
2374 592 2675 656 natiuitas

389 699 589 760 matre
635 695 808 778 eguit
846 697 917 759 et
962 695 1037 758 ad
1085 695 1487 759 natiuitatem
1532 695 1807 778 corporis
1855 694 1976 760 sibi
2015 696 2150 778 ipse
2181 696 2444 760 suffecit.
2517 696 2676 760 sine

387 804 599 883 patre
648 818 793 884 ergo
838 799 1043 882 inquit
1088 800 1430 883 apostolus,
1479 799 1641 865 sine
1688 804 1956 881 matre,
2005 801 2166 864 sine
2210 801 2671 884 genealogia.

474 905 609 969 XV.
659 904 981 984 Quomodo
1043 905 1178 970 sine
1238 904 1610 988 genealogia
1669 905 1994 970 dominum
2055 906 2249 970 fuisse
2296 905 2468 986 dicit,
2530 925 2675 970 cum

391 1009 789 1094 euangelium
833 1009 1145 1073 Matthaei
1208 1027 1245 1072 a
1302 1009 1674 1093 genealogia
1735 1008 2007 1093 coeperit
2053 1009 2382 1074 saluatoris
2429 1011 2672 1074 dicens:

387 1114 579 1178 liber
622 1113 1141 1198 generationis
1188 1115 1359 1178 Iesu
1409 1112 1720 1194 Christi,
1767 1115 1917 1179 filii
1949 1114 2218 1195 Dauid,
2263 1115 2412 1180 filii
2443 1114 2676 1179 Abra-

386 1219 593 1282 ham?
650 1238 795 1302 ergo
844 1222 909 1282 et
952 1221 1127 1283 iuxta
1170 1218 1630 1302 euangelistam
1675 1217 1870 1283 habet
1913 1220 2350 1304 genealogiam
2397 1223 2460 1284 et
2503 1221 2676 1284 iuxta

387 1324 741 1407 apostolum
786 1342 911 1388 non
956 1323 1168 1403 habet,
1230 1324 1377 1405 quia
1435 1323 1612 1388 iuxta
1655 1324 2054 1407 euangelium
2099 1343 2172 1388 ex
2216 1328 2416 1388 matre
2462 1324 2673 1406 habet,

386 1429 557 1493 iuxta
615 1429 969 1511 apostolum
1031 1447 1101 1491 ex
1156 1432 1335 1510 patre
1395 1445 1520 1492 non
1565 1427 1776 1492 habet.
1857 1432 1920 1492 et
1965 1428 2101 1492 ideo
2147 1426 2307 1492 bene
2355 1429 2674 1511 apostolus

387 1533 599 1597 dicens
646 1533 807 1598 sine
851 1536 1095 1616 patre,
1157 1534 1315 1596 sine
1363 1535 1628 1614 matre,
1685 1534 1843 1596 sine
1889 1533 2330 1616 genealogia
2373 1533 2481 1598 ubi
2527 1552 2672 1597 eum

386 1637 519 1702 sine
566 1642 768 1702 matre
812 1638 1097 1722 genitum
1146 1658 1283 1701 esse
1327 1637 1557 1720 posuit,
1605 1637 1693 1702 ibi
1732 1639 1922 1702 etiam
1956 1639 2090 1702 sine
2137 1638 2506 1722 genealogia
2535 1657 2672 1702 csse

384 1743 775 1807 memorauit.
857 1761 929 1807 ac
975 1762 1083 1826 per
1126 1741 1245 1806 hoc
1292 1742 1357 1806 in
1404 1745 1668 1824 utraque
1714 1743 1946 1807 domini
1994 1742 2326 1807 natiuitate
2373 1745 2436 1805 et
2481 1761 2673 1806 euan-

383 1848 583 1932 gelica
642 1848 759 1912 sibi
832 1851 895 1911 et
964 1848 1307 1931 apostolica
1376 1848 1563 1912 simul
1636 1848 1867 1930 scripta
1928 1847 2338 1928 conueniunt,
2400 1847 2549 1930 quia
2609 1851 2674 1913 et

384 1953 557 2016 iuxta
616 1953 1073 2036 euangelistam
1129 1951 1323 2017 habet
1376 1953 1810 2036 genealogiam
1873 1952 2006 2016 sine
2052 1955 2230 2034 patre
2289 1952 2671 2034 incarnatuS,

384 2063 447 2122 et
488 2057 663 2123 iuxta
706 2059 1060 2141 apostolum
1121 2075 1246 2123 non
1293 2057 1486 2122 habet
1548 2058 1680 2120 sine
1743 2059 1944 2121 matre
1991 2057 2280 2121 domiuus
2327 2058 2392 2121 in
2438 2057 2672 2122 deitate

382 2166 740 2246 generatus„
786 2162 977 2226 Esaia
1020 2162 1293 2227 dicente:
1356 2162 1922 2246 generationem
1983 2165 2232 2226 autem
2293 2162 2452 2226 eius
2507 2162 2670 2244 quis

383 2267 813 2332 enarrabit?

467 2372 637 2436 XVI.
687 2371 811 2437 Cur
843 2389 1009 2456 ergo,
1056 2372 1389 2452 haeretice,
1435 2390 1559 2437 non
1591 2371 1710 2436 hoc
1741 2371 1924 2436 modo
1955 2389 2114 2454 quae
2151 2372 2394 2456 legeras
2427 2373 2676 2455 integra

381 2481 445 2543 et
504 2477 866 2561 incorrupta
923 2477 1232 2560 posuisti?
1301 2477 1476 2541 uides
1545 2477 1757 2559 itaque
1818 2477 2173 2560 apostolum
2232 2476 2351 2542 hae
2408 2477 2670 2559 ratione,

380 2601 506 2665 qua
550 2586 773 2647 natum
819 2583 1143 2647 dominum
1199 2584 1333 2646 sine
1378 2585 1554 2665 patre
1600 2583 1828 2665 posuit,
1884 2582 2004 2645 hac
2050 2582 2242 2645 etiam
2288 2582 2423 2645 sine
2471 2586 2672 2645 matre

378 2688 684 2769 posuisse,
732 2691 801 2751 ut
846 2690 909 2751 et
956 2706 1079 2771 qua
1122 2688 1363 2751 ratione
1410 2688 1880 2771 intellegeretur
1926 2706 2064 2749 esse
2111 2686 2246 2749 sine
2291 2690 2490 2770 patre,
2551 2686 2672 2751 hac

380 2796 738 2857 nosceretur
800 2812 937 2855 esse
1002 2792 1134 2856 sine
1200 2795 1419 2872 mat-re,
1482 2795 1545 2856 et
1607 2792 1769 2855 sicut
1828 2810 1950 2855 non
1998 2794 2212 2873 posset
2265 2792 2481 2872 utique
2537 2792 2668 2855 sine

376 2899 551 2979 patre
599 2896 785 2976 credi,
848 2897 937 2961 ita
998 2898 1130 2960 sine
1192 2900 1393 2960 matre
1439 2914 1687 2979 quoque
1743 2914 1868 2959 non
1914 2899 2126 2979 posset
2179 2895 2479 2978 intellegi.
2558 2915 2668 2959 cni·
2715 2907 2750 2958 2

378 3020 545 3085 ergo,
606 3002 939 3081 haeretice,
1002 3020 1127 3065 non
1187 3002 1305 3065 hoc
1365 3002 1548 3066 modo
1597 3020 1754 3083 quae
1815 3001 1880 3064 in
1942 3000 2223 3083 apostolo
2268 3000 2511 3081 legeras
2571 3000 2668 3064 in-

378 3106 647 3170 columia
692 3110 756 3169 et
801 3106 1103 3170 inuiolata
1146 3106 1432 3189 posuisti,
1481 3106 1592 3169 scd
1636 3109 1880 3188 partem
1933 3104 2184 3187 ingeriS,
2228 3108 2471 3187 partem
2519 3104 2668 3168 sub-

378 3211 599 3291 trahiS,
664 3214 727 3274 et
787 3214 857 3275 ut
919 3214 1197 3275 astruere
1254 3211 1598 3275 falsitatem
1659 3230 1768 3294 per
1830 3210 2034 3273 scelus
2093 3208 2316 3291 possis,
2379 3208 2664 3273 ueritatis

378 3316 571 3380 uerba
616 3316 887 3380 furaris?
950 3317 1131 3381 uideo
1194 3334 1231 3379 a
1290 3334 1413 3399 quo
1473 3317 1718 3380 ductus
1797 3316 1965 3380 illius
2029 3316 2194 3379 enim
2249 3313 2480 3379 habere
2534 3334 2666 3379 cre-

585 3506 641 3575 6]
678 3506 871 3560 Matth.
904 3509 949 3571 1,
980 3510 1021 3563 1.
1136 3506 1224 3577 16]
1262 3506 1401 3560 Esai.
1431 3508 1513 3571 53,
1540 3510 1588 3563 8.

464 3684 490 3736 1
530 3684 756 3749 utraque
794 3682 919 3751 Np:
962 3682 1188 3749 utroque
1226 3682 1325 3736 Mv
1446 3684 1479 3736 3
1526 3680 1638 3733 sine
1685 3678 1860 3748 alogia
1894 3682 1971 3735 M
2086 3684 2117 3736 5
2155 3680 2527 3748 euuangelium
2567 3682 2663 3749 ΝΡ

374 3768 575 3822 mathei
614 3770 710 3837 ΝΡ
816 3767 1044 3822 matthei
1092 3767 1449 3837 euangelistae
1485 3769 1629 3834 M(v)
1805 3770 1838 3822 6
1891 3767 2147 3820 habraam
2197 3769 2263 3823 N
2362 3766 2578 3820 abraam
2620 3786 2664 3836 Ρ

375 3858 405 3910 7
432 3854 853 3924 euuangelistam
880 3856 976 3925 ΝΡ
1037 3856 1237 3923 euangl·
1260 3857 1335 3909 M
1421 3858 1454 3911 8
1479 3856 1680 3922 θιιειηξζὶ
1705 3856 1778 3909 Μ
1842 3853 2214 3922 euuangelium
2234 3873 2278 3923 Ρ
2377 3856 2442 3909 10
2469 3853 2602 3907 dicit
2617 3872 2662 3923 Ρ

370 3942 543 4012 patre]
594 3945 768 3995 matre
807 3961 851 4011 Ρ
994 3942 1141 4010 eum]
1192 3941 1335 3994 enim
1375 3960 1419 4011 Ρ
1575 3944 1634 3996 11
1687 3939 1778 3993 ubi
1826 3941 1900 3994 Μ
2061 3943 2124 3995 12
2173 3940 2518 4007 euuangelica
2564 3942 2661 4009 ΝΡ

376 4032 440 4085 13
478 4029 677 4083 scribta
714 4030 781 4084 N
883 4030 946 4083 14
984 4028 1406 4096 euuangelistam
1446 4030 1541 4098 ΝΡ
1615 4030 1814 4096 euangl
1851 4029 1925 4083 M
2045 4027 2356 4095 genealogia
2393 4028 2458 4082 N
2461 4030 2476 4062 ¹
2603 4028 2662 4081 in

372 4133 526 4170 carne
554 4120 709 4170 natus
739 4136 767 4172 v
874 4119 939 4172 16
962 4116 1111 4185 ysaia
1127 4134 1171 4185 Ρ
1277 4119 1455 4169 autem
1482 4134 1582 4171 om.
1612 4118 1716 4185 Mp
1826 4118 1888 4169 17
1916 4114 2224 4168 ennarrabit
2247 4117 2322 4169 M
2425 4117 2486 4170 18
2510 4115 2660 4168 here-

371 4203 507 4257 ticae
546 4205 613 4259 N
720 4206 783 4259 21
825 4206 881 4257 et
914 4222 1014 4259 om.
1056 4205 1151 4272 ΝΡ
1268 4202 1610 4271 intellegetur
1647 4204 1728 4257 N¹
1847 4203 1948 4255 hac
1983 4201 2314 4270 nosceretur]
2353 4218 2660 4270 agnoscere-

370 4294 460 4344 tur
496 4292 569 4346 M
689 4294 757 4347 22
793 4296 973 4359 posset
1006 4292 1231 4360 scripsi.-
1266 4290 1436 4358 poss1t
1470 4291 1672 4359 ΝΜΡυ
1776 4292 1844 4345 23
1879 4289 2048 4359 possit
2084 4291 2182 4346 Mv
2286 4288 2514 4359 intelligi
2553 4292 2657 4361 ΜΡ

370 4380 438 4435 24
473 4378 733 4433 hereticae
772 4379 841 4435 N
938 4377 1221 4433 incolomia
1256 4380 1333 4433 M
1430 4382 1495 4433 27
1535 4376 1728 4432 ductus
1765 4394 1820 4433 es
1857 4379 1932 4434 M
