3167 4975
518 412 719 469 CVIII

519 580 803 645 Cassiani
864 582 1303 646 Institutiones
1374 585 1437 646 et
1498 581 1898 647 Conlationes
1969 601 2006 646 a
2068 581 2394 646 Ciacconio
2460 581 2804 645 recensitas

516 687 922 769 impresserat
968 687 1186 750 eodem
1218 686 1518 751 cardinali
1567 686 1958 766 adhortante,
2008 689 2077 750 ut
2117 689 2292 768 patet
2338 705 2372 748 e
2417 685 2804 750 dedicatione

518 792 594 855 ad
628 790 1001 874 Gregorium
1032 791 1230 872 xm„
1262 791 1327 854 in
1361 809 1485 874 qua
1522 792 1686 855 inter
1720 791 1842 855 alia
1871 812 2000 852 non
2021 811 2291 874 parum,
2323 790 2548 872 inquit,
2582 786 2806 852 debent

517 893 809 981 religiosi
872 903 929 958 et
972 894 1109 958 Deo
1173 893 1392 958 deuoti
1456 895 1590 958 viri
1653 892 2052 980 amplissimo
2124 890 2478 958 Cardinali
2521 891 2804 957 Antonio

524 995 834 1084 Carafae,
895 1000 1085 1063 cuius
1144 999 1417 1062 maxime
1476 1021 1680 1084 opera
1739 1000 1852 1062 hoc
1911 998 2238 1084 quidquid
2297 1008 2387 1062 est
2451 996 2697 1061 laboris
2744 995 2806 1062 <se

514 1113 879 1189 susceptum
909 1101 970 1167 ὢ
1004 1102 1373 1189 perfectum
1402 1102 1575 1189 fuit.
1634 1104 1782 1169 huic
1813 1104 2067 1186 quidem
2114 1104 2372 1168 editioni
2404 1103 2802 1168 Ciacconium

514 1208 795 1273 laborem
857 1227 1043 1274 suum
1103 1209 1513 1292 praestitisse,
1580 1210 1690 1274 sed
1751 1229 1892 1273 eam
1951 1209 2226 1285 demum,
2297 1227 2456 1291 quae
2522 1227 2575 1272 a.
2637 1205 2802 1272 1588

464 1320 470 1328 '
516 1314 747 1378 emissa
780 1317 897 1394 est,
946 1333 1018 1378 ex
1049 1314 1218 1378 illius
1264 1313 1624 1378 recensione
1671 1314 1856 1397 plane
1889 1313 2178 1379 absoluta
2209 1317 2273 1378 et
2319 1314 2395 1377 ad
2427 1312 2619 1377 finem
2664 1333 2803 1396 per-

514 1419 703 1482 ducta
746 1417 1000 1482 fluxisse
1045 1437 1079 1481 e
1126 1418 1327 1481 Basae
1372 1417 1760 1501 praefatione
1809 1419 2222 1502 cognoscitur.
2273 1435 2485 1500 quam,
2532 1418 2681 1500 quia
2727 1417 2800 1482 de

514 1526 779 1605 utraque
821 1523 1091 1586 editione
1137 1523 1445 1587 rationem
1491 1522 1716 1602 reddit,
1749 1523 1853 1586 hic
1873 1523 2186 1607 integram
2217 1526 2500 1606 repetere
2531 1522 2801 1586 maxime

520 1631 1011 1692 consentaneum
1060 1627 1325 1691 uidetur.

1264 1781 1737 1869 Typoyraphus
1783 1783 2054 1846 Lectori.

602 1940 779 2004 Haec
808 1939 1081 2004 Ioannis
1124 1937 1429 2004 Cassiani
1474 1961 1675 2025 opera
1721 1939 2076 2016 emendata,
2124 1949 2320 2002 aucta
2359 1939 2420 2003 cs:
2455 1939 2802 2002 illustrata

511 2044 970 2130 superioribus
1003 2045 1195 2108 annis
1230 2066 1306 2108 em
1338 2043 1610 2131 officina
1637 2067 1776 2108 mea
1795 2044 2230 2130 prodierunt:
2269 2043 2504 2130 quibus
2539 2044 2800 2108 edendis

512 2161 779 2236 quanta,
826 2149 888 2214 ὥ
932 2154 1125 2235 quam
1170 2159 1485 2213 accurata
1530 2149 1619 2212 sit
1664 2148 1965 2212 adhibita
2013 2148 2383 2235 diliyentia,
2449 2149 2616 2213 liber
2661 2149 2801 2236 ipse

513 2256 689 2319 testis
736 2266 824 2318 est
871 2254 1432 2340 locupletissimus.
1503 2253 1740 2318 Verum
1784 2277 1928 2317 cum
1955 2254 2066 2317 vim
2111 2255 2245 2317 iam
2273 2253 2447 2318 vllus
2494 2254 2800 2318 editionis

512 2359 703 2424 illius
751 2359 945 2424 codem
988 2369 1368 2445 superesset,
1414 2357 1732 2444 multique
1777 2357 2071 2444 reliqiosi
2115 2357 2178 2422 dh
2221 2359 2355 2422 Deo
2405 2359 2625 2422 deuoti
2661 2359 2801 2430 viri

512 2465 800 2529 auctoris
848 2465 1048 2529 huius
1096 2463 1419 2529 desiderio
1474 2462 1665 2527 valde
1711 2473 2100 2542 tenerentur,
2162 2485 2290 2527 non
2325 2464 2522 2549 potui
2567 2485 2695 2528 non
2740 2462 2802 2529 ὢ

501 2572 619 2656 pio
646 2592 865 2633 eorum
884 2568 1104 2633 studio
1134 2568 1521 2655 satisfacere
1550 2566 1614 2633 ὥ
1643 2568 2074 2633 commoditati
2104 2550 2453 2631 consulere.
2509 2566 2698 2641 Quod
2725 2578 2801 2633 ut

508 2674 739 2737 melius
762 2684 1190 2760 praestarem,
1231 2671 1692 2759 Amplissimus
1736 2672 2120 2737 Cardinalis
2153 2672 2478 2736 Antonius
2518 2670 2798 2758 Carafa,

509 2780 625 2864 qui
658 2789 792 2841 tum
838 2778 1029 2841 rebus
1062 2777 1220 2841 aliis
1258 2778 1612 2863 praeclare
1642 2778 1853 2863 qest-is,
1901 2788 2036 2840 tum
2075 2778 2494 2861 antiquorum
2525 2776 2801 2840 Patrum

508 2884 907 2947 monimentis
972 2883 1293 2947 restitutis
1358 2882 1783 2968 disciplinam
1842 2882 2336 2945 ecclesiasticam
2399 2881 2800 2967 amplificare

508 2989 742 3066 studet,
790 2988 1025 3052 codicis
1079 2989 1207 3051 iam
1251 2986 1413 3051 editi
1458 2986 1519 3051 ὦ·
1551 2987 1731 3050 Petri
1774 2986 2071 3075 Ciaconij
2113 2987 2582 3072 vaanuscriptis
2629 3010 2796 3049 mar-

506 3092 771 3181 9inibus
818 3094 999 3156 aucti
1047 3092 1501 3156 liberalissime
1546 3093 1798 3176 copiam
1828 3091 2018 3177 fecit,
2065 3114 2143 3155 ne
2189 3091 2329 3155 eius
2368 3113 2542 3153 nunc
2588 3101 2798 3155 aucto-

510 3199 677 3261 ritas
741 3197 1015 3279 deficiat,
1079 3197 1269 3259 cuius
1331 3218 1531 3282 opera
1591 3182 1714 3259 iste
1754 3208 2086 3282 susceptus
2135 3206 2225 3260 est
2289 3194 2494 3259 labor.
2561 3196 2796 3259 Petrus

508 3303 677 3367 eni-m
709 3300 1055 3367 Ciaconius
1086 3302 1193 3363 vir
1224 3311 1512 3387 spectata
1544 3300 1856 3387 reliyione
1888 3300 2132 3378 clarus,
2167 3301 2452 3364 omnium
2484 3298 2799 3364 bonarum

510 3408 759 3471 artium
802 3406 1157 3493 coynitione
1204 3406 1500 3491 insumis,
1550 3406 1621 3468 in
1669 3404 2056 3469 Sanctorum
2101 3406 2380 3469 Patrum
2412 3405 2798 3470 Latinorum

508 3510 569 3576 (fc
607 3509 1005 3575 Graecorum
1036 3510 1303 3574 assiduo
1334 3510 1553 3573 studio
1591 3520 1897 3588 versatus,
1946 3509 2357 3597 Amplissimi
2411 3508 2796 3574 Cardinalis

508 3614 1059 3680 cohortationibus
1116 3612 1503 3679 Cassianum
1548 3614 1630 3677 ab
1662 3616 2023 3679 innumeris
2069 3615 2315 3679 mendis
2363 3626 2794 3702 eoepurqatum

510 3722 581 3783 in
636 3721 1005 3805 pristinum
1048 3718 1453 3805 splendorem
1499 3720 1808 3783 restituit.
1870 3719 2156 3783 Addidit
2201 3721 2394 3783 etiam
2436 3720 2794 3783 notationes

506 3847 683 3902 suas,
729 3823 965 3909 quibus
1014 3834 1143 3887 tam
1172 3823 1514 3910 sinqulare
1543 3823 1927 3901 doctrinam,
1975 3848 2104 3909 qua
2136 3824 2198 3889 d}
2225 3846 2397 3887 ‘mens
2429 3824 2796 3887 instruitur

506 3928 569 3993 <sc
634 3927 1080 4012 inflammatur
1139 3926 1433 4013 affectus,
1500 3929 1642 3991 sine
1701 3928 1854 3991 vllis
1921 3928 2198 3991 salebris
2267 3926 2576 4013 inoffenso
2633 3927 2796 4012 pede

512 4043 1017 4095 transcurreres.
1068 4030 1215 4109 Sed,
1262 4042 1324 4095 vt
1370 4042 1510 4096 erat
1548 4032 2049 4097 modestissimus
2095 4032 2157 4096 ὢ
2181 4034 2522 4095 humanae
2570 4031 2794 4095 laudis

506 4148 911 4222 contemptor,
952 4159 1303 4221 numquam
1333 4138 1405 4199 in
1444 4137 1545 4200 his
1581 4136 2168 4214 lucubrationibus,
2215 4160 2327 4200 nec
2359 4138 2430 4199 in
2463 4136 2621 4199 aliis
2643 4160 2794 4221 per-

505 4242 751 4319 multis,
807 4240 1043 4326 quibus
1090 4242 1407 4327 eyreyiam
1452 4264 1714 4327 operam
1749 4242 2112 4326 praestitit,
2177 4241 2330 4305 dum
2376 4241 2445 4303 in
2493 4241 2794 4303 humanis

510 4356 740 4432 ayeret,
801 4368 1024 4409 nomen
1084 4368 1277 4409 suum
1338 4344 1618 4408 inscribi
1679 4344 1914 4409 voluit:
1981 4345 2056 4407 id
2116 4346 2287 4431 quod
2351 4344 2477 4423 illi,
2541 4345 2657 4429 qui
2719 4344 2796 4409 de
