3167 4975
2404 444 2619 501 LXIII

329 614 596 701 (vitiam
641 616 782 696 K1).
863 620 924 679 et
969 616 1124 680 hanc
1173 614 1470 680 exhibent.
1523 616 1625 697 Οβ
1670 614 2027 679 Cluniensis
2074 635 2127 689 υ,
2190 614 2425 677 omissa
2470 618 2616 679 sunt

331 724 390 787 in
436 720 576 784 BF.
624 758 710 767 -
757 721 933 785 Conl.
967 720 1138 801 XXI,
1170 720 1232 801 5,
1267 719 1306 782 6
1339 740 1396 801 p.
1433 718 1582 800 579,
1620 718 1701 781 13
1745 717 1877 779 BF
1912 718 2149 801 optime
2198 720 2445 802 legunt:
2501 716 2620 780 ubi

331 826 496 888 enim
523 834 969 911 praeceptum,
1003 823 1101 887 ibi
1131 823 1495 900 necessitas,
1544 832 1995 907 consequenter
2027 832 2085 884 et
2106 844 2341 907 poena.
2404 828 2621 887 cont-ra

331 950 402 995 ea
431 950 590 1014 quae
623 933 686 995 in
728 929 886 992 OKv
917 930 1130 995 addita
1161 934 1312 994 suut
1342 938 1401 991 et
1433 926 1552 991 ubi
1600 927 1961 1003 necessitas,
2008 926 2105 989 ibi
2136 937 2193 989 et
2228 925 2617 1011 difficultas,

327 1034 446 1097 ubi
507 1033 910 1119 difficultas,
973 1033 1069 1096 ibi
1131 1043 1189 1095 et
1249 1032 1680 1119 neyleyentia,
1741 1030 1861 1095 ubi
1918 1030 2341 1119 neyleqentia,
2404 1030 2501 1094 ibi
2560 1042 2619 1095 et

321 1149 678 1223 peccatum,
723 1137 844 1201 ubi
869 1149 1206 1224 peccatum
1253 1140 1468 1223 inepta
1509 1142 1659 1203 sunt
1704 1143 1761 1202 et
1798 1138 2147 1201 doctrinam
2178 1137 2617 1201 scholasticam

332 1245 601 1327 sapiunt.
669 1282 756 1291 —
801 1244 1038 1324 XXIII,
1078 1242 1178 1324 12,
1211 1242 1250 1305 6
1283 1262 1442 1325 quae
1491 1243 1730 1307 addunt
1768 1245 1905 1323 Οβυ
1950 1262 2143 1325 quam
2171 1240 2476 1325 [pietatis
2524 1241 2619 1303 in-

328 1348 608 1433 stinctu]
641 1348 872 1433 potuit
917 1347 1111 1409 etiam
1157 1357 1310 1409 tunc
1353 1345 1627 1409 saluare
1671 1344 1785 1408 sed
1822 1344 2041 1407 noluit
2087 1350 2149 1409 ot
2195 1346 2511 1430 superflua
2556 1353 2619 1412 et

333 1454 574 1518 insulsa
603 1474 740 1517 esse
771 1457 965 1538 patet..
1015 1490 1102 1499 —
1147 1452 1418 1531 XXIIII,
1451 1450 1558 1533 25,
1596 1451 1628 1513 1
1680 1470 1821 1515 eum
1854 1449 1986 1511 BF
2023 1452 2273 1535 scripsi:
2320 1472 2619 1535 persecu-

331 1556 618 1619 tionibus
687 1556 1144 1641 aerumnisque
1211 1554 1546 1619 uallatum
1608 1576 1867 1617 manere
1936 1576 2185 1639 semper
2252 1553 2619 1618 inmobilem

329 1670 386 1723 et
453 1662 546 1724 ad
603 1660 959 1747 praesidia
1033 1660 1137 1724 dei
1195 1660 1416 1741 fidum
1485 1669 1675 1743 atque
1746 1658 2153 1743 intrepidum
2214 1659 2615 1745 perdurare.

329 1785 452 1831 non
499 1768 684 1849 plane
731 1768 946 1850 inepta
991 1771 1142 1831 sunt·
1187 1784 1344 1848 quae
1392 1765 1454 1829 in
1512 1764 1661 1826 OZv
1708 1765 2023 1829 adduntur
2070 1762 2485 1827 aduersum
2544 1788 2619 1829 se

327 1869 874 1934 saeuientibus
935 1870 1240 1934 cunctis
1303 1879 1600 1933 certum
1660 1868 1745 1932 de
1794 1868 2175 1954 praesidio,
2236 1870 2347 1934 sed
2408 1872 2617 1935 uerbis

327 1984 572 2039 certum
623 1974 698 2037 de
734 1974 1079 2059 praesidio
1127 1974 1234 2037 dei
1263 1972 1484 2057 fidum
1529 1975 1841 2057 quaedam
1885 1974 2215 2053 ταυτολογία
2270 1976 2615 2040 inducitur:

329 2080 406 2143 ef.
444 2080 578 2143 Ind.
617 2079 732 2144 sub
768 2078 880 2143 ‘ad
907 2099 1018 2163 pro
1061 2080 1338 2144 ablatiuo
1372 2096 1597 2143 causae
1629 2080 1729 2143 uel
1772 2078 2217 2143 instrumenti'.
2278 2116 2347 2125 -
2380 2081 2615 2161 XVIII,

337 2183 434 2265 16,
473 2184 502 2245 1
539 2204 598 2267 p.
635 2182 783 2265 526,
823 2182 902 2247 15
947 2204 1106 2267 quae
1152 2185 1216 2249 in
1271 2184 1409 2266 Οβυ
1456 2184 1773 2248 adduntur
1818 2184 1881 2247 in
1946 2184 2272 2248 enuntiato
2318 2193 2393 2246 ut
2454 2186 2620 2248 hanc

330 2286 842 2351 immobilitatem
887 2288 1032 2350 uiri
1091 2287 1647 2371 constantiamque
1683 2297 2053 2373 pensantes,
2115 2298 2358 2371 quanto
2420 2290 2619 2351 mino·

331 2392 519 2455 ribus
563 2390 797 2477 [quam
841 2391 958 2455 ille
991 2402 1080 2455 est
1125 2392 1498 2478 adpetitus]
1544 2391 1801 2454 inimici
1846 2391 2300 2479 ‘inpuqnamur
2346 2393 2617 2457 insidiis

333 2499 650 2583 superflua
694 2502 862 2579 sunt,
925 2517 1068 2562 eum
1116 2499 1191 2563 ad
1238 2497 1606 2561 minoribus
1654 2499 1812 2562 nihil
1874 2499 2045 2562 aliud
2098 2499 2315 2582 possit*
2346 2501 2619 2584 supple-ri

331 2605 450 2668 nisi
490 2625 688 2688 quam
733 2601 850 2666 ille
890 2604 991 2668 uel
1031 2625 1226 2687 quam
1257 2601 1376 2666 ille
1409 2611 1500 2665 est
1531 2601 1888 2687 adpetitus.
1938 2604 2015 2667 cf.
2049 2605 2206 2668 lust.
2241 2605 2386 2681 XII,
2418 2603 2526 2687 33,
2563 2605 2618 2670 1.

415 2709 794 2793 Saepissime
839 2709 906 2772 in
951 2709 1130 2773 libris
1177 2708 1591 2772 deterioribus
1638 2727 1835 2772 uuum
1884 2727 1995 2771 seu
2051 2709 2375 2792 conpluria
2431 2711 2625 2775 uerba

331 2819 394 2878 et
424 2815 898 2878 enuntiatorum
929 2817 1141 2897 partes
1174 2815 1360 2897 plane
1392 2817 1641 2877 mutata
1673 2816 1839 2877 sunt.
1891 2814 1970 2876 of.
1996 2834 2057 2896 p.
2083 2813 2231 2894 534,
2258 2813 2316 2878 6.
2343 2813 2491 2896 535,
2515 2813 2618 2879 29.

331 2916 478 2994 538,
517 2917 596 2980 16
644 2937 734 3000 sq.
784 2916 932 2998 539,
981 2917 1082 2982 21.
1133 2917 1282 2998 540,
1322 2915 1424 2982 25.
1475 2915 1624 2997 542,
1669 2915 1770 2980 27.
1820 2917 1968 2999 546,
2012 2916 2069 2982 8.
2115 2916 2172 2981 9.
2224 2919 2319 2982 14.
2368 2918 2517 3000 548,
2561 2919 2619 2984 2.

331 3021 478 3102 549,
525 3021 580 3086 1.
625 3023 684 3086 6.
733 3021 883 3102 550,
935 3021 1032 3087 18.
1079 3021 1227 3104 554,
1275 3022 1370 3086 11.
1422 3021 1570 3102 556,
1614 3022 1671 3085 2.
1716 3020 1819 3085 25.
1869 3021 2017 3103 557,
2066 3023 2163 3086 15.
2211 3021 2359 3102 558,
2408 3023 2464 3086 9.
2522 3023 2617 3088 10.

331 3125 478 3207 563,
512 3125 615 3190 22.
650 3125 798 3207 564,
825 3125 1100 3190 23-24.
1135 3125 1284 3208 565,
1317 3125 1414 3190 17.
1451 3125 1600 3206 568,
1626 3127 1684 3189 9.
1720 3125 1868 3206 569,
1899 3125 1997 3189 17.
2030 3126 2179 3207 575,
2207 3127 2307 3190 23.
2342 3125 2492 3209 577,
2518 3128 2618 3192 22.

331 3229 479 3312 578,
533 3230 631 3295 14.
679 3229 828 3312 583,
877 3231 935 3296 2.
987 3229 1263 3295 23-24.
1311 3229 1460 3311 590,
1507 3230 1609 3294 25.
1659 3229 1808 3311 592,
1861 3230 1956 3294 10.
2007 3231 2155 3312 596,
2204 3230 2260 3296 9.
2320 3231 2468 3314 597,
2523 3233 2618 3298 19.

331 3334 478 3417 599,
529 3334 588 3400 8.
635 3334 782 3416 600,
832 3333 932 3399 25.
983 3334 1130 3417 601,
1179 3334 1280 3399 24.
1333 3334 1790 3415 604,13-14.
1842 3334 1989 3415 606,
2029 3335 2124 3400 14.
2176 3335 2322 3417 607,
2364 3335 2425 3401 5.
2472 3337 2621 3418 616,

337 3439 390 3504 1.
439 3440 500 3504 3.
557 3439 654 3504 15.
705 3439 850 3521 623,
885 3439 988 3504 23.
1036 3439 1182 3520 624,
1233 3439 1290 3503 8.
1341 3439 1488 3520 625,
1537 3438 1639 3503 23.
1690 3437 1838 3520 632,
1886 3438 1945 3503 8.
1996 3439 2143 3521 639,
2184 3440 2285 3504 26.
2338 3441 2621 3522 642,11.

333 3543 434 3609 20.
483 3543 632 3609 649.
681 3545 962 3626 651,16.
1015 3544 1162 3626 699,
1193 3544 1250 3608 7.
1301 3543 1447 3624 704,
1487 3543 1757 3607 19-20,
1810 3543 1955 3624 706,
1989 3543 2090 3610 23.
2143 3543 2289 3626 708,
2322 3545 2424 3611 22.
2477 3546 2623 3628 709,

333 3648 521 3714 2-3,
589 3653 778 3731 atque
823 3650 938 3713 hos
985 3650 1264 3731 aliosque
1309 3650 1478 3714 locos
1526 3667 1717 3730 quam
1764 3649 2068 3732 plurimos
2114 3651 2484 3733 plerumque
2531 3655 2624 3717 te-

333 3773 500 3818 mere
565 3759 628 3818 et
689 3754 824 3818 sine
888 3755 1018 3819 ulla
1076 3755 1320 3818 ratione
1381 3771 1678 3836 moraque
1710 3755 2153 3837 ,interpolandi
2216 3756 2623 3838 uariandique

333 3859 592 3922 libidine
651 3867 788 3922 esse
843 3862 1164 3942 corruptos
1221 3858 1524 3940 exemplis
1573 3858 1813 3940 aliquot
1858 3860 2108 3922 select-is
2166 3860 2625 3924 demonstrabi-

332 3981 503 4026 mus:
555 3963 766 4026 omnia
814 3963 980 4026 enim
1027 3967 1298 4027 tractare
1329 3967 1401 4026 ut
1431 3963 1713 4046 longum,
1760 3963 1851 4027 ita
1882 3981 2006 4027 non
2040 3965 2461 4028 necessarium
2504 3970 2619 4030 est.

329 4085 442 4150 pro
481 4064 813 4152 pontifeoe,
876 4067 1040 4149 quod
1089 4067 1244 4131 alias
1290 4067 1530 4150 passim
1575 4071 1841 4150 usurpat
1886 4067 2244 4149 CassianuS,
2308 4070 2623 4134 intrusum

331 4175 432 4235 est
489 4170 790 4234 sacerdos
851 4191 912 4254 p.
953 4170 1101 4252 521,
1145 4171 1245 4235 24.
1306 4170 1452 4252 522,
1494 4170 1553 4235 4.
1604 4169 1752 4252 523,
1794 4171 1853 4235 3.
1904 4171 2051 4254 601,
2091 4172 2149 4238 6,
2206 4211 2293 4220 -
2339 4172 2625 4237 donaria

331 4294 452 4340 uox
497 4277 697 4341 rarior
742 4277 992 4359 quidem
1041 4277 1149 4340 sed
1195 4277 1260 4340 in
1309 4277 1535 4341 seriore
1582 4276 1925 4340 Latinitate
1978 4278 2215 4343 usitata.
2266 4299 2325 4362 p.
2358 4279 2507 4360 563,
2541 4280 2619 4343 21

329 4381 398 4444 in
455 4377 510 4442 O
557 4385 810 4444 seruata
853 4385 968 4461 est,
1017 4379 1126 4444 ubi
1169 4379 1301 4442 BF
1337 4379 1655 4458 denar-iis,
1700 4386 1783 4462 βυ
1829 4381 2210 4445 muneribus
2256 4385 2503 4468 legunt:
2560 4389 2627 4450 at
