3167 4975
541 430 668 495 348
1356 433 1673 488 Iohannis
1721 432 2022 488 Cassiani

542 605 665 688 qui
725 611 1029 689 propter
1076 624 1206 671 nos
1254 608 1463 672 uenit
1508 613 1580 672 et
1629 611 1848 672 natus
1911 612 2024 673 est
2079 627 2162 672 ex
2207 610 2446 674 Maria
2504 609 2836 692 uirgine,

542 713 614 773 et
658 710 1067 774 crucifixus
1116 714 1256 792 est,
1304 715 1375 776 et
1420 713 1766 795 sepultus
1815 715 1946 776 est.

625 813 833 878 XXII.
884 813 1205 894 Quomodo
1238 833 1405 899 ergo,
1453 835 1598 881 cum
1643 817 1780 899 ipsa
1825 817 2212 882 confessione
2258 821 2470 882 nostra
2515 821 2660 882 ante
2707 817 2839 881 nir-

538 917 705 1001 ginis
766 921 1021 1001 partum
1066 923 1253 1001 atque
1310 924 1680 1003 conceptum
1741 921 2085 985 dominicus
2146 921 2332 984 homo
2393 922 2645 986 omnino
2707 940 2836 987 non

538 1022 747 1104 fuerit,
811 1021 1097 1088 Christus
1144 1027 1377 1106 tamen,
1440 1025 1545 1107 qui
1592 1043 1630 1088 a
1677 1029 1739 1089 te
1785 1025 2096 1090 solitarius
2141 1026 2328 1090 homo
2375 1025 2616 1107 dicitur,
2678 1025 2836 1090 deus

540 1125 785 1210 scriptis
833 1128 1025 1192 sacris
1072 1127 1205 1192 sine
1253 1129 1495 1194 exordio
1540 1129 1956 1211 praedicatur,
2005 1133 2068 1193 et
2110 1131 2292 1194 tanta
2327 1129 2600 1194 hominis
2631 1147 2704 1193 ac
2733 1130 2836 1194 dei

536 1232 745 1296 unitas
806 1233 1057 1315 legitur,
1120 1237 1191 1299 ut
1251 1237 1314 1298 et
1371 1233 1558 1298 homo
1621 1233 1734 1298 deo
1781 1252 2028 1317 semper
2091 1237 2278 1300 antea
2338 1237 2706 1300 eoaeternus
2767 1237 2838 1298 et

536 1340 757 1418 postea
814 1337 1055 1402 homini
1100 1337 1253 1402 deus
1301 1355 1644 1422 conpassus
1693 1357 1830 1402 esse
1874 1339 2182 1419 uideatur,
2243 1357 2390 1403 cum
2447 1339 2660 1421 utique
2717 1357 2836 1403 nec

538 1441 925 1507 ininitiabilis
970 1443 1157 1508 homo
1200 1461 1321 1508 nec
1363 1442 1678 1527 passibilis
1725 1443 1877 1508 deus
1927 1463 2064 1514 esse
2110 1443 2453 1508 credendus
2501 1444 2624 1508 sit?
2676 1443 2834 1508 illud

539 1550 637 1611 est
679 1548 893 1629 utique
939 1547 1105 1630 quod
1149 1549 1275 1614 iam
1322 1548 1746 1632 superioribus
1794 1548 2039 1632 scriptis
2095 1549 2309 1614 testati
2366 1567 2605 1629 sumne,
2663 1548 2834 1630 quod

538 1653 752 1716 unitus
815 1653 1075 1735 homini,
1138 1653 1201 1718 id
1262 1657 1361 1719 est
1419 1672 1531 1719 suo
1594 1655 1836 1738 corpori
1896 1653 2050 1718 deus
2105 1654 2347 1718 nullam
2401 1653 2536 1718 fieri
2595 1653 2835 1735 patitur

534 1755 699 1820 inter
744 1757 1063 1822 hominem
1112 1775 1184 1822 ac
1229 1758 1417 1822 deum
1461 1759 1742 1823 humana
1787 1745 2079 1842 opinione
2139 1757 2506 1822 distantiam
2561 1775 2676 1821 nec
2721 1757 2834 1820 ad-

536 1861 700 1925 mitti
746 1862 999 1926 omnino
1044 1863 1263 1944 uoluit,
1328 1867 1399 1927 ut
1444 1863 1605 1927 alius
1653 1881 1692 1926 a
1735 1881 2050 1945 quoquam
2105 1862 2273 1926 filius
2318 1861 2608 1942 hominiS,
2671 1861 2833 1925 alius

537 1966 635 2029 dei
678 1965 845 2030 filius
892 1967 1268 2049 crederetur,
1316 1968 1425 2032 sed
1472 1968 1559 2034 ita
1605 1966 1895 2032 omnibus
1943 1968 2192 2050 scriptis
2225 1967 2418 2031 sacris
2450 1967 2836 2030 dominicum

537 2070 858 2134 hominem
918 2072 1186 2136 conectit
1245 2072 1359 2136 deo
1421 2075 1610 2154 atque
1671 2075 2095 2154 concorporat,
2156 2075 2229 2136 ut
2272 2090 2388 2136 nec
2429 2071 2494 2135 in
2549 2075 2831 2154 tempore

539 2175 875 2240 admodum
936 2176 1257 2240 hominem
1318 2177 1456 2258 quis
1503 2195 1540 2240 a
1588 2176 1700 2240 deo
1747 2194 1864 2240 nec
1909 2176 1974 2240 in
2032 2175 2324 2258 passione
2383 2176 2584 2258 possit
2642 2175 2830 2238 deum

540 2279 617 2343 ab
665 2280 917 2344 homine
965 2281 1334 2345 discernere.
1426 2282 1478 2344 si
1538 2282 1707 2345 enim
1755 2281 1833 2344 ad
1893 2285 2142 2363 tempus
2206 2280 2486 2364 respiciS‚
2546 2280 2832 2344 inuenies

538 2402 788 2467 semper
832 2383 1032 2449 filium
1076 2385 1348 2450 hominis
1396 2403 1541 2449 cum
1588 2385 1688 2450 dei
1730 2384 1877 2467 fflio,
1925 2386 1980 2450 si
2010 2386 2090 2449 ad
2118 2386 2498 2469 passionem,
2545 2384 2832 2448 inuenies

538 2507 787 2572 semper
837 2507 981 2553 cum
1028 2489 1156 2554 filio
1200 2490 1471 2555 hominis
1520 2490 1620 2554 dei
1662 2489 1894 2555 filium:
1941 2491 2032 2555 ita
2077 2491 2318 2555 scilicet
2361 2490 2606 2554 unitum
2641 2493 2705 2553 et
2733 2490 2832 2552 in-

538 2592 863 2656 diuiduam
908 2592 1031 2657 sibi
1062 2593 1382 2659 Christum
1430 2594 1631 2658 filium
1675 2594 1944 2659 hominis
1991 2612 2064 2658 ac
2095 2594 2195 2657 dei
2224 2593 2446 2675 filium,
2491 2597 2584 2674 ut,
2632 2611 2830 2675 quan-

537 2701 675 2761 tum
736 2699 815 2763 ad
876 2717 1097 2764 uocem
1143 2701 1483 2783 scripturae
1538 2701 1830 2783 pertinet,
1893 2720 2008 2765 nec
2067 2702 2253 2766 homo
2315 2700 2588 2783 separari
2632 2718 2670 2764 a
2713 2699 2830 2763 deo

538 2806 819 2885 tempore
882 2822 997 2868 nec
1057 2804 1135 2868 ab
1196 2805 1447 2869 homine
1503 2805 1654 2869 deus
1716 2806 1969 2870 omnino
2021 2806 2234 2869 ualeat
2285 2805 2594 2888 passione.
2684 2804 2832 2869 hinc

535 2908 703 2971 enim
734 2908 887 2973 illud
920 2912 1043 2973 est:
1091 2928 1301 2973 nemo
1335 2909 1680 2974 ascendit
1709 2910 1781 2974 in
1814 2910 2098 2974 caelum
2131 2910 2280 2973 nisi
2319 2910 2442 2992 qui
2488 2909 2572 2973 de
2619 2909 2830 2973 caelo

536 3012 953 3095 descendit,
1001 3014 1209 3079 filius
1255 3014 1574 3079 hominis
1623 3014 1746 3096 qui
1803 3019 1919 3080 est
1963 3015 2038 3078 in
2084 3015 2318 3089 caelo:
2381 3014 2492 3079 ubi
2537 3033 2684 3077 cum
2729 3014 2829 3078 dei

534 3116 697 3181 filius
757 3118 1114 3200 loqueretur
1171 3119 1237 3183 in
1298 3119 1504 3201 terrie,
1566 3118 1769 3183 filium
1829 3138 1968 3183 esse
2026 3119 2300 3183 hominis
2357 3117 2714 3183 testabatur
2756 3119 2821 3181 in

534 3222 743 3303 caeliS,
806 3226 869 3286 et
930 3224 1197 3288 eundem
1261 3223 1465 3288 filium
1508 3223 1804 3305 hominiS,
1866 3243 2054 3306 quem
2115 3242 2520 3289 ascensurum
2581 3222 2830 3287 dicebat

532 3326 599 3390 in
644 3326 908 3407 caelum,
970 3327 1365 3393 descendisse
1426 3346 1674 3411 quoque
1729 3332 1914 3393 antea
1967 3328 2319 3394 testabatur
2365 3348 2399 3392 e
2445 3328 2635 3393 caelo.
2726 3328 2828 3393 uel

533 3430 718 3493 illud:
768 3431 828 3495 si
874 3431 1223 3496 uideritis
1268 3431 1519 3497 filium
1562 3433 1892 3497 hominis
1941 3432 2472 3498 ascendentem
2511 3432 2635 3497 ubi
2667 3434 2828 3496 erat

535 3536 771 3616 prius:
820 3554 964 3600 cum
1011 3556 1157 3601 eum
1204 3540 1309 3619 qui
1356 3558 1429 3603 ex
1458 3538 1714 3603 homine
1747 3542 1934 3603 natus
1969 3542 2066 3604 est
2097 3540 2397 3620 nominet,
2444 3539 2508 3602 in
2541 3537 2827 3621 supernis

743 3752 834 3821 23]
873 3751 987 3807 Ioh.
1015 3756 1064 3817 3,
1093 3722 1201 3809 13(
1281 3754 1374 3823 28]
1412 3753 1527 3809 Ioh.
1556 3756 1605 3819 6,
1633 3757 1715 3811 63.

622 3954 654 4009 2
691 3954 745 4007 ct
780 3954 1059 4009 crucifixus
1095 3958 1151 4009 et
1186 3955 1427 4025 sepultus
1463 3956 1567 4025 (est
1600 3961 1829 4024 utroque
1865 3956 1979 4011 loco
2017 3955 2234 4024 οπιιῑεεο)
2262 3966 2294 4009 υ·
2400 3958 2434 4011 3
2467 3954 2610 4025 sqq]
2643 3956 2826 4009 Domi·

537 4040 685 4094 nicus
729 4041 889 4095 horno
924 4041 1263 4096 maledicitur
1298 4061 1485 4113 naar-90
1522 4044 1591 4098 N
1715 4046 1746 4097 5
1783 4043 1943 4095 homo
1981 4042 2251 4095 solitarius
2287 4062 2322 4097 υ
2449 4046 2482 4097 6
2519 4043 2574 4096 in
2613 4043 2826 4111 script-is

536 4129 733 4182 sanctis
767 4148 800 4183 v
914 4133 944 4185 7
983 4133 1106 4183 ante
1144 4148 1175 4185 υ
1280 4134 1313 4187 8
1356 4130 1486 4183 deus
1522 4148 1624 4185 om.
1663 4132 1729 4185 N
1837 4133 1870 4185 9
1907 4128 2202 4183 credendus
2239 4130 2312 4183 sit
2346 4146 2459 4183 esse
2493 4148 2528 4184 v
2634 4133 2692 4185 ll
2733 4146 2824 4199 pa-

535 4215 704 4269 tiatur
736 4235 770 4271 v
900 4218 961 4271 12
997 4217 1233 4270 ammitti
1270 4218 1354 4271 N1
1488 4220 1552 4273 13
1591 4216 1736 4270 aliud
1773 4234 1804 4269 a
1831 4221 1897 4286 1³¹
2027 4219 2090 4272 14
2127 4216 2268 4270 filius
2306 4216 2392 4269 dei
2427 4236 2461 4272 v
2587 4220 2651 4273 15
2685 4216 2826 4287 sqq]

538 4304 869 4357 nestorianus
915 4320 1099 4357 sensus
1145 4306 1227 4357 est
1272 4321 1459 4375 'nav-90
1505 4306 1572 4359 N
1733 4304 2003 4357 connectit
2041 4322 2119 4373 pv
2299 4306 2364 4359 16
2409 4304 2718 4357 ammodum
2767 4304 2832 4359 N

538 4392 603 4445 18
638 4389 749 4443 filio
788 4388 872 4443 dei
909 4409 940 4445 v
1043 4393 1107 4446 21
1150 4390 1362 4445 diuinae
1398 4391 1693 4461 scripturae
1728 4410 1761 4447 v
1917 4394 1986 4446 24
2025 4390 2166 4444 filius
2205 4390 2292 4443 dei
2326 4410 2358 4447 v

2892 2099 2944 2139 15
