3167 4975
553 444 666 500 LX

552 615 730 696 plum
785 614 1062 697 proferre
1123 613 1310 695 idque
1357 614 1713 677 narratione
1777 614 2048 696 simplici
2103 614 2373 697 exponit,
2434 613 2843 696 interpolator

555 717 804 781 abbatis
837 718 1229 781 iracundiam
1263 718 1484 781 nititur
1517 735 1831 798 excusare,
1879 718 2073 781 immo
2115 718 2352 782 factum
2402 718 2535 781 eius
2581 717 2843 781 minime

552 823 937 887 laudandum
1000 828 1328 904 tamquam
1372 842 1510 886 rem
1570 823 1831 887 consilio
1879 826 1941 886 et
2000 824 2240 887 ratione
2288 826 2495 887 act-am
2556 820 2837 906 probare.

553 927 614 991 id
663 946 810 991 uero
858 945 894 991 a
925 926 1210 991 Cassiani
1256 928 1707 991 consuetudine
1751 946 2007 1009 prorsus
2054 927 2367 1007 abhorret,
2415 928 2523 1010 qui
2564 926 2841 991 uirorum

553 1032 746 1096 etiam
773 1032 1316 1096 sanctissimorum
1337 1050 1574 1096 errores
1603 1050 1674 1095 ac
1698 1032 1857 1097 uitia
1880 1051 2193 1115 nusquam
2224 1032 2518 1116 obtegere
2550 1034 2839 1095 conatur:

552 1137 628 1200 cf.
664 1137 714 1215 Ι,
749 1134 848 1199 21.
883 1136 1026 1216 VII,
1060 1134 1160 1200 26.
1197 1134 1299 1201 27.
1335 1136 1412 1216 X,
1448 1136 1507 1200 3.
1555 1140 1775 1202 contra
1820 1136 2145 1201 monachis
2178 1136 2367 1199 medii
2416 1136 2555 1200 aeui
2588 1136 2839 1199 abbatis

550 1241 732 1305 Pauli
789 1241 1070 1305 animum
1128 1242 1191 1303 in
1237 1241 1398 1305 iram
1458 1242 1864 1325 praecipitem
1928 1258 2193 1325 magnae
2255 1240 2586 1305 offensioni
2646 1240 2842 1303 fuisse

552 1350 746 1429 patet.
814 1365 892 1409 ne
939 1346 1132 1430 igitur
1163 1346 1350 1409 homo
1400 1351 1658 1410 sanctus
1705 1349 1839 1410 tam
1870 1347 2147 1429 grauiter
2178 1364 2472 1430 peccasse
2504 1344 2841 1424 uideretur,

551 1451 798 1515 intrusa
838 1456 900 1515 et
946 1450 1322 1533 interpolata
1368 1454 1516 1514 sunt
1562 1468 1637 1513 ea
1681 1468 1841 1531 quae
1888 1452 1954 1514 in
1994 1448 2047 1511 O
2078 1450 2215 1514 rudi
2263 1450 2465 1514 adhuc
2512 1466 2695 1533 opere
2740 1466 2841 1512 co-

553 1558 936 1638 agmentata,
985 1556 1050 1618 in
1097 1552 1198 1615 Kv
1245 1558 1456 1617 autem
1504 1555 1831 1637 conposita
1876 1561 1937 1618 et
1984 1556 2253 1637 expolita
2296 1555 2611 1638 leguntur.

638 1660 773 1723 Iam
829 1659 1050 1723 ceteris
1109 1659 1471 1723 huiusmodi
1515 1659 1669 1723 locis
1720 1659 1991 1723 sufficiet
2047 1678 2120 1723 ea
2164 1663 2416 1723 tantum
2472 1676 2837 1741 proponere,

551 1782 711 1847 quae
773 1764 837 1827 in
905 1760 1247 1848 O(O²)KZ
1306 1764 1685 1847 interpolata
1746 1767 1913 1843 sunt,
1984 1782 2129 1827 cum
2190 1766 2433 1827 textum
2493 1762 2839 1845 genuinum

552 1872 768 1933 nostra
813 1868 1001 1932 editio
1050 1867 1357 1931 exhibeat.
1427 1868 1895 1950 corruptissime
1944 1869 2007 1932 in
2062 1870 2164 1950 Οβ
2209 1868 2476 1949 traditus
2524 1870 2620 1930 est
2664 1866 2839 1930 locus

551 1973 820 2053 XVIIII,
860 1972 958 2053 16,
992 1972 1033 2035 3
1079 1992 1235 2034 sane
1272 1970 1591 2056 perfectis
1638 1975 1701 2036 et
1745 1973 1853 2036 rel.

1073 2178 1118 2232 Ο

637 2285 806 2350 Sane
829 2284 1450 2371 perfectissimis
1475 2286 1633 2371 qui-

550 2390 834 2476 busque
901 2412 1178 2453 summo
1255 2400 1321 2453 et
1399 2389 1639 2477 affectu

546 2497 680 2559 ‘iam
725 2496 1140 2559 castimoniae
1181 2499 1638 2560 consummatis

541 2599 960 2686 probationes
992 2599 1230 2686 quibus
1259 2601 1639 2664 eoeaminare

545 2728 609 2769 se
677 2705 950 2768 ualeant
1023 2704 1228 2768 deesse
1297 2726 1426 2767 non
1489 2727 1637 2791 pos-

545 2820 718 2888 sunt,
744 2809 1357 2896 quibusperfecta
1383 2831 1639 2873 eorum

545 2915 764 2978 cordis
835 2914 1176 3001 inteqritas
1250 2914 1637 3000 incorrupto

546 3017 971 3082 conscientiae
1001 3039 1184 3081 suae
1216 3016 1467 3082 iudicio
1499 3041 1640 3082 con-

537 3121 881 3209 probetur.
938 3122 1068 3186 crit
1113 3144 1258 3209 erqo
1306 3145 1637 3186 consum-

547 3237 742 3290 mato
792 3227 1204 3291 dumtaxat
1249 3227 1403 3290 uiro
1434 3227 1638 3290 simi-

551 3331 651 3394 lis
692 3331 922 3394 etiam
952 3353 1154 3416 super
1186 3333 1308 3395 hac
1327 3333 1639 3418 passione

537 3436 870 3522 probatiO,
925 3435 1232 3498 scilicet
1285 3446 1359 3499 ut
1414 3437 1530 3522 qui
1573 3459 1639 3500 se

547 3540 803 3604 radices
857 3539 1068 3603 morbi
1122 3541 1320 3602 huius
1364 3541 1637 3627 penitus

547 3646 700 3709 iam
735 3645 902 3729 (iam
935 3665 1159 3728 Supra
1186 3645 1312 3709 lin.
1347 3665 1531 3710 man.
1569 3644 1636 3728 2)

547 3749 914 3833 eaetirpasse
974 3747 1359 3834 coqnobe-rit‚
1423 3747 1638 3834 emplo-

553 3852 801 3916 randae
868 3853 939 3914 si
1005 3851 1216 3916 uolet
1299 3851 1390 3936 (si
1463 3853 1639 3914 uolet

547 3977 771 4043 supra
840 3959 965 4022 lin.
1038 3976 1221 4022 man.
1281 3957 1347 4040 2)
1414 3957 1639 4042 qratia

546 4062 871 4126 castitatis
930 4061 1458 4147 imayinationem.
1513 4060 1635 4122 ali-

546 4189 740 4253 quam
798 4165 1187 4229 inlecebrosa
1246 4175 1444 4228 mente
1497 4188 1636 4227 con·

547 4271 774 4355 cipiat.
801 4281 1080 4334 ceterum
1096 4269 1178 4333 ab
1196 4271 1298 4333 his
1323 4270 1439 4355 qui
1463 4269 1639 4332 aduc

550 4373 877 4460 infirmi
935 4385 1114 4438 sunt
1176 4377 1340 4438 hanc
1399 4375 1636 4437 exami-

2236 2178 2359 2233 sz

1828 2286 1998 2351 Sane
2026 2286 2528 2372 perfectissimis
2569 2284 2837 2373 quibus-

1742 2414 1861 2476 que
1930 2401 1997 2454 et
2059 2412 2340 2453 summo
2400 2388 2639 2476 affectu
2704 2389 2840 2452 iam

1750 2496 1917 2582 (iam
1983 2495 2220 2582 affectu
2286 2496 2353 2582 v)
2418 2494 2839 2558 castimoniae

1745 2601 2203 2664 consummatis
2234 2599 2662 2686 probationes
2700 2599 2837 2683 qui-

1746 2705 1863 2768 bus
1910 2704 2290 2768 eaeaminare
2328 2725 2394 2767 se
2432 2703 2707 2767 ualeant
2740 2703 2838 2766 de-

1744 2832 1874 2873 esse
1918 2831 2049 2872 non
2072 2818 2370 2894 possunt,
2402 2807 2641 2893 quibus
2670 2829 2839 2893 per-

1730 2914 2183 3000 fectissima
2229 2912 2446 2976 cordis
2490 2912 2835 2998 inteyritas

1744 3019 2129 3104 incorrupto
2176 3017 2695 3080 conscientiae
2734 3016 2835 3079 iu·

1746 3123 1918 3186 dicio
1974 3121 2427 3208 conprobetur.
2498 3121 2627 3184 erit
2687 3143 2835 3207 erqo

1743 3225 2483 3291 consummatissimo
2538 3225 2692 3288 uiro
2751 3224 2834 3287 si-

1744 3331 1923 3394 milis
1955 3332 2074 3394 his
2119 3353 2311 3415 quae
2340 3353 2587 3416 supra
2621 3330 2837 3393 dicta

1742 3447 1923 3499 sunt
1988 3435 2124 3520 (his
2172 3483 2187 3498 .
2236 3483 2251 3498 .
2302 3482 2316 3497 .
2364 3445 2517 3497 sunt
2577 3453 2699 3500 om.
2764 3435 2830 3518 r)

1745 3541 1939 3603 etiam
1969 3562 2171 3625 super
2203 3541 2323 3602 hac
2344 3539 2652 3624 passione
2676 3561 2833 3624 pro-

1746 3643 1921 3708 batio
1968 3645 2096 3706 sui
2132 3644 2288 3730 (sui
2320 3663 2547 3727 supra
2574 3645 2701 3708 lin.
2740 3641 2836 3706 K:

1744 3769 1866 3814 0111.
1916 3749 2007 3834 r),
2072 3747 2379 3810 scilicet
2440 3749 2589 3831 (om.
2640 3749 2704 3831 r)
2758 3757 2835 3809 ut

1741 3854 1857 3938 qui
1886 3875 1951 3916 se
1986 3852 2241 3915 radices
2271 3851 2475 3913 morbi
2498 3851 2700 3914 huius
2724 3873 2835 3936 pe-

1742 3958 1923 4020 nitus
1984 3958 2149 4019 iam
2214 3956 2379 4040 (iam
2430 3955 2700 4041 penitus
2762 3955 2829 4040 r)

1743 4062 2137 4147 eaestirpasse
2181 4060 2571 4146 coynouerit,
2618 4058 2833 4146 explo-

1744 4165 1995 4230 randae
2039 4167 2109 4228 si
2154 4163 2364 4228 uolet
2393 4164 2616 4251 qratia
2646 4164 2833 4228 casti—

1744 4270 1901 4332 tatis
1967 4269 2360 4333 interdum
2420 4269 2651 4332 etia-m
2710 4266 2833 4330 ali-

1744 4395 1937 4459 quam
2012 4374 2239 4460 emplo
2258 4373 2625 4436 ratricem
2704 4371 2835 4434 sui
