3167 4975
1233 429 1392 483 Inst.
1431 428 1541 483 lib.
1581 429 1647 492 X,
1688 433 1905 486 18—20.
2586 427 2709 492 189

419 621 568 668 suae
616 604 972 668 necessitati
1019 603 1486 684 sufficientiam,
1552 623 1771 668 uerum
1820 605 2011 668 etiam
2058 604 2221 686 quod
2270 604 2504 668 tribuat
2546 605 2710 668 indi-

416 709 590 791 genti
633 709 739 790 pia
784 709 1197 772 sollicitudine
1242 727 1464 790 parare
1512 709 1791 788 festinat,
1840 708 2073 791 duplici
2117 709 2323 792 gratia
2361 708 2708 788 decoratuS,

417 813 584 894 quod
616 817 678 877 et
705 813 1049 894 perfectam
1081 814 1433 878 nuditatem
1467 813 1702 878 Christi
1734 814 2177 878 ‘uniuersarum
2209 832 2421 878 rerum
2453 831 2709 878 suarum

417 917 766 982 abiectione
795 917 1113 999 possideat
1159 921 1222 982 et
1253 917 1751 982 munificentiam
1784 916 1997 981 diuitis
2028 917 2243 982 labore
2274 937 2387 982 suo
2421 917 2711 981 exhibeat

337 1047 364 1086 5
421 1026 484 1085 et
527 1021 778 1103 affectu,
824 1023 924 1086 hic
969 1022 1225 1104 quidem
1271 1022 1584 1087 honorans
1632 1023 1819 1086 deum
1867 1022 1942 1086 de
1990 1023 2119 1086 suis
2164 1023 2347 1086 iustis
2389 1019 2709 1086 laboribus

419 1130 483 1191 et
527 1126 810 1190 delibans
858 1128 914 1191 ei
959 1127 1034 1190 de
1080 1127 1386 1191 fructibus
1433 1127 1707 1191 iustitiae
1748 1143 1929 1190 suae:
1976 1125 2083 1190 ille
2128 1144 2277 1190 uero
2322 1126 2431 1191 otii
2462 1129 2709 1208 torpore

420 1235 484 1295 et
541 1232 766 1296 inertia
831 1232 1145 1296 resolutus
1215 1232 1546 1316 indignum
1617 1251 1683 1296 se
1746 1232 1939 1296 etiam
1998 1231 2136 1296 cibo
2200 1232 2381 1316 panis
2449 1231 2709 1314 apostoli

418 1337 646 1419 probat
691 1336 1022 1416 sententia,
1086 1340 1306 1400 contra
1349 1337 1486 1400 eius
1533 1336 1775 1400 scilicet
1818 1335 2223 1400 interdictum
2269 1335 2504 1400 otiosus
2565 1354 2711 1400 eum

421 1459 544 1504 non
591 1441 724 1504 sine
770 1445 948 1504 reatu
993 1441 1236 1523 peccati
1281 1440 1833 1522 contumaciaeque
1878 1457 2307 1521 praesumens.

311 1569 364 1606 ιο
507 1546 644 1609 XX.
677 1545 985 1609 Nouimus
1025 1545 1307 1624 fratrem,
1355 1546 1529 1608 cuius
1563 1545 1759 1608 etiam
1790 1563 2040 1624 nomen,
2089 1545 2141 1608 si
2173 1545 2443 1627 amplius
2478 1545 2711 1627 aliquid

420 1669 492 1714 ex
524 1651 641 1714 hoc
671 1651 1094 1713 instructionis
1127 1649 1468 1730 accederet,
1513 1650 1941 1732 proderemus.
2005 1649 2108 1731 qui
2139 1666 2284 1712 cum
2314 1650 2379 1712 in
2411 1649 2709 1714 coenobio

420 1757 768 1819 moraretur
837 1773 1106 1836 eumque
1174 1754 1514 1818 necessitas
1582 1756 1919 1834 coartaret,
1996 1757 2067 1817 ut
2132 1755 2441 1818 statutum
2508 1754 2710 1835 operis

419 1877 686 1941 pensum
757 1859 979 1922 cotidie
1057 1875 1392 1922 oeconomo
1463 1858 1765 1938 traderet,
1841 1877 1919 1921 ne
1996 1858 2060 1922 in
2132 1859 2431 1922 maiorem
2508 1858 2709 1939 operis

421 1964 677 2027 modum
739 1964 1000 2027 alicuius
1062 1964 1428 2044 propensius
1488 1963 1832 2026 laborantis
1880 1962 2241 2026 tenderetur
2285 1963 2389 2026 uel
2449 1962 2712 2027 confun-

313 2090 364 2128 ιε
422 2066 673 2132 deretur
719 2068 1022 2148 exemplo,
1084 2085 1230 2130 cum
1275 2067 1342 2131 in
1387 2067 1686 2132 coenobio
1733 2067 2091 2149 quempiam
2136 2067 2407 2132 fratrum
2452 2067 2713 2132 uidisset

422 2174 796 2256 ingressum,
858 2172 964 2253 qui
1019 2171 1236 2236 ardore
1281 2170 1426 2234 fidei
1473 2171 1665 2236 uellet
1710 2171 1941 2253 aliquid
2001 2171 2267 2254 amplius
2314 2171 2517 2253 operis
2564 2189 2713 2235 con-

421 2278 691 2360 signare,
739 2278 790 2340 si
836 2276 1240 2341 clandestinis
1289 2294 1436 2339 eum
1479 2275 1988 2357 persuasionibus
2032 2293 2329 2341 reuocare
2375 2274 2453 2340 ab
2494 2276 2712 2340 huius-

423 2382 590 2446 modi
635 2381 980 2446 intentione
1029 2382 1284 2444 minime
1329 2381 1662 2462 potuisset,
1724 2381 1995 2444 consiliis
2042 2381 2252 2464 prauis
2300 2399 2372 2444 ac
2428 2398 2712 2445 susurra-

421 2488 696 2552 tionibus
743 2486 819 2551 ad
867 2485 1446 2569 transmigrandum
1507 2485 1724 2550 exinde
1768 2485 2215 2569 persuadebat:
2277 2490 2340 2551 et
2385 2504 2503 2568 quo
2565 2505 2712 2550 eum

309 2616 368 2653 20
423 2592 668 2656 facilius
701 2594 1070 2674 asportaret,
1104 2610 1170 2654 se
1195 2610 1438 2673 quoque
1473 2591 1601 2655 iam
1633 2592 1786 2655 olim
1818 2592 2033 2655 multis
2067 2609 2140 2654 ex
2170 2590 2375 2654 causis
2400 2589 2712 2655 offensum

422 2696 821 2779 confingebat
862 2697 1026 2761 uelle
1060 2695 1396 2776 discedere,
1444 2696 1498 2759 si
1529 2696 1835 2759 solacium
1866 2695 2108 2760 itineris
2155 2696 2257 2758 uel
2297 2695 2540 2760 comitis
2570 2714 2712 2776 rep-

421 2802 706 2884 perisset.
783 2819 1050 2882 cumque
1097 2819 1242 2863 eum
1288 2801 1365 2863 ad
1413 2818 1789 2864 consensum
1835 2800 2093 2865 occultis
2150 2798 2710 2864 obtrectationibus

422 2906 785 2971 monasterii
838 2904 1218 2987 pellexisset,
1281 2904 1611 2968 condicens
1660 2904 1716 2968 ei
1762 2904 1980 2969 horam
2031 2922 2153 2987 qua
2212 2904 2287 2967 de
2334 2904 2711 2970 monasterio

421 3011 680 3074 deberet
726 3012 888 3073 exire
947 3011 1048 3074 uel
1095 3010 1303 3073 locum
1366 3028 1484 3090 quo
1541 3029 1608 3073 se
1668 3010 2077 3091 praeueniens
2141 3011 2515 3090 expectaret,
2575 3008 2711 3089 ipse

307 3143 364 3183 25
421 3117 600 3179 uelut
657 3116 794 3178 ilico
856 3115 1304 3178 subsecuturus
1367 3114 1601 3177 ibidem
1665 3113 2069 3194 subsistebat,
2130 3113 2356 3195 illoque
2415 3114 2541 3177 iam
2600 3130 2710 3194 pro

424 3222 736 3285 discessus
785 3220 880 3283 sui
927 3218 1305 3282 uerecundia
1350 3236 1474 3281 non
1523 3218 1791 3282 audente
1840 3218 1916 3281 ad
1972 3218 2420 3282 monasterium
2470 3218 2543 3281 de
2591 3234 2711 3298 quo

421 3326 756 3407 aufugerat
799 3324 1062 3387 ulterius
1096 3323 1442 3406 adgregari,
1490 3322 1658 3386 inlex
1704 3323 1889 3405 fugae
1938 3322 2068 3385 eins
2114 3323 2176 3385 in
2218 3320 2511 3385 coenobio
2558 3321 2713 3385 resi-

420 3428 628 3494 debat.
691 3429 808 3492 hoc
868 3447 1062 3491 unum
1125 3428 1479 3509 exemplum
1542 3427 1619 3489 de
1680 3426 2030 3490 istiusmodi
2089 3445 2317 3509 genere
2387 3426 2711 3490 hominum

631 3568 685 3635 5]
727 3566 792 3619 of.
821 3567 979 3619 Pron.
1007 3568 1055 3629 3,
1083 3570 1115 3619 9
1152 3565 1355 3635 (LXX).
1466 3565 1522 3634 8]
1561 3564 1628 3618 cf.
1656 3564 1713 3617 II
1752 3564 1933 3618 Thess.
1962 3567 2009 3628 3,
2040 3568 2120 3619 10.

515 3693 539 3745 1
591 3688 918 3741 necessitatis
965 3689 1056 3741 Hc
1195 3686 1547 3739 sufficientiae
1594 3702 1876 3739 munerum
1922 3686 2081 3738 etiam
2130 3686 2181 3740 L
2326 3688 2359 3740 2
2402 3688 2614 3753 patrare
2653 3686 2721 3739 H

426 3776 711 3845 dupliciter
739 3777 788 3829 (ἱ
893 3778 923 3829 4
967 3774 1314 3827 abiectionem
1345 3774 1392 3826 0
1496 3772 1779 3842 possedeat
1814 3774 1895 3827 11¹
2006 3778 2037 3827 5
2074 3772 2265 3825 affeetu
2300 3772 2427 3827 GT.-
2462 3771 2711 3825 affectum

431 3865 592 3919 0111,
698 3866 730 3917 9
757 3864 1050 3915 contumat.
1076 3862 1130 3915 L
1241 3864 1304 3916 10
1330 3860 1516 3913 XVIII
1543 3862 1620 3929 H,
1647 3878 1749 3916 om.
1781 3862 1831 3915 G
1939 3860 2187 3913 nouimus
2216 3902 2226 3913 .
2257 3903 2266 3913 .
2296 3902 2306 3912 .
2336 3874 2529 3912 nomen
2554 3876 2712 3916 enan.

423 3954 488 4005 in
526 3952 572 4005 C
681 3951 741 4005 11
781 3948 1136 4002 institutionis
1161 3950 1230 4003 H
1336 3948 1599 4001 accederit
1623 3950 1707 4001 Ηι
1779 3947 2031 4000 acciderit
2056 3947 2196 4000 H²L
2302 3946 2636 4015 proderimus
2662 3946 2713 3999 L

429 4041 493 4094 12
519 4036 820 4089 cohartaret
848 4036 894 4089 (J
992 4038 1054 4091 13
1079 4034 1299 4089 cottidie
1323 4036 1396 4087 G²
1493 4034 1708 4087 maioris
1734 4036 1787 4088 L
1897 4037 1961 4089 14
1984 4032 2289 4086 laborantes
2308 4034 2362 4087 L
2463 4036 2523 4087 15
2550 4048 2714 4099 quen-

427 4123 552 4177 dam
589 4122 814 4176 fmtrem
851 4124 902 4176 L
1013 4126 1078 4177 16
1115 4122 1358 4175 ardorem
1395 4123 1470 4176 L¹
1583 4124 1645 4176 17
1684 4119 2027 4188 glandistinis
2062 4121 2145 4174 H¹
2264 4118 2624 4172 suassionibus
2661 4120 2714 4173 L

429 4214 492 4267 19
539 4214 593 4263 ct
636 4228 738 4265 om.
788 4210 853 4263 H
987 4212 1056 4263 20
1101 4209 1208 4262 iam
1255 4228 1354 4263 om.
1401 4210 1470 4262 H
1604 4210 1667 4263 21
1718 4208 1969 4261 solatium
2019 4206 2189 4261 GHL
2330 4206 2609 4275 reperisset
2654 4207 2722 4259 H

425 4300 496 4353 23
529 4298 662 4352 hora
685 4299 739 4351 L
843 4299 912 4351 25
950 4296 1370 4364 subsequutum
1407 4312 1473 4351 ex
1507 4295 1849 4364 subsequitur
1881 4296 1949 4349 H
2048 4298 2113 4349 27
2148 4293 2331 4347 infelix
2371 4295 2422 4347 L
2528 4309 2715 4347 coeno-

427 4385 578 4439 bium
615 4386 668 4439 L
785 4383 1060 4438 resedebat
1096 4386 1162 4439 H
1166 4388 1181 4419 ²
1299 4386 1368 4439 28
1407 4382 1688 4436 homiuum
1724 4398 1915 4450 genere
1952 4384 2021 4437 H

533 4488 660 4530 xvn.
692 4490 808 4531 eus.
833 4492 870 4529 1.
2336 4472 2404 4520 20
