3167 4975
543 442 672 507 264
1350 442 1668 497 Iohannis
1714 442 2013 497 Cassiani

543 620 789 683 dictus
835 620 909 684 in
956 620 1278 684 saecula.
1358 639 1433 685 ac
1474 641 1586 705 per
1631 622 1750 686 hoc
1795 624 1860 685 et
1903 620 2058 685 illud
2102 620 2218 684 ibi:
2281 620 2405 702 qui
2451 624 2566 685 est
2609 640 2832 703 super

542 725 787 789 omnia
831 724 1036 804 deus,
1098 724 1216 789 hoc
1260 725 1437 789 dicit:
1500 744 1642 790 non
1701 726 2046 791 nouimus
2092 726 2236 789 iam
2282 725 2664 790 Christum
2725 745 2830 789 se-

542 829 860 893 cundum
921 848 1251 910 carnem,
1313 833 1378 894 et
1437 832 1565 896 hic:
1629 850 1774 895 non
1837 831 2180 896 nouimus
2242 831 2386 895 iam
2450 829 2830 895 Christum

543 934 949 998 secundum
996 952 1325 1015 carnem,
1371 936 1489 1000 hoc
1535 936 1650 1000 ait:
1711 936 1835 1017 qui
1881 938 1995 1000 est
2039 934 2218 999 deus
2264 935 2710 1000 benedictus
2755 937 2828 1001 in

544 1038 865 1102 saecula.
944 1040 1228 1104 ascendit
1270 1058 1417 1123 ergo
1449 1040 1908 1122 quodammodo
1939 1041 2118 1122 quasi
2147 1040 2212 1103 in
2247 1039 2535 1104 altiorem
2564 1039 2828 1124 gradum
2905 1067 2930 1106 ⁵

540 1142 854 1207 doctrinae
900 1144 1275 1227 apostolicae
1318 1145 1717 1227 praedicatio,
1767 1148 1830 1209 ct
1870 1145 2019 1209 licet
2063 1162 2252 1209 sensu
2299 1144 2420 1209 sibi
2463 1146 2529 1209 in
2567 1148 2828 1227 utroque

540 1248 894 1329 conueniat,
957 1253 1421 1315 sacramentum
1476 1254 1690 1314 tamen
1735 1250 2050 1334 perfectae
2095 1250 2239 1313 fidei
2283 1250 2464 1331 quasi
2519 1250 2832 1315 sententia

540 1354 921 1435 expressiore
968 1354 1298 1418 confirmat
1343 1354 1584 1419 dicens:
1649 1358 1721 1419 et
1781 1354 1844 1419 si
1889 1354 2376 1438 cognouimus
2423 1355 2830 1419 secundum

538 1473 836 1522 carnem
883 1457 1289 1539 Christum,
1338 1459 1463 1523 sed
1509 1478 1704 1523 nunc
1749 1460 1894 1523 iam
1940 1478 2084 1523 non
2129 1459 2500 1539 nouimuS‚
2541 1458 2832 1525 uidelicet

539 1564 687 1645 quia
744 1564 915 1647 prius
977 1580 1121 1626 eum
1184 1566 1247 1627 et
1301 1563 1622 1629 hominem
1685 1564 1916 1629 scimus
1979 1567 2042 1628 et
2087 1563 2304 1643 deum,
2367 1581 2536 1627 nunc
2583 1566 2826 1628 tantum
2885 1589 2933 1627 lo

539 1668 745 1731 deum.
824 1670 1109 1731 cessante
1156 1669 1325 1731 enim
1369 1668 1739 1733 infirmitate
1785 1668 1990 1733 carnis
2039 1667 2195 1731 nihil
2242 1668 2307 1731 in
2355 1685 2426 1731 eo
2470 1668 2598 1731 iam
2651 1668 2828 1732 noui-

540 1791 680 1837 mus
743 1772 863 1837 nisi
922 1772 1221 1836 uirtutem
1280 1772 1660 1853 diuinitatiS,
1728 1773 1874 1855 quia
1933 1776 2136 1836 totum
2195 1772 2262 1835 in
2325 1790 2396 1837 eo
2463 1773 2668 1837 uirtus
2735 1777 2830 1837 est

538 1877 890 1941 maiestatis
937 1862 1203 1957 diuinae,
1264 1875 1375 1941 ubi
1421 1896 1557 1941 esse
1606 1876 1790 1941 desiit
1832 1877 2168 1941 infirmitas
2213 1876 2668 1941 imbecillitatis
2713 1876 2830 1941 hu-

539 1998 781 2045 manae.
830 1998 1016 2045 omne
1042 1998 1189 2063 ergo
1220 1981 1470 2064 penitus
1501 1982 1619 2045 hoc
1648 1981 2008 2045 testimonio
2041 1981 2412 2063 mysterium
2445 1984 2509 2045 et
2537 1984 2826 2065 sumptae

541 2086 743 2150 carnis
806 2089 870 2150 et
928 2085 1240 2170 perfectae
1301 2086 1649 2150 diuinitatis
1719 2086 2018 2168 exposuit.
2112 2086 2326 2149 dicens
2389 2086 2559 2150 enim
2628 2090 2702 2150 et
2765 2088 2826 2150 si
2887 2110 2934 2148 ιε,

537 2190 1023 2274 cognouimus
1086 2188 1470 2254 Christum
1532 2191 1938 2254 secundum
1999 2209 2297 2254 carnem
2359 2194 2826 2254 sacramentum

537 2296 665 2360 nati
710 2294 777 2359 in
824 2312 1009 2359 carne
1056 2293 1152 2357 dei
1198 2295 1444 2359 locutus
1501 2298 1618 2375 est,
1665 2294 1939 2358 adiciens
1987 2297 2200 2359 autem
2257 2313 2450 2358 nunc
2493 2295 2641 2358 iam
2685 2312 2830 2359 non

535 2399 878 2463 nouimus
947 2399 1079 2462 uim
1148 2400 1468 2482 depositae
1535 2398 1921 2462 infirmitatis
1991 2399 2301 2482 explicuit.
2401 2417 2474 2462 ac
2541 2418 2653 2482 per
2711 2400 2831 2464 hoc

536 2505 803 2588 cognitio
834 2504 943 2568 illa
972 2504 1176 2568 carnis
1208 2505 1285 2568 ad
1318 2503 1840 2588 significationem
1869 2504 2145 2587 pertinet
2182 2503 2473 2584 hominiS,
2520 2505 2830 2588 ignoratio

536 2613 748 2673 autem
795 2609 873 2673 ad
934 2610 1235 2673 honorem
1297 2607 1665 2672 diuinitatis,
1742 2609 1860 2674 hoc
1915 2612 2012 2674 est
2057 2609 2226 2672 enirn
2273 2609 2504 2673 dicere:
2559 2627 2828 2693 cogno·
2881 2637 2934 2674 ιο

538 2714 780 2777 uimus
842 2712 1225 2778 Christum
1289 2712 1697 2778 secundum
1759 2730 2086 2794 carnem,
2149 2712 2448 2795 quamdiu
2508 2713 2674 2795 quod
2727 2733 2828 2778 se-

535 2818 811 2882 cundum
850 2835 1105 2881 carnem
1152 2821 1595 2902 agnosceretur
1640 2818 1786 2882 fuit:
1839 2836 2034 2882 nunc
2077 2818 2224 2882 iam
2269 2836 2409 2882 non
2457 2818 2827 2900 nouimuS,

533 2927 867 3006 postquam
915 2943 1051 2987 esse
1096 2923 1341 2987 desiuit.
1418 2926 1645 2987 natura-
1701 2923 1868 2987 enim
1930 2923 2136 2987 carnis
2197 2923 2264 2986 in
2325 2923 2672 3006 spiritalem
2731 2927 2827 2987 est

533 3028 838 3092 translata
882 3026 1326 3108 substantiam,
1376 3031 1437 3091 et
1480 3028 1656 3109 illud,
1711 3027 1876 3109 quod
1921 3027 2127 3091 fuerat
2171 3027 2487 3110 quondam
2533 3027 2826 3107 hominis,

532 3132 773 3196 factum
804 3135 902 3197 est
940 3135 1143 3196 totum
1189 3131 1315 3197 dei:
1364 3135 1428 3196 et
1470 3132 1608 3197 ideo
1640 3151 1766 3197 non
1797 3132 2091 3196 nouimus
2124 3132 2444 3197 Christum
2476 3132 2826 3196 secundum
2880 3157 2932 3196 2⁵

534 3253 807 3316 carnem,
861 3237 1009 3328 quia
1052 3237 1308 3302 absorta
1350 3256 1461 3320 per
1508 3237 1787 3300 diuinam
1833 3237 2236 3301 maiestatem
2279 3236 2646 3301 infirmitate
2690 3254 2828 3300 cor-

532 3359 720 3424 porea
779 3341 933 3405 nihil
996 3359 1171 3406 sacro
1232 3341 1467 3406 resedit
1534 3342 1802 3425 corpori,
1873 3361 1945 3406 ex
2007 3360 2130 3423 quo
2191 3340 2567 3406 inbecillitas
2625 3341 2690 3404 in
2752 3360 2826 3406 eo

532 3445 737 3508 carnis
780 3446 981 3528 possit
1024 3445 1297 3530 agnosci.
1376 3463 1449 3509 ac
1492 3465 1604 3529 per
1647 3446 1785 3527 hoc,
1847 3445 2148 3528 quidquid
2195 3447 2400 3510 fuerat
2442 3445 2618 3529 prius
2675 3444 2826 3509 sub-

618 3706 652 3759 2
688 3706 744 3758 et
774 3703 877 3758 hoc
901 3723 937 3759 a
1043 3708 1077 3760 3
1113 3709 1166 3758 et
1199 3705 1289 3758 hic
1315 3747 1325 3758 .
1357 3747 1368 3759 .
1397 3707 1468 3759 ,4
1492 3705 1595 3758 hoc
1621 3705 1698 3758 ait
1720 3723 1822 3760 om.
1848 3707 2019 3775 Npav
2123 3707 2157 3760 4
2193 3705 2320 3773 quia
2343 3706 2514 3776 Npav
2617 3705 2674 3759 in
2708 3723 2824 3760 sae-

532 3790 653 3845 cula
694 3809 795 3847 om.
832 3792 931 3862 ΝΡ
1074 3795 1105 3847 7
1142 3791 1439 3861 perfectum
1475 3793 1567 3847 M¹
1707 3795 1740 3848 9
1787 3792 1880 3846 sed
1925 3808 2066 3846 nunc
2093 3835 2104 3846 .
2133 3835 2144 3846 .
2175 3835 2184 3846 .
2213 3808 2321 3846 non
2365 3793 2614 3847 nouimus
2651 3793 2826 3848 deleta

529 3880 594 3932 in
620 3896 665 3948 p
701 3897 769 3932 m.
796 3883 827 3932 1
938 3881 1003 3935 10
1041 3895 1181 3934 nunc
1220 3882 1399 3933 autem
1424 3882 1642 3935 tantum
1666 3881 1741 3934 M
1840 3883 1904 3937 12
1943 3879 2142 3950 totum]
2171 3880 2342 3934 tocius
2366 3882 2442 3936 M
2540 3884 2604 3938 14
2640 3882 2824 3951 paeni-

531 3969 619 4019 tus
655 3965 722 4019 N
839 3965 1139 4020 misterium
1178 3968 1253 4022 M
1370 3969 1431 4022 17
1470 3983 1577 4020 non
1615 3985 1716 4023 om.
1754 3968 1830 4022 M
1942 3970 2006 4024 18
2043 3966 2319 4037 explicuit]
2355 3969 2498 4022 Bene
2535 3987 2723 4040 mar-90
2757 3970 2831 4024 N

533 4055 597 4108 19
622 4053 869 4121 cognotio
889 4054 955 4107 N
958 4057 973 4090 ¹
1077 4054 1382 4122 ignorantie
1408 4056 1531 4122 (sic)
1556 4055 1624 4110 N
1723 4057 1786 4110 21
1817 4053 2072 4123 quamdiu
2100 4055 2244 4123 quod
2269 4055 2562 4110 secundum
2581 4057 2820 4126 caruem]

531 4143 593 4194 ut
617 4141 767 4207 (sico
793 4141 868 4194 M
960 4141 1101 4194 Male
1136 4142 1263 4196 add.
1291 4143 1356 4196 N
1376 4143 1439 4197 in
1462 4143 1708 4212 mar-qim
1811 4145 1880 4198 22
1907 4159 2048 4196 nunc
2075 4185 2086 4196 .
2115 4185 2127 4196 .
2155 4186 2166 4196 .
2194 4142 2391 4196 desiuit
2413 4161 2515 4200 om.
2543 4145 2620 4198 Μ
2713 4159 2823 4197 uon

531 4245 631 4282 om.
658 4227 725 4281 N
842 4229 910 4282 24
946 4227 1263 4294 translatam
1300 4231 1373 4283 M
1489 4227 1714 4282 condam
1753 4231 1827 4284 M
1941 4233 2010 4285 26
2047 4229 2284 4300 absorta]
2331 4232 2412 4286 sic
2447 4231 2615 4301 NMp
2737 4230 2822 4283 in-

530 4314 795 4369 firmitate
833 4331 1139 4384 corpoream
1175 4317 1250 4370 M
1380 4319 1449 4371 27
1496 4317 1696 4370 residet
1730 4318 1805 4372 M
1937 4333 1996 4371 ex
2043 4333 2148 4386 quo
2193 4317 2311 4387 etc]
2349 4317 2490 4372 Male
2535 4336 2722 4389 mar-90
2755 4318 2828 4372 N

530 4404 599 4457 28
636 4403 879 4471 agnoscit
906 4405 975 4472 1²¹
1081 4402 1335 4471 quicquid
1372 4405 1476 4473 ΜΡ
