3167 4975
463 441 591 506 428

464 1174 761 1228 orientales
798 1177 838 1230 I

464 1243 597 1298 Osee
635 1263 812 1300 accus
848 1245 893 1299 (5
924 1243 1076 1310 XIII,
1102 1248 1150 1309 8,
1182 1247 1225 1300 l.

464 1315 645 1368 otiosis
680 1313 987 1382 hominibus
1027 1315 1125 1368 hos
1162 1313 1409 1368 italitatis
1450 1311 1606 1368 bene-

464 1732 791 1800 paenitentia

473 3612 777 3667 Palaestina
813 3616 854 3668 Ι

573 617 649 669 sia
704 615 770 670 ab
816 616 1063 670 uniuersa
1107 615 1261 685 plebe
1310 615 1608 670 concinitur

577 687 623 741 C
654 686 832 750 VIIII,
859 689 941 748 22,
968 689 1016 741 4.

464 757 755 810 oratorium
795 757 833 810 1
864 755 965 820 ΙΙΙ,
992 759 1020 810 7
1050 763 1084 811 t.
1112 758 1161 820 7,
1191 757 1235 810 I.
1274 756 1403 820 ΙΠΙ,
1430 759 1511 812 20.

464 826 675 879 ordines
713 825 1023 894 augelorum
1059 824 1188 894 quid
1222 826 1527 894 significent
1566 827 1612 879 (Ξ

566 896 717 960 VIII,
747 899 825 952 15.

463 963 585 1034 ὀργὴ
626 964 755 1034 quid
793 964 865 1020 Sit
908 965 953 1020 G
985 965 1047 1029 V,
1077 967 1157 1028 11,
1185 969 1230 1020 7.

464 1035 653 1088 Oriens
690 1038 733 1090 Ι
765 1034 841 1099 Π,
881 1038 925 1090 1.
974 1039 1021 1092 8.
1060 1035 1161 1099 ΙΠ,
1200 1037 1248 1100 3,
1290 1038 1333 1091 1.
1371 1039 1421 1100 4,
1462 1037 1510 1090 3.
1558 1037 1608 1099 9,

573 1106 721 1160 1—2.
762 1104 891 1169 1111,
922 1108 1001 1168 19,
1030 1108 1073 1161 1.
1114 1108 1199 1160 22.
1246 1106 1292 1160 (J
1322 1105 1387 1170 X,
1414 1108 1462 1168 3,
1489 1108 1537 1160 2.

858 1192 949 1244 pr.
975 1177 1128 1230 2—3.

570 1385 751 1438 ficium
788 1400 897 1437 non
931 1400 1103 1452 negan
1144 1401 1235 1436 um
1272 1386 1310 1438 1
1340 1383 1405 1448 X,
1434 1385 1513 1438 15.

466 1455 635 1507 otium
696 1453 989 1507 multorum
1050 1453 1313 1506 malorum
1374 1469 1532 1506 causa
1567 1454 1611 1507 Ι

569 1523 634 1588 Χ,
663 1527 814 1580 7—8.
846 1525 924 1578 10.
953 1526 1173 1579 20-24,

466 1593 619 1647 Ozias
656 1610 743 1646 rex
782 1595 819 1647 1
848 1593 942 1658 XI,
972 1595 1033 1650 11
1063 1600 1096 1648 t.
1128 1595 1206 1649 11.

864 1731 1036 1786 ublica
1074 1731 1387 1786 diluendum
1462 1748 1610 1784 ecca-

1532 441 1732 497 Index

1770 619 1815 680 1,
1841 618 1888 672 2.
1928 615 2042 669 eius
2076 616 2222 684 regio
2255 614 2575 670 describitur
2605 617 2654 672 Ο
2681 615 2803 680 Vn,

1765 688 1848 750 26,
1875 689 1922 741 2.
1949 685 2043 750 XI,
2071 689 2119 750 3,
2149 688 2201 742 1:
2229 685 2296 740 cf.
2317 685 2546 751 XXIIII,
2573 690 2621 751 2,
2649 689 2801 741 3—4.

1661 771 1892 824 papyrus
1937 756 2134 824 passim
2177 771 2272 825 per
2306 756 2448 824 ripas
2484 756 2599 811 Nili
2635 773 2804 810 emer-

1765 841 1896 892 gens
1941 825 1988 880 O
2019 825 2062 890 1,
2088 829 2170 890 23,
2197 829 2244 881 5.

1661 895 2094 962 paracharaxima
2129 897 2450 950 nomismata
2493 897 2539 951 (ἵ
2571 897 2613 960 Ι,
2643 900 2726 960 20,
2753 901 2802 952 4.

1766 967 1850 1028 21,
1879 968 1923 1020 1.
1963 969 2048 1029 22,
2076 969 2120 1020 1.
2159 965 2232 1030 II,
2258 969 2306 1022 9.

1699 1033 1941 1103 aralytici
1980 1036 2182 1089 curatio
2227 1035 2273 1089 C
2302 1036 2454 1101 XIII,
2485 1039 2564 1100 16,
2590 1039 2638 1092 3.

1709 1103 1869 1226 ειεξζὶιη
1911 1105 1958 1158 0
1988 1104 2052 1169 X,
2088 1107 2137 1170 2,
2176 1108 2220 1161 1.
2262 1135 2326 1144 —
2364 1113 2530 1176 ymet.
2567 1105 2805 1160 Paschae

1661 1243 1926 1312 paschalis
1973 1242 2309 1299 denuntiatio
2361 1245 2409 1301 G
2447 1245 2512 1310 X,
2548 1249 2598 1309 2,
2634 1249 2682 1301 2.
2729 1248 2802 1314 cf.

1765 1313 2076 1394 Epiphania.

1663 1382 1994 1452 passionibus
2059 1384 2289 1454 propriis
2359 1384 2654 1438 mirabilius
2723 1389 2803 1438 est

1765 1468 1928 1578 {nain
1956 1453 2303 1508 daemonibus
2331 1454 2590 1524 imperare
2623 1456 2670 1509 (F
2690 1453 2804 1518 XV,

1661 1591 1899 1646 Pastoris
1918 1591 2054 1646 liber
2072 1594 2118 1649 0
2139 1593 2289 1658 VIII,
2314 1596 2456 1659 17,1.
2477 1593 2629 1656 XIII,
2655 1597 2733 1658 12,
2755 1597 2802 1648 7.

1661 1661 2027 1716 Patermutius
2065 1661 2228 1716 abbas
2257 1665 2292 1718 1
2323 1663 2454 1727 IIII,
2481 1667 2548 1719 28
2575 1670 2609 1718 t.
2635 1671 2802 1732 qemi.

1766 1731 2067 1785 Patermuti
2103 1735 2144 1787 I
2173 1733 2302 1797 IIII,
2330 1737 2394 1788 27
2423 1741 2457 1788 t.
2485 1735 2568 1796 27,
2598 1737 2640 1788 1.

571 1806 688 1855 tum
706 1750 1033 1870 puincumI
1044 1801 1349 1867 11,15—16.
1372 1748 1502 1865 IIII,
1523 1804 1606 1856 20.
1663 1801 1920 1869 patientia
1963 1801 2102 1855 unde
2147 1802 2292 1856 dicta
2334 1803 2380 1857 C
2410 1802 2610 1866 XVIII,
2639 1805 2720 1866 13,
2753 1806 2803 1858 2.

570 1873 926 1940 paenitentiae
964 1871 1218 1940 perfectio
1255 1872 1311 1924 in
1347 1887 1449 1939 quo
1486 1887 1609 1924 eon-

572 1941 729 1994 sistat
772 1941 819 1996 C
849 1941 963 2005 XX,
1002 1945 1047 1997 5.
1086 1940 1411 2010 paenitentia
1446 1939 1610 2009 lapsis

572 2011 867 2064 necessaria
902 2013 967 2066 N
1000 2011 1090 2076 VI,
1123 2014 1202 2067 18.

466 2081 858 2149 paenitentiarii
897 2096 1065 2148 neque
1102 2079 1168 2134 ad
1207 2078 1483 2134 ecclesiam
1520 2096 1610 2132 ne-

572 2167 671 2218 que
706 2149 774 2203 ad
809 2150 1236 2204 communionem
1274 2165 1477 2204 sacram
1518 2149 1611 2204 ad-

578 2219 929 2274 mittebantur
974 2220 1019 2274 (J
1050 2219 1249 2284 XVIII,
1280 2224 1359 2284 15,
1387 2223 1433 2274 6.

468 2290 691 2343 Paesius
728 2289 891 2344 abbas
928 2292 969 2344 Ι
997 2290 1059 2354 V,
1084 2293 1150 2345 27
1178 2297 1213 2344 t.
1240 2293 1322 2346 27.

467 2359 752 2413 Pafnutius
788 2359 966 2424 abbas,
1002 2359 1279 2429 presbyter
1311 2360 1369 2412 in
1394 2359 1612 2412 heremo

1769 1870 2042 1924 monachis
2097 1871 2392 1926 necessaria
2445 1875 2483 1927 1
2530 1872 2670 1936 1111,
2719 1875 2802 1927 41.

1767 1941 2030 2008 quomodo
2067 1945 2388 2011 conparetur
2430 1942 2477 1997 0
2507 1942 2706 2008 XVIII,
2741 1943 2808 1998 12

1769 2011 1918 2066 -13.
1952 2015 2029 2066 16.
2070 2027 2178 2065 non
2211 2011 2384 2065 aliena
2409 2011 2682 2074 modestia,
2712 2011 2802 2064 sed

1767 2080 1982 2149 propria
2007 2079 2212 2134 uirtute
2239 2081 2472 2135 efficitur
2496 2083 2539 2137 I
2563 2081 2695 2146 1111,
2719 2085 2804 2136 42.

1769 2149 2017 2202 omnibus
2071 2150 2366 2205 exhibenda
2426 2152 2473 2207 0
2520 2151 2672 2214 XVI,
2725 2154 2804 2206 17.

1766 2219 2028 2288 patientia
2059 2219 2312 2274 simulata
2336 2237 2468 2289 quae
2493 2221 2564 2276 sit
2595 2223 2642 2276 (J
2661 2221 2806 2284 XVI,

1769 2291 1850 2344 20.
1867 2292 1948 2344 22.
1967 2290 2256 2358 patientiae
2281 2290 2520 2360 exempla
2541 2291 2586 2346 G
2605 2290 2806 2354 XVIII,

1773 2361 1852 2414 14.
1887 2362 1964 2414 15.
2003 2359 2232 2424 XVIIII,
2263 2363 2307 2415 1.

575 2429 725 2482 Scitii
765 2431 805 2484 I
840 2429 903 2494 V,
937 2432 1020 2494 40,
1059 2432 1103 2484 1.
1152 2429 1197 2483 G
1229 2429 1301 2494 11,
1339 2433 1386 2494 5,
1423 2432 1469 2484 5.
1506 2429 1610 2493 III,
1665 2427 1866 2481 Paulus
1893 2429 2161 2499 apostolus
2186 2432 2226 2485 Ι
2254 2430 2296 2495 1,
2327 2433 2372 2495 1,
2399 2433 2432 2486 2
2456 2437 2506 2486 et
2531 2433 2578 2486 5.
2603 2429 2695 2495 VI,
2725 2432 2804 2486 18.

578 2503 621 2563 l,
663 2505 707 2555 1.
755 2502 837 2563 22,
874 2503 921 2555 4.
962 2500 1091 2565 IIII,
1121 2503 1165 2556 1.
1213 2500 1278 2564 X,
1313 2503 1361 2564 2,
1400 2502 1447 2554 3.
1496 2502 1544 2564 3,
1578 2502 1612 2555 2

574 2577 623 2624 et
659 2572 708 2625 4.
752 2569 951 2634 XVIII,
994 2572 1075 2633 16,
1112 2573 1160 2624 7.
1207 2569 1436 2635 XVIIII,
1473 2572 1522 2634 9,
1564 2572 1612 2625 1.

574 2640 687 2693 eius
728 2638 862 2693 cella
898 2640 1129 2708 quinque
1176 2639 1325 2692 milia
1360 2656 1614 2709 passuum

574 2708 641 2762 ab
668 2709 887 2763 ecclesia
911 2712 1116 2762 remota
1149 2710 1194 2763 Ο
1215 2710 1318 2773 III,
1347 2712 1392 2773 1,
1423 2711 1465 2764 1.
1506 2709 1610 2761 nisi

576 2779 641 2832 ad
688 2778 963 2833 ecclesiam
1009 2779 1181 2832 iturus
1229 2778 1293 2831 de
1339 2778 1471 2832 cella
1507 2794 1614 2831 non

577 2848 860 2903 excedebat
896 2850 928 2903 l.
966 2867 1008 2904 c.
1045 2864 1235 2917 aquam
1285 2847 1369 2901 die
1406 2846 1613 2901 sabbati

579 2919 666 2972 uel
712 2918 977 2971 dominico
1026 2917 1092 2971 ab
1140 2916 1361 2971 ecclesia
1407 2917 1475 2971 ad
1512 2917 1614 2971 cel—

578 2988 685 3041 lam
712 2988 821 3041 suis
852 2987 1049 3043 umeris
1082 2986 1331 3057 portabat
1364 2988 1397 3043 l.
1424 3006 1465 3043 c.
1493 2987 1614 3055 plus

578 3074 739 3127 quam
776 3058 1067 3126 nonagInta
1102 3073 1269 3111 annos
1306 3059 1463 3111 natus
1502 3058 1535 3112 l.
1570 3074 1612 3112 c.

576 3126 768 3181 Bubali
824 3144 883 3181 co
959 3142 1117 3181 omen
1164 3126 1213 3181 ei
1260 3127 1493 3181 inditum
1548 3126 1614 3180 ob

580 3197 805 3251 nimium
839 3213 896 3251 so
921 3196 1145 3251 itudinis
1170 3212 1403 3250 amorem
1438 3196 1483 3251 G
1511 3195 1612 3261 ΠΙ,

582 3270 627 3330 1,
666 3268 711 3321 3.
751 3266 949 3329 XVIII,
992 3270 1071 3331 15,
1109 3270 1153 3323 1.
1199 3266 1422 3320 Antonii
1458 3265 1615 3319 disci-

576 3334 737 3405 pulus
798 3336 843 3391 G
891 3336 1001 3400 III,
1039 3339 1095 3399 4,
1134 3338 1181 3391 3.
1275 3335 1615 3389 raescientiae

578 3406 807 3473 gratiam
852 3403 1159 3474 possidebat
1294 3404 1433 3470 1111,
1474 3408 1527 3469 1,
1565 3408 1614 3460 2.

579 3474 707 3542 quid
760 3474 823 3528 de
868 3474 1101 3543 puritate
1147 3475 1372 3528 senserit
1416 3474 1461 3529 0
1501 3474 1614 3539 XV,

584 3548 661 3599 10.
702 3544 935 3597 narratio
974 3543 1039 3596 de
1076 3558 1136 3596 eo
1181 3544 1228 3599 0
1258 3543 1456 3608 XVIII,
1486 3546 1565 3600 15.

578 3681 708 3747 1111,
746 3685 811 3738 19
845 3690 881 3738 t.
910 3686 991 3747 19,
1029 3685 1072 3738 1.
1109 3684 1191 3739 31.
1228 3682 1290 3748 V,
1324 3686 1407 3739 24.
1447 3686 1529 3748 36,
1570 3688 1613 3740 1.

578 3751 909 3834 Palaestinae
966 3756 1105 3805 artes
1133 3752 1344 3817 CVLI,
1368 3756 1411 3809 1.
1434 3752 1616 3823 Syriae

616 3837 853 3875 roumcla

616 3891 733 3960 yria
767 3890 1071 3946 Palaestina
1106 3892 1147 3947 Ι
1173 3892 1304 3957 IIII,
1338 3894 1403 3949 31
1432 3900 1465 3949 t.

474 3960 773 4029 palmarum
810 3962 1017 4017 fructus
1055 3964 1096 4016 Ι
1122 3961 1187 4027 X,
1214 3964 1295 4018 24.

577 4100 819 4154 hommes
882 4100 1122 4155 mercede
1184 4100 1433 4156 conducti
1494 4118 1616 4155 cum

576 4168 763 4224 bestiis
808 4170 981 4225 omnis
1025 4172 1235 4239 generis
1273 4170 1618 4225 decertabant

474 4239 1127 4433 Pangpdgsilff’eissuietgsghe
1236 4310 1282 4364 ti
1310 4312 1351 4366 Ι
1374 4308 1505 4375 ΙΠΙ,
1531 4313 1617 4375 30,

580 4382 625 4433 2.
747 4378 868 4443 VII,
895 4382 977 4443 26,
1003 4381 1051 4434 2.
1158 4420 1171 4444 ,
1198 4382 1246 4445 2,
1276 4382 1319 4435 1.
1349 4382 1397 4446 3,
1427 4382 1471 4435 1.
1500 4378 1614 4445 XX,

1770 2498 1891 2563 VH,
1915 2500 2184 2565 17.VIIII,
2205 2502 2252 2555 3.
2282 2500 2414 2565 (ΙΙΙ,
2438 2503 2518 2564 15,
2542 2504 2586 2557 1.
2608 2500 2808 2565 XVIII,

1776 2571 1856 2631 11,
1891 2572 1938 2623 3.
1977 2568 2121 2635 XXI,
2157 2574 2205 2635 5,
2233 2572 2281 2624 4.
2320 2570 2526 2624 inuitus
2561 2570 2629 2623 ad
2665 2571 2812 2623 uiam

1771 2637 1959 2693 salutis
1997 2638 2270 2694 adtractus
2305 2641 2350 2695 G
2369 2640 2472 2704 III,
2501 2644 2548 2703 5,
2574 2643 2624 2695 4.
2657 2640 2811 2703 XIII,

1776 2711 1856 2771 11,
1897 2712 1940 2764 1.
1982 2712 2062 2772 15,
2100 2713 2144 2764 1.
2185 2725 2278 2763 uas
2307 2710 2578 2763 electionis
2603 2712 2642 2765 1
2661 2709 2810 2774 VIII,

1775 2780 1822 2833 5.
1865 2778 1912 2833 G
1939 2778 2082 2842 XVI,
2112 2781 2175 2834 12
2213 2786 2260 2833 et
2295 2797 2468 2849 saepe.
2497 2809 2560 2818 -
2591 2780 2704 2834 eius
2739 2780 2810 2833 si—

1776 2846 2002 2902 mulatio
2046 2848 2094 2903 0
2123 2848 2293 2913 XVII,
2320 2852 2401 2905 20.
2432 2852 2515 2913 25,
2543 2853 2589 2904 7.

1668 2915 1866 2970 Paulus
1904 2916 2068 2971 abbas
2103 2917 2354 2972 Archebii
2391 2920 2677 2982 conuIctor,
2719 2918 2813 2987 qui

1773 2984 2042 3041 habitauit
2084 2988 2138 3041 in
2183 2988 2398 3042 heremo
2435 3004 2569 3056 quae
2605 2988 2812 3043 adiacet

1773 3057 1992 3127 Paneph
2031 3056 2075 3109 si
2125 3057 2350 3122 ciuitati,
2397 3057 2646 3112 coenobio
2689 3057 2812 3128 plus

1812 3142 1936 3180 uam
2027 3129 2342 3181 ucentorum
2385 3126 2618 3181 fratrum
2661 3144 2812 3197 prae-

1800 3195 1879 3250 uit
1913 3196 1958 3251 C
1984 3194 2214 3262 XVIIII,
2243 3200 2288 3263 1,
2317 3200 2361 3253 1.
2401 3197 2513 3251 eius
2537 3196 2810 3251 iracundia

1773 3266 2002 3331 XVIIII,
2032 3268 2076 3329 1,
2106 3268 2255 3321 2—3.
2294 3266 2362 3320 ob
2399 3267 2810 3321 exsecrationem

1773 3352 1926 3389 sexus
1981 3335 2198 3389 feminei
2241 3336 2474 3405 paralysi
2524 3336 2812 3391 dissolutus

1775 3405 1831 3459 in
1898 3404 2146 3459 coenobio
2207 3422 2480 3461 sacrarum
2539 3406 2810 3475 uirginum

1774 3492 1808 3528 u
1874 3492 1938 3529 ue
1985 3475 2052 3528 ad
2096 3478 2324 3530 mortem
2362 3475 2611 3531 detentus
2647 3480 2728 3530 eet
2769 3476 2817 3529 C

876 3631 962 3683 pr.
1000 3616 1047 3668 3.
1086 3618 1133 3669 8.
1173 3616 1221 3669 9.
1259 3613 1360 3678 111,
1399 3616 1442 3669 1.
1482 3616 1531 3678 3,
1568 3618 1613 3670 1.
1669 3612 1872 3668 Paulus
1931 3614 2222 3669 monachus
2291 3615 2348 3669 in
2405 3614 2621 3669 heremo
2680 3630 2812 3683 quae

1775 3684 2071 3753 Porphyrio
2109 3688 2446 3755 nuncupatur
2481 3684 2750 3739 habitauit
2779 3686 2820 3739 I

1773 3753 1838 3819 X,
1865 3756 1932 3810 24
1959 3760 1994 3809 t.
2021 3757 2105 3810 24.
2132 3758 2214 3813 25.

988 3822 1102 3887 ΧΧ,
1144 3826 1188 3886 1,
1226 3826 1273 3878 5.
1315 3852 1377 3861 -
1422 3824 1615 3880 adiect.
1671 3822 1869 3877 Paulus
1913 3822 2258 3893 professionis
2304 3824 2630 3879 monasticae
2665 3824 2812 3893 prin·

1777 3908 1897 3962 ceps
1941 3894 1987 3948 0
2019 3892 2220 3958 XVIII,
2251 3898 2298 3958 5,
2323 3896 2373 3949 4.
2409 3896 2531 3957 6,1.

1671 3966 1955 4033 paupertas
1993 3962 2298 4033 euangelica
2340 3963 2388 4019 G
2417 3963 2482 4027 X,
2510 3966 2590 4019 11.

474 4046 801 4112 pancarpum
846 4031 1133 4102 spectaculi
1178 4048 1364 4101 genuS,
1411 4032 1467 4086 in
1512 4047 1616 4100 quo
1670 4032 2046 4101 paximatium,
2099 4034 2254 4103 panis
2305 4048 2506 4103 paruus
2559 4048 2648 4086 sex
2703 4032 2812 4085 fere

1775 4102 2076 4156 unciarum:
2183 4103 2446 4156 axamatia
2512 4101 2618 4155 duo
2680 4118 2810 4169 quae

1774 4172 2040 4239 integram
2099 4171 2140 4226 li
2180 4188 2293 4227 ram
2353 4188 2460 4225 non
2611 4171 2814 4225 uabant

1776 4240 2080 4295 refectionis
2108 4240 2330 4295 diurnae
2354 4240 2546 4295 modus
2595 4241 2676 4295 uit
2699 4256 2810 4294 mo-

1775 4311 1958 4365 nachis
1983 4310 2132 4381 Aegy
2171 4311 2214 4365 ti
2247 4314 2479 4365 statutus
2503 4312 2546 4367 1
2569 4310 2704 4375 ml,
2732 4313 2810 4366 14.

1785 4380 1830 4435 G
1860 4378 1984 4445 XII,
2014 4383 2094 4445 15,
2159 4424 2168 4433 .
2207 4382 2277 4450 cf.
2305 4382 2430 4439 Iud.
2455 4382 2601 4436 κον-ὸ.
