3167 4975
487 446 615 510 384
1298 444 1616 499 Iohannis
1663 443 1966 498 Cassiani

488 622 745 684 clausa
790 625 862 684 et
907 640 1047 684 non
1112 625 1225 683 est
1286 623 1572 702 aperta,
1635 618 1810 699 quia
1853 618 2199 682 dominus
2246 619 2611 681 transiuit
2655 635 2784 699 per

490 743 664 788 eam.
737 727 1069 808 gloriosa
1114 724 1519 806 uirginitas
1570 726 1642 786 et
1697 723 2086 806 praeclara
2143 721 2588 785 fecunditas,
2665 721 2784 784 do-

488 830 1061 893 minus'mundi
1138 829 1506 908 nascitur,
1595 831 1666 891 et
1747 828 2003 891 nullus
2082 830 2195 890 est
2267 827 2590 910 gemitus
2665 844 2786 909 pa-

488 933 785 997 rientis:
851 936 1215 996 uacuatur
1260 936 1551 1011 uterUS,
1616 932 1868 994 infans
1917 931 2316 1013 excipitur,
2365 949 2488 995 nec
2536 935 2784 994 tamen

486 1037 896 1120 uirginitas
944 1038 1295 1100 uiolatur.
1373 1036 1485 1100 fas
1534 1039 1693 1099 erat
1739 1039 1818 1098 ut
1865 1035 1994 1100 deo
2035 1039 2394 1099 nascente
2435 1036 2784 1098 meritum
2865 1061 2896 1099 5

488 1145 866 1204 cresceret
942 1141 1359 1219 castitatiS‚
1444 1159 1575 1204 nec
1650 1160 1778 1222 per
1855 1139 2014 1204 eius
2093 1159 2476 1222 egressum
2553 1139 2788 1202 uiola-

486 1249 746 1309 rentur
809 1246 1136 1329 integra,
1200 1245 1323 1328 qui
1384 1249 1700 1308 uenerat
1761 1263 2024 1308 sanare
2073 1248 2443 1327 corrupta.
2520 1243 2672 1306 item
2717 1244 2784 1306 in

490 1350 871 1431 expositione
911 1351 1216 1433 euangelii
1250 1351 1596 1414 secundum
1627 1349 1894 1412 Lucam:
1944 1350 2134 1430 quod
2181 1367 2264 1412 ea
2308 1349 2783 1431 potissimum

489 1455 689 1518 lecta
735 1458 851 1518 est
896 1459 975 1518 ut
1020 1455 1237 1518 deum
1280 1458 1609 1537 pareret,
1667 1472 1850 1536 quae
1899 1457 2060 1518 erat
2105 1453 2558 1536 desponsata
2601 1451 2782 1514 uiro.

493 1562 713 1622 natum
768 1563 937 1623 certe
993 1578 1065 1623 ex
1127 1559 1369 1642 uirgine
1418 1560 1604 1622 deum
1651 1558 1989 1642 praedicat,
2055 1562 2324 1622 matrem
2371 1557 2639 1621 Mariam
2685 1557 2785 1620 dei
2841 1583 2897 1621 ιο

492 1664 793 1727 nominat.
872 1667 935 1726 et
993 1663 1101 1726 ubi
1162 1663 1270 1726 illa
1326 1666 1422 1725 est
1466 1663 1819 1745 prodigiosa
1867 1667 2052 1744 atque
2100 1661 2462 1725 execrabilis
2511 1681 2628 1726 uox
2675 1665 2786 1726 tua

490 1787 613 1850 qua
673 1769 793 1832 ais:
864 1768 1226 1848 quomodo
1290 1772 1524 1830 mat-er
1584 1771 1837 1850 potest
1897 1787 2062 1830 esse
2123 1767 2353 1832 alieni
2417 1785 2454 1830 a
2514 1770 2784 1830 natura

492 1875 665 1936 sua?
728 1873 789 1936 si
850 1876 1093 1936 autem
1156 1877 1393 1935 mater
1439 1871 1526 1936 ab
1575 1873 1761 1954 ipsis
1809 1875 2145 1952 uocatur,
2193 1871 2624 1935 humanitas
2673 1875 2783 1934 est

491 1978 680 2058 quod
730 1981 985 2041 natum
1032 1981 1173 2057 est,
1222 1995 1363 2040 non
1412 1977 1608 2040 deus.
1689 1995 1832 2040 ecce
1880 1977 2143 2040 eximius
2190 1975 2333 2039 fidei
2381 1976 2682 2058 magister
2723 1980 2788 2040 et

491 2083 810 2146 hominem
858 2081 1008 2144 dicit
1054 2099 1193 2144 eam
1242 2100 1378 2145 esse
1426 2100 1583 2163 quae
1630 2081 1848 2164 genuit
1910 2084 1974 2144 et
2021 2081 2206 2144 deum
2254 2081 2435 2144 docet
2495 2099 2632 2144 esse
2679 2080 2784 2161 qui
2842 2105 2898 2144 ιε»

491 2190 677 2250 natus
741 2191 855 2266 est,
918 2190 980 2249 et
1039 2191 1253 2250 tamen
1317 2187 1435 2249 hoc
1495 2204 1616 2249 uon
1680 2186 2063 2250 infidelitatis
2125 2203 2412 2265 causam,
2473 2185 2582 2248 sed
2643 2184 2786 2248 fidei

492 2311 628 2353 esse
676 2291 1069 2354 miraculum.

578 2395 806 2458 XXVI.
872 2396 1323 2478 Hie1·onymuS‚
1392 2395 1840 2459 catholicorum
1909 2396 2239 2478 magister,
2310 2395 2485 2458 cuius
2551 2396 2786 2477 scripta

490 2520 601 2585 per
665 2502 1030 2564 uniuersum
1094 2501 1397 2565 mundum
1462 2503 1640 2583 quasi
1696 2502 1945 2565 diuinae
1992 2502 2314 2583 lampades
2375 2501 2656 2580 rutilant,
2720 2501 2783 2563 in

490 2605 648 2669 libro
696 2608 771 2668 ad
818 2606 1229 2669 Eustochium
1276 2606 1421 2686 dei,
1484 2607 1708 2687 inquit,
1772 2608 1986 2669 filius
2042 2624 2170 2689 pro
2231 2609 2494 2670 nostra
2539 2606 2784 2669 salute
2839 2628 2898 2666 20

492 2710 811 2773 hominis
868 2710 1113 2774 factus
1176 2714 1291 2774 est
1352 2711 1583 2774 filius.
1674 2712 1922 2773 decem
1985 2710 2372 2774 mensibus
2433 2710 2506 2773 in
2569 2712 2785 2773 utero

494 2818 572 2877 ut
636 2818 989 2879 nascatur
1052 2820 1425 2897 expectat,
1490 2820 1560 2879 et
1625 2816 1784 2895 ille,
1844 2816 2052 2879 cuius
2115 2816 2406 2898 pugillo
2467 2815 2785 2878 mundus

492 2919 937 2999 includitur,
992 2921 1383 3002 praesepis
1431 2921 1864 2984 continetur
1911 2921 2306 3002 angustiis,
2385 2920 2538 2983 item
2585 2920 2786 3002 ipsius

393 3065 402 3074 ·
490 3023 553 3086 in
616 3026 971 3087 commento
1034 3024 1283 3087 Esaiae:
1356 3023 1697 3089 dominus
1758 3026 1948 3087 enim
2009 3025 2408 3103 uirtutum,
2477 3026 2601 3105 qui
2669 3028 2784 3087 est

490 3148 613 3191 rex
668 3128 987 3211 gloriae,
1049 3130 1209 3210 ipse
1256 3129 1650 3193 descendit
1708 3130 1780 3192 in
1843 3133 2135 3192 uterum
2198 3130 2647 3211 uirginaleln
2711 3133 2786 3192 et
2843 3152 2899 3191 εὖ

490 3233 879 3315 ingressus
946 3236 1059 3296 est
1131 3237 1201 3297 et
1269 3252 1619 3317 egressus
1689 3234 2136 3297 orientalem
2205 3238 2528 3316 portam,
2598 3251 2784 3315 quae

494 3355 786 3419 semper
826 3338 1089 3401 clausa
1130 3343 1273 3416 est,
1322 3338 1405 3401 de
1453 3356 1594 3419 qua
1626 3337 1986 3403 Gabrihel
2034 3339 2220 3402 dicit
2260 3339 2344 3401 ad
2385 3339 2780 3422 uirginem:

494 3441 807 3523 spiritus
856 3445 1162 3505 sanctus
1212 3443 1698 3524 superueniet
1743 3444 1815 3506 in
1863 3446 1934 3507 te
1983 3447 2056 3508 et
2115 3444 2363 3507 uirtus
2427 3444 2784 3508 alt-issimi

700 3674 755 3743 8]
796 3674 869 3738 11,
911 3679 955 3730 1.
1108 3674 1200 3743 20]
1238 3675 1390 3743 epist.
1427 3678 1511 3739 22,
1550 3678 1633 3731 39.
1786 3676 1878 3746 24]
1915 3675 2007 3731 lib.
2045 3677 2149 3739 ΙΙΙ,
2189 3694 2303 3747 cap.
2339 3680 2388 3741 7,
2425 3695 2473 3731 u.
2514 3680 2578 3732 14
2615 3676 2779 3743 (haud

490 3762 673 3831 paucis
711 3763 968 3831 mutatis).
1076 3763 1169 3832 26]
1208 3762 1274 3817 cf.
1302 3763 1486 3817 Ezech.
1512 3766 1599 3827 44,
1630 3766 1672 3819 1.
1783 3764 1872 3833 28]
1911 3764 2038 3819 Luc.
2068 3768 2113 3827 1,
2140 3768 2222 3820 35.

580 3965 613 4016 2
639 3961 948 4030 uirginitas]
978 3961 1233 4015 diuinitas
1259 3963 1326 4017 N
1415 3965 1447 4017 3
1473 3962 1821 4031 parturientis
1847 3965 1921 4018 M
2017 3967 2052 4018 4
2077 3966 2368 4017 euacuatur
2387 3982 2430 4035 p
2527 3968 2560 4021 8
2584 3980 2780 4017 euuan-

490 4048 616 4116 gelii
642 4067 686 4118 p
793 4050 824 4102 9
859 4048 1027 4101 electa
1051 4068 1095 4118 p
1130 4056 1178 4103 et
1204 4051 1455 4105 Ambros.
1564 4050 1844 4103 dominum
1877 4053 2128 4107 Ambrae.
2239 4052 2390 4119 uirgo
2424 4052 2490 4105 N
2597 4056 2659 4107 10
2694 4051 2780 4104 dei

490 4136 713 4187 mariam
732 4154 776 4203 p
885 4138 951 4190 12
976 4136 1149 4189 aliena
1173 4138 1278 4205 Mp
1388 4139 1453 4191 ‘13
1480 4138 1592 4206 ipsa
1619 4140 1692 4191 M
1783 4141 1847 4192 14
1871 4138 2128 4206 magister
2151 4138 2278 4191 fidei
2303 4141 2402 4193 Mv
2506 4142 2562 4191 et
2585 4158 2687 4194 om.
2713 4140 2794 4193 M

494 4225 555 4277 15
594 4238 713 4275 eum
752 4239 862 4275 esse
900 4239 1055 4290 quem
1093 4225 1191 4293 ΝΡ
1324 4226 1389 4279 16
1426 4227 1481 4277 et
1516 4243 1618 4279 om.
1645 4226 1721 4279 M
1849 4242 2008 4279 caiisa
2044 4229 2118 4281 M
2255 4230 2319 4281 18
2352 4225 2684 4279 hieronimus
2723 4228 2792 4283 N

490 4308 814 4362 iheronimus
839 4312 913 4364 M
977 4310 1265 4364 ieronimus
1282 4330 1325 4381 p
1434 4312 1632 4364 scribta
1656 4313 1723 4367 N
1823 4316 1891 4368 20
1917 4314 2246 4366 eustochiam
2271 4315 2338 4367 N
2425 4314 2495 4368 23
2518 4313 2784 4383 praesepii

490 4398 587 4449 Μυ
684 4399 747 4450 24
778 4399 1159 4450 commentario
1187 4400 1282 4453 Moe
1375 4399 1520 4468 ysai«3
1540 4417 1583 4467 p
1680 4403 1746 4453 25
1775 4403 1922 4453 utero
1949 4402 2014 4454 N
2103 4404 2169 4456 27
2198 4418 2301 4469 quo
2329 4402 2400 4455 M
2401 4422 2427 4455 ι·
2519 4402 2725 4469 gabriel
2737 4421 2786 4471 p
