3167 4975
525 429 647 494 138
1303 430 1644 485 Iohannis
1691 429 1995 486 Cassiani

517 624 772 670 rursum
817 607 1167 671 desiderare
1213 608 1538 690 conponit:
1598 608 1822 672 tertius
1878 609 1986 690 qui
2030 608 2205 672 initio
2251 608 2417 672 malo
2464 608 2813 690 uitiosoque

521 713 878 775 contractus
926 714 991 775 et
1035 709 1112 775 ab
1161 711 1611 795 inperfectione
1670 712 1972 795 incipiens
2034 731 2160 793 eoS,
2221 730 2375 793 quos
2438 713 2639 776 semel
2695 713 2813 776 hoc

519 818 734 898 tepore
782 815 1010 880 mentis
1058 815 1368 896 infecerit,
1423 817 1813 900 paupertatis
1860 835 1933 880 ac
1980 815 2358 881 diffidentiae
2404 816 2628 881 timore
2672 835 2813 899 per-

520 919 769 984 territos
817 921 1082 1003 spoliare
1130 940 1195 984 se
1241 922 1482 984 cunctis
1515 920 1736 985 mundi
1766 921 2174 985 facultatibus
2206 939 2331 985 non
2364 921 2534 1000 sinit,
2582 939 2811 1002 eosque

519 1025 814 1107 pecunias
861 1025 961 1089 uel
1011 1023 1420 1106 substantiaS,
1466 1043 1624 1107 quas
1672 1026 1889 1107 utique
1935 1025 2370 1090 renuntiantes
2418 1025 2659 1090 abicere
2707 1025 2812 1089 de·
2892 1023 2919 1082 ἑ,

517 1127 806 1209 buerant,
867 1135 1264 1194 reseruantes
1329 1130 1408 1194 ad
1469 1130 1901 1214 euangelicam
1962 1131 2413 1214 perfectionem
2466 1147 2812 1212 numquam

517 1233 844 1316 peruenire
892 1235 1192 1299 concedit.
1272 1252 1538 1316 quarum
1584 1236 1776 1299 trium
1821 1236 2145 1299 ruinarum
2194 1235 2479 1318 exempla
2525 1234 2719 1299 etiam
2746 1233 2809 1298 in

519 1339 842 1422 scripturis
905 1340 1138 1403 sanctis
1199 1339 1556 1403 inuenimus
1618 1357 1745 1404 non
1804 1341 1933 1404 leui
1991 1357 2195 1422 poena
2250 1340 2445 1404 fuisse
2492 1340 2809 1404 damnata.

517 1461 669 1507 nam
714 1443 886 1508 Giezi
932 1461 1008 1508 ea
1049 1461 1211 1526 quae
1257 1463 1336 1508 ne
1379 1447 1524 1508 ante
1557 1445 1811 1526 quidem
1840 1444 2205 1528 possederat
2233 1446 2453 1509 uolens
2487 1445 2811 1526 adquirere

519 1565 644 1612 non
691 1549 874 1612 modo
919 1548 1189 1632 gratiam
1235 1550 1599 1632 prophetiae
1646 1550 1961 1632 possidere
2008 1568 2132 1613 non
2179 1549 2428 1629 meruit,
2475 1567 2664 1631 quam
2702 1568 2813 1633 per
2872 1577 2921 1613 ιο

519 1654 981 1717 successionem
1026 1654 1205 1718 uelut
1248 1652 1691 1718 hereditariam
1738 1673 1777 1718 a
1820 1673 1932 1718 suo
1992 1654 2214 1719 habuit
2266 1655 2568 1737 magistro
2616 1654 2812 1717 susci-

516 1776 683 1840 pere,
744 1775 968 1821 uerum
1023 1758 1216 1822 etiam
1273 1777 1304 1822 e
1367 1759 1674 1822 contrario
1737 1763 1992 1822 aeterna
2048 1759 2225 1842 lepra
2284 1759 2486 1823 sancti
2537 1758 2813 1821 Helisaei

519 1861 954 1926 maledictione
977 1861 1393 1945 perfunditur,
1427 1862 1619 1927 Iudas
1651 1867 1863 1927 autem
1894 1864 2114 1927 uolens
2145 1881 2463 1927 resumere
2495 1863 2811 1946 pecuniaS,

517 1983 672 2048 quas
719 1969 908 2030 antea
953 1965 1276 2031 Christum
1321 1970 1576 2031 secutus
1640 1967 1972 2049 abiecerat,
2035 1985 2161 2032 non
2216 1966 2421 2031 solum
2476 1967 2554 2030 ad
2607 1967 2812 2049 prodi-

519 2069 754 2134 tionem
800 2070 1034 2134 domini
1078 2071 1294 2154 lapsus
1347 2073 1736 2152 apostolatus
1781 2071 2049 2155 gradum
2094 2071 2384 2154 perdidit,
2448 2070 2558 2134 sed
2620 2070 2811 2134 etiam
2868 2102 2923 2140 ιε»

517 2174 716 2238 uitam
775 2175 980 2257 ipsam
1039 2175 1358 2239 communi
1421 2177 1586 2239 exitu
1650 2175 1826 2240 finire
1887 2195 2011 2240 non
2072 2176 2303 2241 meruit
2364 2193 2627 2256 eamque
2679 2173 2812 2238 bio-

519 2279 763 2342 thanati
832 2283 1034 2343 morte
1099 2280 1431 2361 conclusit,
1501 2279 1830 2344 Annanias
1908 2284 1972 2344 et
2038 2279 2343 2364 Sapphira
2414 2283 2809 2343 reseruantes

517 2387 760 2466 partem
808 2384 1120 2465 quandam
1171 2403 1243 2447 ex
1287 2385 1386 2448 his
1434 2403 1595 2466 quae
1640 2385 2051 2468 possederant
2097 2385 2435 2467 apostolico
2476 2403 2579 2448 ore
2612 2387 2810 2448 morte

517 2490 886 2552 multantur.

604 2593 741 2658 XV.
789 2593 886 2657 De
931 2594 1030 2658 his
1075 2594 1284 2677 igitur,
1340 2595 1442 2677 qui
1489 2594 1770 2658 dicentes
1817 2596 2211 2658 renuntiasse
2256 2614 2325 2659 se
2384 2594 2532 2658 huic
2578 2594 2809 2657 mundo
2866 2626 2923 2662 so

517 2716 735 2761 rursus
795 2697 1226 2762 incredulitate
1285 2697 1467 2761 fracti
1530 2699 1754 2762 nudari
1813 2699 2077 2763 terrenis
2138 2698 2362 2782 opibus
2423 2700 2679 2778 timent,
2747 2700 2809 2761 in

519 2802 1007 2867 Deuteronomio
1053 2803 1318 2885 mystice
1364 2804 1772 2885 praecipitur:
1822 2804 1883 2865 si
1931 2804 2096 2885 quis
2146 2807 2261 2867 est
2303 2804 2517 2868 homo
2564 2804 2811 2867 formi-

518 2906 850 2989 dolosae,
897 2910 971 2971 et
999 2908 1216 2972 corde
1248 2907 1550 2990 pauido,
1583 2926 1709 2972 non
1742 2907 2099 2991 egrediatur
2130 2908 2208 2971 ad
2239 2907 2507 2972 bellum:
2556 2908 2809 2987 uadat,

519 3014 592 3075 et
636 3015 1071 3076 reuertatur
1116 3012 1188 3075 in
1237 3012 1529 3076 domum
1575 3030 1819 3093 suam,
1868 3032 1953 3077 ne
1999 3030 2273 3096 pauere
2321 3012 2553 3077 faciat
2592 3013 2811 3076 corda

518 3117 840 3181 fratrum
885 3135 1213 3197 suorum,
1279 3116 1477 3181 sicut
1529 3121 1601 3181 et
1644 3117 1802 3199 ipse
1865 3118 2130 3181 timore
2176 3119 2628 3201 perterritus
2676 3120 2807 3181 est.
2864 3149 2921 3185 25

517 3221 636 3284 hoc
675 3220 1034 3286 testimonio
1073 3221 1221 3303 quid
1253 3222 1606 3285 euidentius
1639 3225 1913 3304 quaeso?
1961 3240 2168 3286 nonne
2200 3223 2533 3286 manifeste
2566 3224 2811 3286 mauult

726 3376 782 3447 9]
811 3376 878 3431 cf.
897 3376 1016 3431 1111
1039 3376 1170 3445 Reg.
1192 3380 1238 3441 5,
1265 3378 1349 3432 27.
1462 3376 1550 3447 13]
1577 3376 1645 3431 cf.
1671 3376 1863 3431 Matth.
1889 3379 1975 3442 27,
2002 3380 2049 3433 5.
2160 3377 2247 3448 17]
2274 3376 2341 3431 cf.
2368 3378 2486 3432 Act.
2514 3382 2562 3443 5,
2591 3381 2622 3433 5
2648 3379 2701 3431 et
2728 3380 2807 3433 10.

517 3464 609 3533 22]
647 3464 804 3518 Deut.
830 3467 915 3529 20,
942 3466 990 3521 8.

608 3607 633 3659 1
675 3620 856 3657 rursus
894 3605 1010 3659 HL
1127 3606 1159 3659 3
1206 3607 1444 3673 tempore
1480 3605 1620 3660 H¹L
1736 3604 1967 3659 inficerit
2002 3606 2057 3659 A
2127 3604 2369 3659 inficeret
2404 3606 2489 3660 H¹
2606 3607 2811 3674 perter-

518 3691 654 3745 ritus
678 3692 764 3745 H¹
869 3693 903 3746 4
941 3691 1080 3745 sinet
1103 3692 1267 3746 A¹H¹
1379 3707 1466 3743 eas
1501 3690 1593 3760 qui
1618 3692 1687 3746 H
1786 3695 1817 3747 5
1853 3691 2089 3746 abiecere
2117 3692 2277 3747 G¹H¹
2384 3696 2414 3747 7
2453 3691 2731 3746 contendit
2758 3692 2809 3746 G

520 3782 553 3835 8
590 3777 868 3832 scribturis
892 3779 1005 3834 AG
1112 3782 1144 3834 9
1168 3778 1468 3848 possiderat
1491 3780 1627 3834 AG¹
1735 3783 1800 3835 lo
1832 3780 2091 3849 profetiae
2115 3780 2227 3835 AG
2332 3795 2439 3833 non
2468 3780 2666 3833 meruit
2687 3794 2809 3848 pos-

519 3865 688 3919 sidere
726 3868 813 3921 Av
918 3882 1076 3935 quem
1112 3867 1166 3921 L
1275 3870 1335 3922 11
1375 3866 1605 3936 heredit.
1648 3866 1701 3921 G
1810 3870 1873 3922 12
1907 3865 2057 3935 lepra
2100 3870 2316 3920 aeterna
2349 3868 2526 3922 AHT
2623 3865 2809 3920 helisei

522 3954 692 4008 GHL
822 3956 886 4009 13
922 3953 1354 4008 maledictionem
1382 3955 1467 4008 Ηι
1609 3956 1788 4007 autem
1825 3972 1927 4009 om.
1954 3955 2009 4009 A
2143 3957 2209 4010 14
2244 3956 2499 4023 sequutus
2538 3954 2610 4010 G¹
2740 3952 2807 4007 ob

515 4040 864 4095 traditionem
911 4042 982 4095 H
1148 4043 1211 4096 15
1257 4039 1437 4094 labsus
1482 4042 1537 4095 A
1711 4040 1941 4109 gradum
1985 4040 2223 4110 perdidit
2267 4041 2597 4111 apostolatus
2640 4042 2817 4095 AHT

522 4130 586 4183 16
611 4128 804 4199 ipsam]
849 4144 1002 4182 suam
1037 4130 1107 4183 H
1241 4128 1485 4197 eamque]
1523 4128 1617 4181 sed
1654 4144 1771 4181 eam
1808 4131 1887 4183 A:
1916 4146 2017 4183 om.
2050 4131 2100 4184 T
2236 4131 2299 4185 17
2338 4146 2485 4183 more
2521 4129 2575 4183 L
2680 4144 2809 4182 ana-

518 4214 634 4268 nias
674 4215 780 4270 GT
903 4214 1086 4269 saffira
1125 4216 1178 4271 G
1249 4215 1444 4285 saffyra
1478 4216 1596 4271 HL
1730 4218 1794 4271 18
1834 4214 2173 4284 possiderant
2207 4216 2506 4271 AG¹H¹L¹
2636 4218 2810 4269 morte

517 4320 619 4359 om.
657 4304 712 4357 A
858 4305 922 4358 19
966 4301 1274 4357 mulcantur
1317 4304 1398 4358 A²
1536 4305 1606 4357 20
1649 4318 1705 4355 se
1751 4319 1851 4358 om.
1890 4303 2001 4358 AT
2134 4305 2199 4357 21
2250 4303 2309 4357 in
2342 4302 2717 4357 incredulitate
2752 4304 2809 4356 L

517 4392 585 4445 22
620 4390 782 4443 homo
819 4408 919 4445 om.
947 4391 1016 4445 H
1135 4392 1203 4445 25
1239 4392 1296 4443 et
1330 4389 1463 4459 ipse]
1503 4390 1617 4459 ipse
1652 4390 1707 4443 A
1742 4395 1793 4444 et
1838 4390 1992 4461 Παῖς.
2124 4392 2194 4445 26
2229 4390 2571 4444 manifestem
2611 4390 2683 4445 G¹
