3167 4975
976 432 1203 482 eontra
1238 428 1618 482 Nestorium
1655 428 1764 482 lib.
1804 426 1905 493 111,
1948 430 2028 485 16.
2523 428 2650 493 285

353 624 464 687 per
508 605 903 688 prophetiam
966 606 1151 670 deum
1207 606 1435 671 fortem
1498 610 1561 670 et
1618 607 1804 671 deum
1869 622 2174 689 magnum
2233 605 2362 668 iam
2408 606 2653 688 praedi-

354 712 625 789 cauerat,
688 710 777 773 ita
822 709 923 773 hic
969 710 1182 775 dicens
1228 710 1447 774 filius
1510 729 1714 774 meus
1771 709 2094 774 dilectus
2155 710 2229 773 in
2275 728 2414 791 quo
2475 709 2652 773 mihi

354 814 750 895 conplacui
816 834 1002 895 super
1046 815 1281 898 proprii
1328 815 1438 879 filii
1486 816 1583 879 sui
1630 834 1859 879 nomen
1907 816 2098 879 etiam
2146 808 2356 878 dilecti
2389 818 2450 878 et
2482 832 2653 878 com-

354 918 569 1000 placiti
600 917 719 981 sibi
758 918 868 982 filii
902 938 1132 983 nomen
1168 920 1410 1000 adiecit,
1457 924 1530 984 ut
1573 920 2022 1002 proprietatem
2067 919 2315 983 diuinae
2359 918 2654 983 uidelicet

275 1048 299 1087 5
354 1026 614 1087 naturae
678 1024 1009 1088 nominum
1071 1025 1452 1108 significaret
1514 1024 1774 1089 adiectio
1840 1028 1903 1089 et
1947 1024 2010 1087 id
2071 1024 2148 1087 ad
2193 1024 2496 1087 honorem
2543 1024 2652 1087 filii

253 1571 303 1610 10

354 1128 451 1190 dei
518 1128 918 1211 peculiariter
986 1130 1346 1211 pertineret,
1419 1129 1583 1211 quod
1651 1129 1806 1193 nulli
1877 1130 2132 1193 omnino
2201 1128 2441 1193 homini
2507 1147 2654 1193 con-

354 1231 617 1313 tigisset.
696 1233 905 1315 itaque
968 1233 1129 1298 sicut
1174 1234 1283 1297 illa
1330 1234 1578 1317 propria
1625 1252 1696 1298 ac
1742 1234 2077 1317 peculiaria
2122 1235 2184 1298 in
2231 1252 2500 1317 persona
2544 1234 2652 1297 do-

358 1337 508 1399 mini
553 1339 748 1401 nostri
794 1338 938 1401 Iesu
986 1337 1222 1403 Christi
1269 1337 1543 1419 fuerunt,
1608 1338 1770 1420 quod
1815 1339 1970 1402 caeli
2017 1339 2216 1421 aperti
2262 1342 2431 1420 sunt,
2492 1339 2654 1420 quod

358 1459 501 1504 eum
562 1441 715 1506 deus
784 1446 963 1525 pater
1032 1442 1274 1507 cunctis
1342 1441 1702 1506 uidentibus
1771 1462 1880 1526 per
1949 1442 2400 1507 aduentantem
2470 1446 2654 1525 atque

358 1548 672 1610 astantem
734 1546 1091 1611 columbam
1155 1547 1333 1629 quasi
1396 1565 1589 1612 manu
1645 1548 2102 1630 quodammodo
2165 1566 2280 1612 sua
2325 1548 2531 1631 tetigit
2592 1550 2656 1611 et

356 1650 534 1731 quasi
581 1649 777 1735 digito
818 1650 1135 1716 indicante
1168 1654 1542 1717 monstrauit
1589 1653 1800 1717 dicens
1847 1653 1964 1717 hic
2013 1657 2126 1717 est
2171 1652 2379 1717 filius
2428 1671 2654 1733 1118113,

357 1755 445 1817 ita
505 1754 657 1819 illud
718 1774 959 1838 quoque
1021 1758 1341 1839 proprium
1401 1758 1456 1820 81
1520 1775 1593 1820 ac
1655 1758 1991 1841 singulare,
2054 1758 2217 1840 quod
2262 1756 2656 1841 peculiariter

358 1859 617 1923 dilectus
682 1864 747 1924 et
789 1860 1187 1943 peculiariter
1241 1862 1405 1943 patri
1464 1862 1851 1945 conplacitus
1914 1862 2292 1944 nominatur,
2353 1865 2425 1926 ut
2467 1880 2655 1945 pecu-

358 1964 577 2028 liarem
638 1965 849 2048 utique
920 1970 1179 2030 naturae
1248 1966 1772 2049 significationem
1831 1967 2168 2051 peculiaria
2229 1967 2656 2031 additamenta

278 2092 304 2131 5
360 2073 785 2135 monstrarent
831 2074 892 2134 et
937 2072 1381 2154 proprietatem
1436 2072 1746 2155 unigeniti
1798 2071 1910 2137 filii
1973 2072 2164 2136 etiam
2211 2064 2654 2157 cognominum

358 2174 704 2256 proprietas
738 2175 1158 2256 confirmaret,
1193 2195 1381 2258 quam
1412 2177 1539 2240 iam
1565 2176 1764 2242 honor
1796 2178 2119 2261 signorum
2145 2178 2656 2261 praecedentium

358 2278 846 2361 comprobasset.
924 2281 1035 2344 sed
1072 2281 1201 2343 iam
1238 2280 1433 2344 libelli
1471 2281 1650 2345 istius
1691 2281 1833 2345 finis
1889 2282 1990 2346 sit.
2069 2301 2270 2364 neque
2321 2283 2489 2346 enim
2535 2281 2652 2347 hoc

360 2382 595 2446 dictum
643 2384 739 2447 dei
784 2384 981 2466 patris
1030 2388 1137 2448 aut
1176 2386 1391 2468 augeri
1435 2384 1730 2449 humanis
1764 2386 2158 2452 sermonibus
2191 2390 2300 2451 aut
2331 2388 2658 2469 exaequari

359 2491 583 2570 potest.
665 2489 845 2553 nobis
908 2490 983 2554 de
1048 2490 1297 2555 domino
1360 2495 1573 2556 nostro
1635 2492 1780 2556 Iesu
1829 2492 2074 2558 Christo
2137 2492 2266 2558 filio
2328 2510 2438 2557 suo
2501 2493 2654 2557 satis

358 2611 469 2674 per
501 2612 567 2657 se
599 2593 733 2677 ipse
766 2595 918 2658 deus
949 2597 1129 2676 pater
1160 2595 1417 2659 idoneus
1450 2597 1630 2660 testis
1665 2599 1779 2677 est,
1829 2597 2068 2661 dicens:
2116 2597 2233 2661 hic
2281 2601 2394 2661 est
2439 2597 2653 2661 filius

360 2715 584 2762 meus,
660 2703 729 2763 tu
776 2700 827 2762 si
875 2699 1426 2764 contradicendum
1474 2699 1573 2764 his
1623 2701 1720 2764 dei
1763 2701 1961 2783 patris
2009 2702 2266 2766 uocibus
2313 2704 2518 2783 putaS,
2563 2701 2655 2764 illi

360 2819 399 2866 a
444 2806 505 2866 te
554 2821 807 2868 11888338
854 2809 951 2868 est
997 2805 1352 2885 contradici,
1401 2805 1505 2886 qui
1546 2825 1688 2870 eum
1724 2806 2192 2870 euidentissima
2237 2806 2655 2870 declaratione

359 2906 561 2972 filium
607 2925 793 2972 suum
839 2927 977 2973 esse
1025 2908 1102 2973 ab
1152 2909 1323 2974 omni
1372 2910 1604 2973 mundo
1649 2911 1798 2974 fecit
1845 2911 2118 2993 agnosci.

574 3099 627 3168 1]
667 3098 733 3152 cf.
760 3097 899 3153 Esai.
926 3101 975 3164 9,
1002 3101 1050 3155 6.

453 3272 479 3326 1
517 3271 835 3340 prophetam
874 3273 1000 3328 Mv:
1034 3275 1104 3341 cf.
1140 3271 1201 3340 V,
1234 3276 1285 3342 9,
1321 3276 1355 3326 5
1503 3271 1633 3341 dnm
1671 3287 1930 3340 magnum
1966 3273 2032 3326 N
2167 3275 2200 3328 2
2245 3273 2377 3326 mihi
2414 3290 2514 3329 om.
2554 3272 2654 3341 ΝΡ

361 3361 397 3414 3
433 3357 649 3428 insuper
684 3377 721 3413 a
844 3359 1044 3414 etiam.
1074 3402 1085 3413 .
1116 3402 1127 3414 .
1153 3361 1188 3414 4
1224 3375 1417 3413 nomen
1454 3375 1554 3415 om.
1593 3360 1764 3428 Npav
1886 3360 1921 3413 4
1957 3357 2160 3412 scilicet
2197 3361 2270 3414 M
2386 3363 2418 3414 5
2465 3363 2518 3412 et
2563 3358 2655 3412 ad-

360 3444 521 3499 iectio
567 3447 621 3499 et
656 3463 700 3516 p
842 3449 875 3502 6
920 3445 1211 3516 peculiater
1259 3447 1349 3501 ΜΙ
1492 3445 1815 3514 contegisset
1861 3447 1936 3500 M
1937 3450 1948 3482 ¹
2092 3449 2122 3501 7
2171 3446 2351 3514 itaque
2397 3445 2535 3499 sicut
2563 3489 2572 3499 .
2602 3487 2654 3500 ..

359 3536 397 3590 8
422 3531 644 3587 fuerunt
666 3551 767 3590 om.
796 3535 871 3588 M
968 3537 1001 3590 9
1028 3533 1199 3602 adque
1225 3535 1300 3589 M
1402 3535 1466 3590 12
1492 3534 1540 3587 81
1565 3536 1648 3587 est
1672 3549 1732 3586 ac
1749 3551 1793 3603 p
1901 3533 2190 3602 peculiater
2215 3535 2288 3588 M
2292 3537 2303 3569 ¹
2405 3536 2470 3589 13
2497 3533 2657 3587 dilec-

360 3624 453 3675 tus
488 3623 543 3674 et
576 3620 913 3690 peculiariter
949 3639 1050 3677 om.
1088 3623 1163 3676 M
1284 3624 1349 3676 16
1384 3637 1711 3690 quamquam
1746 3621 1854 3675 iam
1892 3623 1967 3676 M
2077 3623 2141 3676 17
2181 3621 2384 3675 dictum
2420 3621 2523 3675 hoc
2559 3621 2658 3676 Mv

364 3709 435 3764 18
456 3708 626 3777 patris
652 3707 735 3761 dei
764 3709 839 3763 M
930 3709 1143 3776 exquari
1164 3710 1238 3764 M
1334 3711 1402 3764 23
1429 3709 1557 3762 omui
1591 3707 1650 3776 (¹¹i
1686 3709 1812 3763 aad.
1834 3727 1902 3763 m.
1921 3709 1977 3778 2)
2001 3709 2069 3763 N
2170 3708 2399 3777 agnosci.
2427 3706 2659 3776 Explicit

362 3793 432 3848 de
469 3795 831 3849 incarnatione
868 3794 953 3864 5151
990 3795 1127 3849 liber
1164 3795 1413 3850 tertius:-
1479 3795 1681 3865 Incipit
1717 3795 1952 3848 eiusdem
1989 3794 2124 3849 liber
2161 3799 2379 3864 quartus
2415 3796 2483 3850 N
2557 3795 2656 3848 Ex-

360 3881 521 3952 plicit
553 3881 691 3936 liber
724 3883 936 3937 tercius
976 3882 1175 3952 Incipit
1211 3882 1346 3936 liber
1381 3885 1604 3951 quartus
1641 3884 1746 3952 ΜΡ

480 4492 607 4534 xvu.
639 4492 755 4534 Cass.
778 4497 815 4532 1.
2281 4476 2347 4524 26

2704 2290 2782 2344 10
