3167 4975
449 401 572 465 116
1254 399 1568 454 Iohannis
1617 397 1917 454 Cassiani

531 577 615 641 ΙΙ.
665 576 1098 661 Principaliter
1161 578 1328 642 enim
1387 576 1528 642 uitii
1588 576 1775 640 huius
1842 578 2137 641 correctio
2200 575 2275 639 de
2336 575 2533 640 cordis
2594 595 2735 658 per-

446 682 716 747 fectione
763 682 1102 764 descendit,
1151 702 1223 746 ex
1270 700 1392 764 quo
1441 681 1629 746 etiam
1662 681 1846 746 huius
1879 679 2081 744 morbi
2113 681 2283 745 uirus
2317 679 2553 744 domini
2583 699 2735 745 uoce

444 787 692 871 prodire
757 787 1058 871 signatur.
1152 787 1236 850 de
1297 787 1546 867 corde,
1610 786 1834 867 inquit,
1898 788 2173 850 exeunt
2233 785 2733 869 cogitationes

447 892 716 972 malae,
765 891 1197 972 homicidia,
1231 891 1635 970 adulteria,
1670 890 2245 971 fornicationes,
2277 890 2510 970 furta,
2542 889 2737 954 falsa

445 997 885 1061 testimonia
953 999 1016 1060 et
1078 999 1328 1059 cetera·
1395 995 1550 1059 illud
1616 1013 1761 1079 ergo
1824 998 1922 1059 est
1980 994 2273 1078 primitus
2337 995 2733 1078 expiandum,

446 1102 610 1165 unde
658 1101 797 1166 fons
861 1101 1028 1166 uitae
1091 1101 1434 1184 mortisque
1499 1119 1757 1165 manare
1822 1100 2216 1184 cognoscitur
2277 1101 2518 1165 dicente
2564 1099 2737 1166 Salo-

447 1225 660 1272 mone:
709 1207 906 1270 omni
938 1205 1282 1270 custodia
1313 1224 1534 1270 serua
1572 1209 1778 1270 tuum
1828 1224 1975 1272 cor:
2026 1225 2106 1270 ex
2149 1205 2263 1270 his
2312 1206 2508 1270 enim
2562 1208 2738 1269 sunt

447 1313 693 1376 exitus
753 1313 977 1376 uitae.
1057 1328 1198 1376 caro
1263 1310 1432 1374 enim
1495 1311 1627 1374 eius
1690 1310 1947 1375 arbitrio
1994 1314 2181 1393 atque
2226 1311 2487 1394 imperio
2534 1311 2737 1374 famu—

446 1419 627 1482 latur.
707 1419 772 1480 et
815 1416 1040 1481 idcirco
1089 1434 1337 1480 summo
1385 1415 1592 1480 studio
1622 1417 2005 1500 parsimonia
2033 1416 2407 1480 ieiuniorum
2441 1414 2738 1479 sectanda

448 1525 574 1602 est,
641 1541 718 1584 ne
789 1540 1074 1585 esc-arum
1137 1521 1524 1585 abundantia
1583 1521 1819 1586 refecta
1880 1539 2020 1584 caro
2082 1519 2429 1604 praeceptis
2490 1519 2737 1584 animae

447 1625 826 1692 salutaribus
893 1627 1225 1690 aduersata
1283 1629 1592 1692 rectorem
1648 1645 1833 1689 suum
1890 1624 2179 1708 spiritum
2242 1625 2467 1688 deiciat
2510 1624 2737 1688 insole-

449 1750 645 1796 scens,
733 1734 1009 1796 ceterum
1076 1731 1129 1795 si
1191 1749 1444 1796 omnem
1509 1749 1825 1795 summam
1888 1731 1951 1793 in
2012 1729 2423 1813 castigatione
2488 1732 2739 1793 tantum

448 1836 720 1918 corporis
783 1836 1198 1916 conlocemus,
1265 1837 1476 1900 anima
1535 1854 1662 1900 non
1723 1821 2014 1899 similiter
2074 1853 2112 1898 a
2164 1835 2387 1898 ceteris
2434 1833 2604 1898 uitiis
2651 1834 2739 1898 ie—

445 1941 704 2005 iunante
752 1959 866 2004 nec
913 1941 1317 2005 meditatione
1365 1940 1580 2005 diuina
1627 1944 1689 2004 et
1734 1939 2119 2023 spiritalibus
2160 1938 2383 2003 studiis
2416 1942 2737 2022 occupata,

448 2063 842 2127 nequaquam
892 2045 969 2109 ad
1015 2046 1170 2111 illud
1218 2045 1743 2111 sublimissimum
1785 2063 1971 2108 uerae
2003 2044 2380 2128 integritatis
2414 2043 2739 2128 fastigium

447 2151 790 2232 poterimus
839 2151 1195 2231 ascendere,
1241 2151 1349 2215 illo
1397 2150 1561 2232 quod
1604 2150 1664 2213 in
1700 2149 1879 2213 nobis
1912 2152 2008 2214 est
2037 2149 2365 2233 principali
2396 2149 2739 2232 puritatem

447 2255 644 2318 nostri
691 2254 963 2338 eorporis
1003 2255 1360 2319 infestante.
1425 2257 1669 2338 oportet
1700 2273 1845 2338 ergo
1878 2273 1991 2318 nos
2025 2255 2328 2318 mundare
2362 2254 2536 2336 prius
2569 2254 2741 2318 iuxta

449 2359 830 2423 sententiam
862 2359 1096 2423 domini
1127 2361 1191 2423 id
1221 2361 1410 2442 quod
1441 2360 1650 2424 intus
1698 2363 1812 2424 est
1857 2360 2115 2423 calicis
2164 2363 2236 2422 et
2279 2358 2740 2442 parabsidiS,

447 2465 529 2528 ut
574 2463 714 2527 fiat
759 2467 832 2528 et
878 2465 950 2527 id
997 2464 1187 2546 quod
1233 2464 1321 2529 de
1367 2465 1554 2530 foris
1604 2467 1717 2530 est
1760 2465 2131 2530 mundum.

535 2568 652 2632 III.
698 2568 863 2631 Dein
910 2572 1116 2633 cetera
1161 2570 1314 2634 uitia
1360 2571 1546 2635 etiam
1597 2588 1715 2634 usu
1760 2569 2088 2633 hominum
2135 2573 2199 2633 et
2244 2570 2532 2635 exercitio
2588 2571 2741 2635 coti-

451 2673 634 2737 diano
678 2674 934 2758 purgari
980 2675 1187 2738 solent
1235 2678 1298 2739 et
1351 2676 1809 2758 quodammodo
1861 2676 2056 2759 ipsius
2117 2676 2333 2758 lapsus
2396 2674 2739 2740 offensione

450 2779 678 2842 curari:
729 2782 798 2841 ut
841 2782 995 2862 puta
1043 2779 1192 2860 irae,
1240 2780 1554 2861 tristitiae,
1601 2781 2008 2863 inpatientiae
2039 2783 2303 2864 languor
2335 2782 2740 2846 meditatione

451 2884 650 2947 cordis
713 2902 784 2947 ac
843 2883 1132 2968 peruigili
1193 2884 1641 2965 sollicitudine,
1706 2886 1971 2949 fratrum
2034 2886 2220 2949 etiam
2283 2885 2633 2967 frequentia
2680 2889 2740 2950 et

451 2987 710 3052 adsidua
752 2989 1194 3072 prouocatione
1235 2994 1556 3072 sanantur,
1606 2990 1880 3073 dumque
1910 2994 2225 3055 commota
2255 2991 2742 3055 manifestantur

660 3204 716 3274 3]
753 3204 1169 3271 Matth.15‚19.
1277 3206 1334 3277 7]
1371 3206 1529 3261 Pron.
1554 3209 1607 3273 4,
1632 3209 1701 3263 23
1726 3206 1929 3276 (Lxx).
2038 3207 2128 3277 18]
2164 3207 2358 3261 Matth.
2386 3210 2469 3273 23,
2496 3211 2579 3265 26.
2680 3180 2685 3185 ’

541 3410 568 3465 1
608 3408 710 3462 uiti
743 3408 829 3463 Η1
935 3412 968 3463 2
1009 3409 1274 3463 discendit
1309 3410 1392 3463 H¹
1506 3412 1538 3464 3
1573 3408 1797 3478 prodere
1834 3410 1886 3464 L
1992 3408 2181 3477 inquid
2216 3410 2355 3464 AH¹
2464 3413 2495 3465 5
2534 3409 2657 3463 illut
2687 3412 2741 3464 A

454 3493 654 3549 andum
683 3538 693 3548 .
724 3537 734 3549 .
765 3538 775 3548 .
801 3513 918 3565 cap.
947 3500 982 3549 6
1013 3496 1135 3551 init.
1164 3498 1478 3550 cunctorum
1507 3512 1681 3565 expug
1712 3502 1899 3552 extant
1930 3497 1994 3550 in
2033 3496 2080 3551 0
2182 3499 2215 3551 6
2240 3496 2532 3564 mortisque
2560 3497 2743 3551 GGL:

454 3584 508 3636 et
533 3583 720 3635 mortis
745 3600 778 3637 v
836 3600 937 3638 om.
959 3584 1134 3637 AHT
1234 3599 1478 3635 emanare
1501 3584 1568 3637 H
1668 3583 1937 3636 solomone
1956 3584 2093 3638 AG¹
2200 3586 2229 3636 7
2258 3601 2348 3637 cor
2372 3588 2526 3637 tuum
2554 3601 2644 3637 cor
2666 3586 2741 3637 L¹

454 3684 543 3721 cor
589 3671 742 3722 tuum
779 3670 1028 3725 HL²T²v
1134 3674 1168 3725 8
1207 3669 1525 3739 improperio
1563 3672 1638 3725 L¹
1747 3674 1813 3726 10
1856 3688 2067 3724 scarum
2111 3671 2157 3726 G
2275 3671 2646 3725 habundantia
2682 3674 2751 3726 H

453 3754 654 3808 refecta
693 3755 981 3811 CAGLT:
1025 3756 1222 3811 referta
1267 3758 1407 3813 HSv
1555 3759 1615 3813 11
1659 3756 1882 3811 deieciat
1922 3758 1993 3813 G¹
2142 3762 2205 3813 12
2254 3759 2657 3827 castigationem
2700 3760 2744 3813 C

459 3843 522 3896 13
548 3840 881 3896 conlocemus
909 3842 1058 3899 68¹.-
1083 3843 1399 3898 collocemus
1424 3846 1537 3900 rell.
1636 3846 1871 3899 animam
1890 3846 1965 3899 L¹
2055 3844 2379 3898 ieiunantem
2401 3847 2475 3902 L¹
2569 3850 2629 3901 14
2658 3862 2742 3899 oc-

457 3930 705 3996 cupatam
743 3930 818 3983 L¹
950 3933 1015 3985 15
1053 3930 1206 3983 illum
1245 3932 1371 3985 ΑΗ
1493 3930 1722 3985 sublime
1758 3950 1823 3987 ex
1859 3930 2225 3985 sublimissum
2260 3934 2315 3986 L
2448 3937 2513 3989 16
2547 3933 2741 4002 princi-

453 4014 574 4083 pale
613 4015 848 4071 G²LT²v
973 4020 1037 4073 18
1081 4018 1307 4071 sentiam
1345 4019 1398 4073 L
1515 4018 1731 4071 inantus
1767 4020 1820 4074 L
1935 4018 2233 4088 parabsidis
2278 4020 2402 4074 CL:
2444 4020 2743 4089 parapsidis

455 4101 687 4157 AGHT
782 4106 848 4158 20
877 4102 998 4157 dein
1024 4146 1037 4157 .
1067 4146 1077 4157 .
1108 4104 1416 4158 ‚hominum
1443 4122 1599 4161 caan.
1626 4108 1689 4159 in
1717 4106 1763 4161 C
1834 4106 2026 4159 deinde
2050 4108 2135 4162 Lc
2238 4106 2517 4160 hominum
2543 4125 2645 4160 usu
2669 4110 2743 4161 L¹

1028 4194 1067 4225 ta

457 4234 513 4286 et
547 4249 649 4288 om.
686 4233 756 4286 Η
881 4235 1196 4289 exercitione
1242 4234 1508 4290 cotidiana
1552 4238 1622 4291 H
1760 4239 1825 4292 21
1874 4236 2057 4291 labsus
2112 4238 2211 4293 CA
2350 4240 2418 4293 22
2462 4237 2651 4307 langor
2699 4238 2747 4295 Ο

457 4364 524 4419 24
562 4320 829 4418 oommssia
865 4365 934 4418 H

2792 1549 2843 1588 10

2794 2073 2846 2112 15
