3167 4975
263 1600 315 1641 10

264 2125 317 2164 15

258 2651 317 2691 20

258 3175 317 3215 25

934 460 1165 509 contra
1200 456 1583 510 Nestorium
1621 455 1729 509 lib.
1757 456 1850 519 VI,
1893 458 2110 512 12—14.
2535 458 2656 521 341

370 632 771 697 natiuitatem
816 652 952 696 esse
998 632 1243 712 debere,
1292 652 1406 716 ego
1453 632 1778 698 dominum
1824 634 2036 697 Iesum
2078 632 2400 698 Christum
2445 634 2663 699 homo-

370 740 549 802 usion
611 737 805 801 fuisse
867 737 1003 802 dieo
1063 741 1125 801 et
1169 738 1329 820 patri
1388 738 1624 821 pariter
1684 741 1747 801 et
1808 738 2012 802 matri.
2093 757 2204 821 pro
2250 756 2661 821 personarum
2709 749 2744 801 2

370 844 539 907 enim
587 843 945 907 diuersitate
989 842 1255 907 reddidit
1298 843 1539 926 parenti
1582 843 1918 926 unicuique
1951 842 2428 908 similitudinem
2461 862 2661 909 suam.

370 948 715 1011 seeundum
760 947 1153 1012 diuinitatem
1185 948 1353 1011 enim
1401 949 1758 1012 homousios
1804 950 1987 1031 patri,
2035 948 2376 1013 secundum
2409 967 2662 1013 earnem

372 1056 583 1117 autem
641 1052 1003 1119 homousios
1066 1052 1250 1116 matri
1309 1052 1455 1116 fuit:
1518 1070 1643 1117 non
1703 1053 1870 1135 quod
1930 1054 2089 1117 alter
2145 1054 2249 1136 qui
2301 1053 2660 1118 homousios

370 1157 551 1240 patri,
598 1158 755 1221 alter
800 1158 906 1239 qui
953 1158 1308 1221 homousios
1358 1157 1565 1238 matri,
1615 1158 1726 1221 sed
1770 1158 1918 1239 quia
1947 1157 2114 1222 idem
2160 1158 2450 1222 dominus
2483 1159 2661 1224 Iesus

371 1260 657 1327 Christus
719 1266 781 1325 et
839 1262 1027 1326 homo
1088 1280 1353 1326 nascens
1416 1266 1478 1328 et
1532 1262 1684 1327 deus
1747 1263 2070 1345 utriusque
2129 1264 2192 1327 in
2255 1282 2323 1327 se
2383 1263 2661 1347 parentis

368 1367 594 1432 habuit
636 1369 1101 1453 proprietatem,
1162 1368 1316 1432 dum
1376 1372 1441 1433 et
1499 1368 1565 1432 in
1627 1368 1910 1451 eoquod
1952 1370 2141 1435 homo
2204 1372 2314 1433 est
2345 1369 2662 1434 humanae

370 1472 589 1537 matris
636 1472 903 1537 reddidit
936 1472 1434 1554 similitudinem,
1482 1476 1545 1537 et
1588 1474 1652 1537 in
1685 1491 1758 1537 eo
1803 1474 1968 1555 quod
2013 1475 2166 1539 deus
2199 1478 2297 1539 est
2336 1475 2434 1538 dei
2465 1474 2661 1558 patris

368 1576 593 1650 habuit
636 1577 987 1641 ueritatem.

456 1681 665 1745 XIIII.
712 1680 1009 1763 Alioquin
1056 1682 1107 1745 si
1164 1700 1287 1745 non
1332 1682 1497 1746 idem
1547 1681 1831 1747 Christus
1895 1701 1969 1747 ex
2013 1682 2216 1747 Maria
2279 1687 2376 1748 est
2419 1684 2528 1765 qui
2590 1704 2662 1748 ex

371 1786 485 1851 deo
544 1790 750 1865 natuS,
812 1787 965 1851 duos
1027 1786 1263 1868 absque
1319 1787 1507 1851 dubio
1555 1786 1836 1852 Christos
1884 1788 2036 1851 faeis
2101 1789 2446 1853 seeundum
2507 1789 2660 1853 illud

371 1891 607 1954 scilieet
650 1890 1025 1974 Pelagianae
1068 1891 1407 1975 impietatis
1455 1892 1680 1972 seeluS,
1741 1910 1900 1974 quae
1947 1892 2292 1957 solitarium
2340 1893 2660 1958 hominem

372 2014 443 2059 ex
488 1995 729 2077 uirgine
776 1998 997 2059 natum
1029 2014 1313 2060 asserens
1348 1995 1728 2061 eruditorem
1760 2016 1904 2060 eum
1936 1996 2092 2061 dixit
2121 1997 2381 2062 humani
2413 1998 2661 2081 generis

372 2100 573 2183 magis
621 2118 811 2182 quam
856 2100 1317 2184 redemptorem
1361 2102 1574 2183 fuisse,
1623 2102 1770 2183 quia
1809 2119 1935 2166 non
1967 2102 2462 2186 redemptionem
2495 2106 2662 2168 uitae

371 2203 749 2285 hominibus,
799 2204 909 2269 sed
938 2205 1190 2269 uiuendi
1223 2206 1460 2270 dederit
1489 2207 1866 2289 exemplum,
1904 2207 2204 2272 uidelicet
2227 2212 2301 2272 ut
2331 2212 2661 2291 sequentes

371 2328 517 2373 eum
562 2309 869 2390 homineS,
926 2309 1077 2374 dum
1122 2311 1350 2375 similia
1394 2314 1674 2394 agerent,
1724 2311 1801 2375 ad
1849 2312 2198 2376 consimilia
2241 2314 2659 2395 peruenirent.

370 2433 497 2479 una
542 2433 688 2498 ergo
734 2414 1075 2498 impietatis
1121 2420 1371 2480 uestrae
1435 2416 1629 2501 origo,
1691 2417 1909 2480 eadem
1971 2435 2249 2481 errorum
2311 2418 2484 2481 radix
2545 2422 2658 2482 est.

370 2520 457 2583 illi
502 2520 847 2584 solitarium
896 2520 1217 2585 hominem
1264 2541 1335 2585 ex
1366 2521 1571 2586 Maria
1616 2524 1836 2586 natum
1884 2525 2192 2604 asserunt,
2241 2527 2304 2587 et
2349 2527 2418 2588 tu
2465 2524 2662 2587 idem:

373 2625 464 2689 illi
512 2625 711 2688 filium
757 2625 1029 2689 hominis
1078 2643 1116 2689 a
1158 2625 1284 2690 filio
1331 2626 1429 2690 dei
1476 2630 1790 2709 separant,
1841 2630 1903 2691 et
1948 2630 2014 2690 tu
2061 2627 2244 2690 idem.
2325 2628 2416 2691 illi
2457 2629 2664 2692 salua-

370 2734 569 2795 torem
602 2730 779 2794 aiunt
808 2749 918 2812 per
952 2729 1270 2813 baptisma
1301 2730 1622 2796 Christum
1655 2750 1790 2795 esse
1821 2731 2082 2812 factum,
2129 2735 2198 2796 tu
2237 2733 2300 2796 in
2347 2732 2664 2816 baptismo

369 2835 680 2917 templum
725 2833 824 2898 dei
870 2834 1138 2898 factum:
1202 2835 1292 2899 illi
1354 2853 1499 2899 eum
1546 2836 1736 2898 deum
1783 2855 1908 2900 non
1955 2840 2191 2920 negant
2237 2837 2476 2901 factum
2521 2841 2662 2921 post

369 2939 749 3022 passionem,
795 2941 863 3003 tu
911 2957 1105 3023 negas
1154 2939 1343 3004 etiam
1391 2944 1535 3022 post
1580 2941 2030 3004 ascensionem.
2109 2941 2174 3004 in
2220 2960 2344 3005 uno
2378 2960 2525 3025 ergo
2558 2943 2666 3005 adu

371 3043 629 3108 modum
683 3047 932 3108 tantum
989 3044 1183 3108 distat
1241 3047 1456 3109 uestra
1515 3045 1917 3127 peruersitas,
1983 3045 2148 3127 quod
2209 3045 2301 3110 illi
2361 3046 2424 3110 in
2482 3047 2664 3110 terris

372 3147 811 3230 blasphemare
860 3148 1148 3212 uidentur
1193 3148 1539 3230 domiuum,
1604 3151 1672 3213 tu
1735 3153 1800 3214 et
1852 3150 1918 3212 in
1981 3150 2170 3214 eaelo.
2249 3151 2478 3232 uieisti,
2541 3169 2664 3215 non

370 3271 703 3336 negamuS‚
765 3270 919 3334 quos
981 3252 1274 3334 imitaris,
1338 3271 1410 3317 ae
1470 3273 1915 3337 supergressus
1979 3273 2074 3319 es:
2146 3255 2238 3319 illi
2306 3256 2486 3338 quasi
2555 3256 2666 3319 ali-

370 3358 617 3440 quando
664 3357 958 3422 desinunt
1005 3358 1190 3421 deum
1246 3375 1497 3441 negare,
1561 3361 1631 3423 tu
1677 3376 2042 3440 numquam.
2121 3377 2505 3442 quamquam
2551 3379 2666 3424 nee

367 3462 618 3526 illorum
688 3462 773 3526 sit
818 3461 1107 3526 habenda
1152 3462 1229 3526 ad
1274 3463 1534 3546 plenum
1597 3481 1749 3528 uera
1808 3463 2142 3546 confessi0‚
2204 3466 2308 3547 qui
2370 3465 2666 3530 saluatori

369 3571 512 3649 post
555 3567 915 3650 passionem
958 3570 1209 3632 tantum
1255 3567 1555 3632 honorem
1602 3567 1952 3632 diuinitatis
1984 3568 2375 3651 impertiunt,
2425 3573 2667 3634 etcum

371 3691 516 3735 eum
564 3674 710 3735 ante
757 3672 941 3735 deum
991 3676 1244 3756 negent,
1289 3675 1509 3755 postea
1554 3671 1950 3754 confitentur,
1996 3673 2159 3754 quia,
2207 3678 2279 3738 ut
2309 3674 2465 3737 mihi
2495 3674 2664 3737 uide-

370 3780 491 3857 tur,
553 3777 617 3841 in
666 3775 779 3840 deo
826 3777 932 3858 qui
975 3781 1223 3860 partem
1269 3777 1674 3860 denegauerit
1718 3780 1921 3841 totum
1982 3783 2190 3861 negat,
2254 3781 2318 3842 et
2373 3779 2478 3860 qui
2541 3797 2664 3842 non

371 3899 618 3965 semper
650 3883 843 3946 fuisse
874 3883 1198 3946 confessus
1229 3883 1419 3948 fuerit
1450 3901 1700 3966 semper
1732 3886 1949 3964 negat:
1999 3883 2160 3946 sieut
2198 3887 2261 3947 et
2292 3888 2382 3964 tu,
2416 3883 2662 3947 etiamsi
2711 3891 2746 3945 3

461 4073 485 4126 1
514 4069 792 4125 omousion
815 4072 983 4142 NMp
1089 4075 1122 4127 2
1149 4076 1367 4142 propter
1391 4073 1457 4127 N
1558 4075 1593 4128 3
1627 4071 1994 4126 diuersitatem
2019 4073 2086 4128 N
2085 4074 2106 4108 ²
2211 4075 2246 4128 4
2275 4073 2541 4126 omousios
2567 4073 2664 4143 ΝΡ

368 4165 419 4213 et
441 4159 521 4214 sic
538 4161 753 4242 pus-sim
846 4158 1116 4213 omousius
1142 4162 1217 4215 M
1233 4161 1315 4216 bis
1422 4161 1454 4214 5
1482 4159 1588 4214 fuit
1615 4203 1625 4213 .
1656 4202 1666 4212 .
1697 4203 1706 4214 .
1736 4162 1768 4214 6
1793 4159 1954 4214 matri
1979 4177 2079 4215 om.
2108 4162 2183 4215 M
2281 4160 2422 4228 quod
2449 4158 2604 4212 aliter
2619 4179 2664 4230 p

369 4247 401 4300 7
440 4243 569 4298 deus
606 4249 689 4299 est
726 4246 999 4315 utriusque
1026 4248 1123 4318 ΝΡ
1230 4251 1263 4304 9
1300 4251 1383 4301 est
1416 4265 1517 4302 om.
1546 4249 1648 4303 Mv
1755 4251 1820 4302 15
1857 4246 2220 4317 redemptione
2245 4248 2344 4317 ΝΡ
2449 4249 2519 4303 23
2551 4263 2664 4301 am-

368 4331 589 4386 modum
614 4333 683 4388 Ν
791 4335 859 4390 25
898 4333 1057 4387 deum
1091 4335 1167 4389 M
1271 4337 1338 4390 27
1378 4351 1485 4387 non
1522 4351 1716 4405 negare
1750 4336 1816 4390 N
1819 4337 1872 4405 ¹1²
1981 4350 2253 4405 nunquam
2291 4336 2366 4390 M
2463 4337 2532 4391 28
2568 4334 2664 4390 ha-

367 4418 547 4474 benda
580 4418 653 4472 sit
688 4421 789 4477 Mv
1645 4429 1651 4434 '
