3167 4975
514 422 652 478 LVI

515 590 729 654 ordine
793 590 1106 655 inmutato
1169 608 1562 672 nequaquam
1628 588 1993 673 conprobari
2054 591 2264 671 potest
2314 586 2378 649 F
2428 605 2553 651 non
2614 606 2687 651 ex
2740 584 2801 647 Β

517 694 900 777 descriptum
949 714 1104 758 esse.
1184 695 1608 775 concederem,
1658 693 1780 759 nisi
1830 692 1896 755 F
1930 693 2031 757 his
2078 698 2141 757 et
2187 692 2326 757 aliis
2370 692 2526 757 locis
2572 692 2801 774 scrip-

517 802 760 863 turam
822 817 1074 863 ueram
1134 802 1482 864 ceterorum
1528 799 1831 864 librorum
1876 816 2184 862 consensu
2240 796 2696 877 confirmatam,
2742 793 2803 856 Β

515 904 790 967 falsam
836 903 1172 968 exhiberet.
1222 922 1348 985 qua
1386 923 1452 967 re
1499 904 1837 968 manifeste
1866 902 2167 986 probatur
2210 901 2539 967 librarium
2570 900 2803 965 codicis

517 1005 596 1083 B,
667 1012 884 1091 utpote
953 1008 1508 1091 indiligentiorem,
1578 1008 1861 1073 ordinem
1928 1006 2265 1072 uerborum
2330 1006 2397 1071 iu
2467 1006 2803 1089 archetypo

518 1112 850 1176 inuentum
896 1112 1064 1176 haud
1120 1131 1259 1177 raro
1308 1132 1388 1177 ex
1435 1112 1757 1177 arbitrio
1806 1116 2108 1193 mutasse,
2168 1111 2497 1176 librarium
2556 1108 2622 1171 F
2656 1127 2805 1174 uero

519 1216 896 1299 scripturam
963 1217 1262 1281 traditam
1329 1217 1776 1301 religiosius
1838 1235 2140 1281 seruasse.
2220 1217 2387 1298 quod
2446 1219 2659 1280 autem
2728 1214 2807 1279 ad

518 1321 826 1385 uocabula
872 1322 1114 1385 adtinet
1158 1322 1221 1385 in
1275 1320 1340 1383 F
1376 1325 1646 1401 seruata,
1702 1322 1938 1386 omissa
1982 1322 2047 1385 in
2092 1319 2175 1401 B,
2221 1320 2331 1385 illa
2374 1319 2702 1385 librarium
2750 1316 2818 1379 F

520 1444 721 1507 neque
771 1444 842 1487 ex
885 1444 996 1490 suo
1043 1425 1294 1510 ingenio
1335 1426 1562 1489 addere
1602 1426 1882 1509 potuisse
1927 1445 2129 1508 neque
2176 1444 2247 1489 ex
2288 1426 2482 1490 altero
2514 1424 2808 1507 quopiam

521 1531 860 1613 exemplari
890 1530 1220 1612 recepisse,
1269 1531 1380 1594 sed
1408 1530 1472 1595 in
1505 1530 1843 1613 archetypo
1876 1531 2109 1594 tradita
2136 1528 2487 1613 repperisse
2519 1528 2809 1611 equidem

521 1634 914 1699 contendam.
952 1635 1190 1699 accedit
1221 1636 1385 1717 quod
1418 1636 1482 1698 in
1516 1633 1577 1696 Β
1602 1636 1735 1699 siue
1760 1633 1845 1696 Β1
1874 1636 2111 1699 multae
2142 1634 2443 1699 lectiones
2474 1636 2811 1697 occurrunt

520 1739 964 1803 dissentientes
1010 1739 1265 1821 quidem
1313 1758 1350 1803 a
1383 1740 1766 1821 reliquorum
1814 1740 2096 1803 omnium
2141 1739 2447 1803 librorum
2480 1738 2810 1821 scriptura,

522 1842 933 1908 nihilominus
982 1846 1195 1907 tamen
1242 1845 1582 1928 genuinae:
1640 1862 1796 1926 quas
1844 1862 1967 1926 qua
2014 1862 2203 1907 causa
2247 1844 2473 1907 ductus
2518 1842 2812 1905 librarius

524 1946 590 2007 F
626 1948 954 2032 neglegere
987 1948 1280 2012 maluerit
1324 1967 1516 2030 quam
1546 1948 1841 2031 recipere,
1890 1948 1944 2012 si
1991 1948 2269 2013 codicem
2301 1946 2363 2010 Β
2393 1946 2808 2027 describebat,

523 2052 695 2116 nullo
729 2052 912 2115 modo
941 2052 1174 2135 poterit
1203 2053 1504 2137 intellegi.
1552 2054 1765 2135 itaque
1798 2072 1941 2117 cum
1976 2053 2130 2117 satis
2176 2056 2419 2117 certum
2466 2051 2551 2115 sit
2600 2048 2666 2111 F
2687 2068 2811 2115 non

523 2176 556 2220 e
601 2154 662 2217 Β
707 2175 844 2220 esse
892 2157 1298 2240 descriptum,
1360 2157 1516 2222 nihil
1563 2158 1691 2222 iam
1735 2158 2111 2239 relinquitur
2170 2156 2294 2221 nisi
2341 2161 2411 2220 ut
2458 2159 2813 2221 statuamus

524 2265 860 2342 utrumque
907 2261 1186 2325 codicem
1249 2262 1326 2325 ad
1371 2262 1538 2325 idem
1586 2263 1901 2345 exemplar
1964 2262 2371 2345 archetypum
2416 2260 2815 2324 referendum

525 2384 682 2445 esse,
743 2366 834 2429 ita
893 2369 1128 2446 tamen,
1189 2370 1262 2430 ut
1319 2364 1381 2428 Β
1443 2386 1514 2430 ex
1577 2367 1685 2431 illo
1746 2366 1882 2449 ipso
1942 2384 1981 2429 a
2037 2365 2292 2430 librario
2354 2364 2815 2449 indiligentiore

524 2470 874 2554 descriptus
909 2470 1010 2552 sit,
1055 2469 1119 2533 F
1142 2491 1214 2535 ex
1246 2470 1441 2536 altero
1483 2472 1763 2536 eiusdem
1808 2471 2129 2554 archetypi
2162 2470 2517 2556 apographo
2549 2468 2812 2534 fluxerit.

1339 2634 2004 3107 fx,

609 3199 669 3265 3.
717 3201 814 3264 De
860 3202 1070 3266 codice
1113 3201 1459 3267 Parisieusi
1505 3203 1582 3266 cf.
1619 3224 1677 3286 p.
1712 3203 2041 3267 XXXIIII.

613 3303 674 3369 4.
701 3305 876 3370 Uati
893 3324 1124 3370 canus
1148 3305 1566 3371 bibliothecae
1590 3308 1845 3391 reginae
1870 3306 2127 3372 Sueciae
2157 3307 2280 3371 140
2306 3327 2463 3372 saec.
2484 3309 2821 3374 VIIII—X

530 3410 636 3474 fol.
675 3409 888 3473 3—-26
937 3409 1112 3475 Conl.
1147 3411 1364 3474 XVIII
1411 3416 1471 3475 et
1514 3411 1765 3476 XVIIII
1810 3431 2008 3494 usque
2054 3414 2133 3477 ad
2180 3431 2311 3496 cap.
2354 3413 2425 3474 11
2470 3413 2575 3478 fin.
2643 3423 2819 3476 tran-

532 3512 930 3597 quillitatem
983 3535 1096 3576 nos
1151 3514 1382 3577 mentis
1441 3513 1826 3578 immobilem
1882 3517 2179 3582 continet.
2250 3519 2355 3582 fol.
2390 3518 2466 3581 3⁸
2511 3519 2615 3583 hie
2660 3519 2821 3584 indi-

531 3618 709 3683 culus
756 3620 1013 3703 legitur:
1085 3617 1164 3680 In
1209 3619 1462 3682 nomine
1507 3629 1769 3683 sanctae
1832 3619 2160 3683 trinitatis
2207 3622 2327 3684 kae
2388 3632 2542 3685 sunt
2588 3621 2661 3685 in
2708 3625 2823 3686 hoc

531 3721 742 3786 codice
772 3721 1146 3786 collationes
1191 3733 1426 3808 septem
1471 3723 1546 3786 id
1592 3733 1683 3787 est
1728 3722 1987 3787 abbatis
2028 3725 2301 3810 piamon
2350 3725 2426 3789 de
2469 3725 2683 3790 tribus
2726 3750 2820 3813 9e-

531 3825 797 3889 neribus
821 3827 1278 3889 monachorum
1303 3826 1558 3890 abbatis
1585 3827 1891 3890 iohannis
1920 3829 1995 3892 de
2004 3829 2141 3910 fine
2166 3829 2533 3894 coenobitae
2557 3841 2615 3894 et
2648 3833 2821 3894 kere-

531 3930 744 3994 mitae.
806 3928 1080 3993 Abbatis
1119 3932 1452 4016 penuphii
1493 3930 1568 3994 de
1607 3932 2014 4017 penitentiae
2046 3933 2184 4018 fine
2230 3945 2288 3996 et
2334 3935 2821 4020 satisfactionis

535 4032 784 4097 indicio
815 4031 1089 4097 Abbatis
1138 4037 1358 4098 theone
1406 4035 1480 4099 cle
1527 4036 1905 4100 remissione
1951 4039 2585 4126 quinquayensimae.
2657 4041 2821 4104 eius-

536 4138 676 4202 dem
701 4137 777 4201 de
800 4137 1140 4202 nocturnis
1165 4139 1615 4203 illusionibus.
1664 4141 1949 4204 eiusdem
1976 4141 2051 4206 de
2075 4154 2500 4208 anamartetO.
2546 4143 2821 4208 Abbatis

535 4240 900 4304 habraham
918 4241 996 4305 cle
1017 4242 1530 4326 mortificatione.
1564 4246 1753 4310 codex
1778 4247 2004 4312 uitiose
2031 4252 2093 4313 et
2119 4250 2522 4335 neglegenter
2550 4251 2821 4334 scriptus

536 4350 634 4410 est
680 4365 882 4430 neque
929 4349 1170 4412 iactura
1215 4349 1468 4414 maioris
1517 4351 1651 4414 eius
1695 4352 1895 4433 partis
1943 4354 2216 4416 multum
2262 4353 2543 4418 dolenda.
