3167 4975
271 1565 320 1602 10

271 2085 322 2126 16

1139 427 1298 480 Inst.
1336 425 1442 480 lib.
1482 425 1615 490 1111,
1657 429 1872 482 14—16.
2574 426 2655 490 57

369 623 590 689 opera
648 604 1062 684 hominum,
1135 605 1403 669 uirtutes
1464 605 1673 687 potius
1736 623 1895 687 quae
1958 604 2121 687 apud
2184 604 2323 668 illos
2388 607 2533 669 sunt
2598 607 2657 668 et

371 711 546 790 haec,
601 729 758 792 quae
806 727 919 773 nos
967 728 1210 791 quoque
1259 711 1429 774 omni
1476 710 1685 774 studio
1732 709 2035 774 debemus
2084 710 2393 792 adpetere,
2441 713 2660 792 coepto

371 814 746 879 narrationis
793 814 1006 878 ordine
1054 833 1505 898 persequamur
1551 815 1847 898 ipsasque
1888 815 2015 878 iam
2062 815 2312 898 regulas
2360 833 2433 878 ac
2479 819 2659 898 typos

371 919 605 984 cursim
665 918 1062 1002 breuiterque
1123 939 1463 1002 ponamuS,
1526 923 1598 984 ut
1659 921 2099 1003 peruenientes
2161 923 2300 1002 post
2364 919 2519 984 haec
2582 921 2661 984 ad

373 1025 677 1106 quosdam
739 1027 918 1090 actus
980 1027 1044 1088 et
1103 1043 1292 1109 opera
1351 1025 1691 1106 seniorum,
1761 1044 1919 1107 quae
1984 1025 2260 1090 studiose
2322 1025 2661 1088 111emoriae

373 1129 670 1192 mandare
741 1129 1156 1211 disponimus,
1224 1130 1378 1194 haec
1447 1148 1607 1212 quae
1679 1132 1893 1194 nostra
1960 1129 2343 1212 expositione
2415 1131 2663 1213 digesta

375 1237 522 1297 sunt
568 1233 743 1297 uelut
789 1234 1170 1298 testimoniis
1225 1234 1637 1300 ualidissimis
1700 1234 2084 1314 roboremus,
2148 1235 2442 1298 uniuersa
2504 1253 2662 1316 quae

375 1339 643 1402 diximus
691 1339 990 1422 exemplis
1038 1357 1252 1404 eorum
1307 1340 1514 1422 potius
1562 1359 1635 1404 ac
1681 1341 1849 1404 uitae
1898 1339 2269 1404 auctoritate
2318 1339 2657 1404 firmantes.

461 1439 630 1507 XVI.
679 1441 741 1507 Si
791 1444 931 1525 quis
979 1444 1172 1527 igitur
1230 1444 1530 1527 gillonem
1594 1444 1874 1525 fictilem,
1936 1463 2123 1526 quem
2186 1444 2279 1508 illi
2333 1443 2659 1508 baucalem

375 1552 760 1631 nuncupant,
809 1567 966 1612 casu·
1005 1549 1214 1632 aliquo
1261 1550 1537 1632 fregerit,
1588 1568 1711 1614 non
1760 1550 1939 1613 aliter
1986 1549 2451 1632 neglegentiam
2484 1567 2663 1612 suam

375 1671 566 1734 quam
611 1652 862 1736 publica
909 1654 1106 1718 diluet
1151 1655 1560 1736 paenitentia,
1608 1655 1975 1737 cunctisque
2018 1655 2080 1719 in
2115 1654 2330 1738 synaxi
2362 1653 2663 1719 fratribus

377 1759 770 1841 congregatis
835 1758 1076 1822 tamdiu
1137 1762 1488 1840 prostratus
1550 1759 1617 1823 in
1679 1763 1910 1823 terram
1975 1759 2225 1824 ueniam
2296 1758 2664 1841 postulabit,

377 1863 570 1926 donec
617 1863 972 1928 orationum
1019 1867 1491 1928 consummetur
1537 1864 1953 1944 sollemnitas,
2014 1863 2443 1946 inpetraturus
2504 1881 2665 1942 eam,

379 1985 524 2030 cum
570 1967 778 2030 iussus
825 1968 1016 2032 fuerit
1062 1967 1312 2032 abbatis
1361 1968 1586 2032 iudicio
1636 1970 1710 2032 de
1744 1969 1875 2032 solo
1909 1988 2181 2052 surgere.
2232 1969 2451 2032 eodem
2484 1969 2665 2032 modo

380 2071 746 2152 satisfaciet,
793 2073 1078 2154 quisquis
1126 2073 1200 2137 ad
1248 2091 1405 2156 opus
1453 2073 1703 2155 aliquod
1751 2074 2089 2138 accersitus
2138 2075 2238 2138 uel
2287 2074 2363 2138 ad
2410 2091 2669 2156 congre-

379 2177 698 2260 gationem
749 2178 1000 2241 solitam
1048 2179 1288 2241 tardius
1335 2177 1673 2242 occurrerit
1720 2181 1828 2242 aut
1876 2178 1928 2242 si
1976 2179 2317 2243 decantans
2350 2179 2668 2262 psalmum

381 2282 481 2346 uel
543 2281 858 2346 modicum
919 2282 1310 2363 titubauerit,
1374 2283 1666 2347 similiter
1712 2284 1766 2347 si
1812 2282 2145 2366 superfluo,
2208 2283 2259 2347 si
2315 2284 2551 2363 duriuS,
2612 2283 2667 2346 si
2716 2291 2751 2344 2

381 2386 814 2452 contumacius
859 2387 1270 2470 responderit,
1319 2387 1380 2450 si·
1405 2388 1841 2470 neglegentius
1882 2386 2184 2470 obsequia
2212 2389 2495 2453 iniuncta
2526 2405 2672 2452 con-

381 2493 667 2575 pleuerit,
731 2492 784 2557 si
829 2494 930 2557 uel
992 2493 1213 2557 leuiter
1261 2494 1771 2574 murmurauerit,
1837 2494 1890 2558 si
1946 2495 2281 2559 lectionem
2343 2496 2513 2579 operi
2570 2494 2669 2557 uel

381 2596 810 2662 oboedientiae
857 2598 1213 2680 praeferens
1261 2598 1468 2689 officia
1514 2602 1756 2663 statuta
1804 2600 2057 2683 segnius
2099 2599 2287 2663 fuerit
2320 2602 2670 2677 exsecutus,

383 2702 436 2765 si
483 2702 748 2766 dimissa
791 2703 1010 2785 synaxi
1058 2721 1181 2767 non
1229 2703 1510 2768 concitus
1560 2704 1638 2767 ad
1685 2704 1911 2768 cellam
1958 2722 2271 2768 recurrere
2333 2704 2669 2783 festinarit,

383 2806 437 2870 si
483 2825 626 2871 eum
675 2806 880 2888 aliquo
928 2806 1030 2871 uel
1077 2808 1154 2871 ad
1203 2808 1520 2872 modicum
1568 2807 1925 2872 substiterit-
1972 2796 2087 2873 'uel
2134 2809 2187 2873 si
2234 2809 2311 2873 ad
2366 2812 2669 2891 punctum

383 2911 684 2994 temporis
731 2910 977 2993 uspiam
1025 2912 1374 2991 secesserit,
1424 2912 1478 2975 si
1510 2912 1768 2977 alterius
1802 2914 2073 2977 tenuerit-
2106 2930 2387 2993 manum,
2434 2914 2489 2977 si
2528 2932 2671 2976 cum

383 3015 512 3095 illo,
573 3016 678 3097 qui
726 3017 920 3081 cellae
967 3035 1117 3081 suae
1165 3017 1559 3082 cohabitator
1606 3036 1729 3082 non
1778 3022 1895 3099 est,
1958 3018 2347 3083 confabulari
2403 3022 2674 3102 quantu-

312 3146 327 3169 »
383 3120 786 3202 lumcumque
833 3122 1346 3204 praesumpserit,
1395 3123 1448 3185 si
1495 3123 1767 3186 orauerit
1813 3141 1959 3187 cum
2008 3123 2113 3188 illo
2159 3124 2265 3205 qui
2298 3128 2390 3187 est
2426 3122 2503 3187 ab
2538 3142 2675 3187 ora-

385 3226 554 3288 tione
603 3244 966 3309 suspensuS,
1024 3227 1078 3290 si
1123 3231 1457 3309 parentum
1505 3228 1868 3310 quempiam
1916 3228 2016 3291 uel
2066 3228 2412 3293 amicorum
2458 3246 2674 3292 saecu-

385 3329 612 3393 larium
675 3331 904 3395 uiderit
963 3332 1065 3395 uel
1127 3332 1493 3396 conlocutus
1541 3332 1631 3395 eis
1681 3332 1815 3397 sine
1873 3351 1985 3397 suo
2050 3334 2233 3397 fuerit
2297 3333 2558 3413 seniore,
2620 3333 2674 3397 si

472 3609 505 3664 3
527 3624 910 3677 prosequamur
933 3628 965 3665 v
1070 3609 1209 3679 tipos
1239 3610 1312 3665 G1
1385 3612 1542 3681 typus
1570 3612 1653 3666 Η1
1763 3614 1793 3667 5
1821 3614 1965 3666 actos
1991 3614 2065 3667 13ι
2171 3616 2203 3667 6
2230 3611 2589 3682 disputatione
2617 3614 2685 3669 H

386 3694 604 3764 degesta
639 3697 722 3750 Η1
831 3699 861 3751 ’7
899 3696 1059 3749 uelud
1099 3698 1260 3752 ΗῙΙ,1
1368 3702 1400 3751 9
1437 3698 1606 3753 XIIII
1642 3700 1713 3754 H
1810 3699 2079 3767 gyllonem
2120 3699 2361 3769 fyetilem
2386 3702 2439 3755 L
2546 3700 2677 3753 bau-

386 3783 552 3837 eale-m
577 3784 682 3839 L².·
715 3782 974 3838 baucalen
1001 3786 1076 3839 L¹
1148 3785 1425 3853 paucalem
1457 3788 1508 3841 G
1577 3786 1877 3840 blauealem
1904 3788 1971 3842 II
2074 3792 2137 3843 10
2176 3804 2327 3841 cassu
2361 3790 2437 3843 L¹
2546 3788 2677 3841 frin-

383 3874 532 3940 geret
571 3872 652 3926 Η1
771 3871 964 3941 neglig.
1008 3872 1082 3927 G¹
1209 3876 1270 3929 11
1315 3872 1528 3943 puplica
1567 3876 1651 3929 Ηι
1765 3875 2061 3943 penitentia
2102 3876 2228 3931 (ΡΙ,
2301 3876 2497 3944 poenit.
2542 3876 2685 3929 (ΡΗ

384 4002 552 4056 sinaxi
591 4004 660 4057 H
779 4006 841 4058 12
877 4006 1022 4057 terra
1060 4004 1127 4059 3²
1249 4004 1538 4073 postolabit
1575 4006 1629 4059 L
1764 4010 1822 4062 14
1874 3972 1990 4071 cqim
2036 4006 2197 4060 fuerit
2237 4005 2445 4060 abbatis
2483 4004 2679 4059 iudicio

386 4134 534 4187 iusus
587 4134 640 4187 L
794 4137 857 4189 15
905 4134 1186 4187 arcessitus
1233 4136 1302 4189 II
1449 4140 1512 4192 18
1560 4136 2029 4205 contumaciusque
2076 4138 2128 4191 L
2275 4141 2337 4193 19
2384 4152 2679 4191 murmora-

387 4221 530 4273 uerit
573 4221 648 4275 1⁴¹
789 4223 858 4275 20
903 4224 1151 4275 executus
1203 4222 1330 4276 G²L
1435 4225 1501 4278 21
1543 4224 1711 4277 sinaxi
1759 4225 1826 4277 ΙΙ
1926 4224 2083 4277 eitius
2126 4225 2194 4278 II
2294 4224 2559 4277 festinarit
2604 4224 2683 4277 G.-

387 4308 728 4362 festinauerit
752 4309 902 4363 HLv
1003 4311 1073 4363 22
1099 4308 1402 4363 subsisterit
1424 4312 1490 4365 Π
1586 4314 1659 4366 23
1685 4311 1961 4365 recesserit
1978 4312 2053 4365 L¹
2160 4314 2226 4367 24
2254 4310 2577 4365 cohabeatur
2596 4312 2681 4365 Η1

391 4410 498 4447 non
537 4398 618 4447 est
652 4394 742 4463 hic
779 4395 968 4479 incipit
1005 4395 1336 4451 confabulari
1373 4398 1524 4464 (sid)
1563 4400 1616 4451 G
1744 4402 1810 4453 27
1850 4398 2203 4467 conloquutus
2240 4400 2289 4453 L
