3167 4975
2426 414 2679 473 XVIIII

379 608 440 653 a.
483 588 654 651 1884
697 589 954 653 Parisiis
1017 591 1548 653 commorantem:
1616 587 1669 652 is
1730 606 1840 670 per
1900 586 2143 650 litteras
2192 604 2291 649 me
2352 584 2679 649 certiorem

379 694 540 757 fecit
587 696 816 777 ipsum,
863 694 1259 773 Brandtium‚
1307 692 1699 772 Omontium,
1760 691 2143 773 Dupresium
2186 689 2253 754 in
2301 708 2373 753 eo
2420 706 2681 753 consen-

381 800 528 878 tire,
593 802 662 863 ut
709 798 994 863 Cassiani
1055 797 1246 861 libros
1303 797 1554 861 saeculo
1611 796 1852 860 decimo
1914 796 2169 859 ineunte
2217 794 2483 879 scriptos
2544 812 2681 857 esse

379 906 704 985 putarent.
753 906 1033 966 ceterum
1079 902 1242 967 hanc
1289 902 1520 966 codicis
1565 904 1813 984 partem
1860 919 1896 964 a
1940 900 2193 983 scriptis
2224 898 2481 980 reliquis
2529 897 2679 962 olim

379 1010 746 1091 separatam
794 1007 988 1071 fuisse
1021 1007 1164 1070 inde
1210 1005 1530 1089 probatur,
1579 1006 1743 1088 quod
1789 1004 1895 1068 fol.
1931 1002 2044 1067 93¹²
2081 1004 2144 1067 in
2192 1003 2475 1087 margine
2522 1001 2681 1066 infe-

379 1113 550 1176 riore
597 1112 848 1196 signum
895 1110 1322 1193 quaternionis
1368 1110 1556 1193 primi
1601 1110 1685 1193 (Ι)
1732 1110 2007 1193 positum
2056 1112 2169 1172 est.
2244 1107 2527 1173 Cassiani
2577 1106 2681 1171 In-

383 1216 754 1280 stitutiones
799 1216 1025 1280 uitiose
1073 1219 1136 1279 et
1183 1216 1585 1299 neglegenter
1646 1214 1914 1297 scriptae
1960 1213 2321 1297 passimque
2368 1212 2599 1295 partim
2646 1229 2683 1273 a

381 1322 598 1403 prima
640 1321 871 1403 partim
919 1340 956 1385 a
1003 1322 1278 1385 secunda
1321 1338 1513 1384 manu
1560 1323 1873 1384 correctae
1921 1324 2086 1383 sunt.

477 1451 536 1516 6.
583 1452 1104 1516 Laudunensis
1135 1452 1422 1536 signatus
1450 1448 1595 1513 ‘328
1620 1449 1739 1514 bis*
1774 1468 1933 1515 saec.
1960 1450 2171 1529 VIIII,
2202 1450 2407 1513 forma
2438 1452 2680 1526 octaua,

385 1558 498 1621 fol.
537 1555 684 1637 146,
731 1576 768 1620 a
811 1556 1098 1639 pluribus
1159 1556 1451 1621 manibus
1499 1556 1905 1639 neglegenter
1967 1555 2357 1637 conscriptus
2406 1554 2681 1634 itemque

383 1661 747 1745 apluribus
791 1661 1034 1744 passim
1065 1665 1378 1725 correctus
1411 1664 1524 1724 est.
1562 1661 1666 1724 fol.
1706 1658 1771 1721 lb
1806 1660 1959 1723 haec
1990 1660 2319 1743 leguntur:
2375 1655 2685 1720 Cassiani

381 1763 801 1827 wlassilitani
843 1760 966 1849 Ρῖἱς
1019 1764 1026 1851 Ι
1078 1763 1242 1827 libri
1282 1764 1358 1827 de
1399 1763 1589 1827 abitu
1636 1764 2099 1826 ‘monachorum
2134 1762 2141 1849 Ι
2174 1770 2233 1825 et
2266 1760 2343 1825 de
2374 1762 2683 1823 canonico

383 1869 702 1932 orationi}
745 1878 938 1953 atque
977 1868 1408 1955 psalmorum
1453 1868 1639 1932 modo
1684 1868 1971 1932 secunda
2014 1865 2318 1954 cqypltios
2364 1886 2539 1929 unus
2588 1866 2683 1929 in-

923 1975 1032 2015 liber·

999 2031 1093 2047 ,ιιι

385 2140 532 2195 octo
569 2130 1084 2217 prinicipalium
1127 2130 1452 2193 uitiorum
1499 2129 1663 2193 libri
1703 2132 1713 2216 Ι
1754 2140 1887 2193 octo
1934 2128 2221 2193 eiusdem
2269 2128 2345 2192 de
2391 2128 2625 2192 ordine
2674 2127 2681 2215 Ι

384 2236 781 2299 monasterii
828 2234 997 2299 liber
1027 2258 1220 2299 unus.
1284 2235 1711 2319 subscriptum
1760 2240 1857 2299 est
1901 2236 2006 2300 fol.
2047 2234 2229 2299 139b:
2274 2233 2577 2320 Eaeplicit
2611 2232 2687 2296 de

388 2338 528 2427 effu
551 2338 904 2425 superbiae
922 2338 1254 2426 feliciter:
1283 2338 1531 2425 Incipit
1559 2338 1635 2403 de
1659 2338 1889 2402 ordine
1913 2338 2311 2403 monasterii.
2340 2344 2687 2422 sequuntur

387 2447 650 2531 regulae
681 2464 839 2529 quae
871 2445 1215 2530 Augustini
1247 2464 1382 2510 esse
1416 2445 1709 2510 dicuntur
1740 2444 2015 2510 secunda
2044 2449 2107 2512 et
2136 2444 2341 2528 prima
2380 2445 2498 2510 hac
2539 2444 2687 2510 sub-

389 2551 738 2634 scriptione
785 2551 849 2614 in
896 2551 1002 2616 fol.
1041 2548 1191 2613 145⁵
1243 2551 1483 2614 addita:
1545 2549 1705 2635 «περὶ
1756 2548 2013 2636 Reyula
2064 2547 2373 2614 Cassiani
2402 2548 2687 2634 felicit:-

489 2681 546 2745 7.
597 2681 744 2746 eod.
781 2683 930 2746 olim
961 2681 1205 2766 Augiae
1237 2681 1490 2745 maioris
1525 2699 1693 2744 nunc
1726 2679 2337 2745 Caroliruhensis
2368 2681 2684 2763 CLXIIII,

393 2804 562 2851 saec.
608 2785 817 2867 VIIII,
879 2786 1084 2850 forma
1137 2789 1380 2866 octaua,
1441 2785 1547 2849 fol.
1588 2783 1729 2848 112.
1796 2784 2015 2868 incipit
2059 2785 2165 2849 fol.
2211 2785 2314 2848 7⁸:
2392 2784 2691 2848 uidimus

391 2891 624 2974 itaque
665 2887 958 2952 abbatem
991 2889 1402 2975 pinuphium
1442 2889 1620 2972 (1111,
1652 2888 1783 2972 30).
1832 2889 2065 2953 librum
2112 2891 2339 2954 uitiose
2386 2891 2691 2974 scriptum

394 3001 464 3059 et
510 2995 960 3078 interpolatum
993 2995 1264 3078 exceptis
1295 2993 1872 3077 capitulationibus,
1920 3013 2075 3076 quas
2108 2995 2386 3078 integras
2432 2997 2690 3075 contuli,

397 3100 480 3164 ad
517 3118 622 3165 eos
654 3103 906 3164 tantum
927 3101 1096 3164 locos
1129 3097 1406 3179 adhibui,
1441 3097 1671 3180 quibus
1698 3099 1939 3162 codices
1972 3099 2260 3163 meliores
2288 3099 2687 3165 dissentiunt.

489 3204 766 3268 Maxime
813 3204 989 3268 doleo
1035 3205 1322 3268 fortunae
1379 3203 1715 3285 iniquitate
1762 3203 2002 3267 factum
2048 3222 2205 3284 esse,
2260 3207 2333 3267 ut
2378 3205 2500 3268 duo
2547 3203 2692 3269 libri

395 3309 649 3390 antiqui
709 3307 858 3372 huic
919 3307 1175 3372 editioni
1236 3307 1378 3371 usui
1440 3327 1578 3371 esse
1643 3325 1767 3371 non
1828 3309 2089 3389 possint.
2170 3307 2328 3372 alter
2392 3311 2487 3372 est
2534 3308 2693 3372 Ses-

397 3413 754 3476 sorianus
801 3411 1004 3476 LXVI
1059 3431 1221 3476 saec.
1267 3411 1476 3492 VIIII,
1540 3429 1578 3476 a
1631 3411 2142 3476 Reifferscheidio
2198 3410 2439 3493 (BPLI,
2484 3413 2605 3476 uol.
2642 3414 2693 3494 Ι,

395 3538 460 3600 p.
505 3515 655 3598 137)
702 3516 1070 3599 descriptus,
1140 3516 1330 3598 hunc,
1388 3535 1532 3580 cum
1579 3535 1635 3579 a.
1676 3513 1839 3578 1883
1886 3515 2121 3580 Romae
2168 3533 2393 3596 essem,
2458 3517 2695 3580 frustra

395 3619 708 3703 quaesiui.
786 3638 938 3686 nam
999 3639 1200 3703 neque
1262 3621 1326 3684 in
1374 3619 1761 3684 bibliotheca
1816 3639 1974 3702 quae
2022 3619 2284 3684 Uictorii
2330 3621 2694 3685 Emanuelis

399 3725 666 3790 nomine
724 3725 895 3809 regio
950 3725 1216 3808 insignis
1277 3729 1376 3788 est
1435 3725 1643 3790 extitit
1688 3743 1889 3807 neque
1935 3725 2340 3808 BartoliniuS,
2388 3724 2585 3789 abbas
2635 3730 2697 3789 et

401 3828 920 3894 bibliothecarius
977 3829 1342 3893 monasterii
1397 3827 1766 3910 Sessoriani,
1830 3848 1950 3912 quo
2014 3830 2258 3894 delatus
2322 3834 2489 3894 esset
2552 3849 2697 3894 cum

395 3932 792 3997 bibliotheca
821 3933 1188 3998 monasterii
1218 3934 1284 3998 in
1323 3934 1789 4016 possessionem
1834 3935 2001 4018 regis
2047 3935 2243 4015 uenit,
2292 3933 2447 3998 mihi
2494 3933 2699 3998 dicere

402 4040 526 4102 aut
553 4039 754 4120 potuit
784 4042 895 4102 aut
919 4039 1137 4103 uoluit.
1188 4039 1478 4120 equidem
1504 4057 1645 4101 eum
1682 4057 1826 4102 cum
1850 4039 1991 4102 aliis
2021 4038 2202 4103 libris
2225 4039 2698 4121 pretiosissimis

403 4141 692 4206 eiusdem
737 4143 1100 4207 monasterii
1146 4142 1364 4207 furtim
1413 4142 1749 4225 abreptum
1794 4163 1960 4208 nunc
2006 4145 2203 4208 latere
2247 4147 2420 4225 put0,
2482 4143 2700 4225 deper-

405 4245 624 4308 ditum
669 4265 838 4332 nego.
891 4249 1000 4312 sed
1047 4253 1118 4312 ut
1177 4247 1408 4312 codicis
1452 4249 1726 4332 pretium
1788 4249 1889 4312 uel
1944 4248 2184 4312 indoles
2249 4248 2513 4311 lectores
2576 4265 2699 4312 non

405 4348 666 4432 penitus
707 4351 919 4435 lateat,
983 4355 1212 4418 salt-em
1255 4371 1488 4436 paucas
1535 4353 1877 4417 lectionum
1924 4353 2173 4417 illarum
2239 4371 2395 4435 quas
2442 4352 2701 4417 Reiffer-

2316 4453 2419 4506 2¹·-
