3167 4975
494 423 618 487 192
1299 423 1614 477 Iohannis
1659 423 1971 479 Cassiani

579 599 783 664 XXII.
841 600 959 664 His
1027 601 1238 682 itaque
1309 601 1610 683 exemplis
1678 620 1789 683 per
1855 601 2217 684 Aegyptum
2285 605 2493 684 patres
2563 602 2789 666 eruditi

491 705 662 769 nullo
710 703 893 769 modo
934 705 1160 770 otiosos
1209 725 1344 770 esse
1391 707 1730 770 monachos
1763 724 1837 770 ae
1880 707 2209 788 praecipue
2255 707 2514 772 iuuenes
2548 707 2785 786 sinunt,

491 813 704 874 actum
749 809 947 874 cordis
995 813 1058 874 et
1113 810 1465 892 profectum
1510 811 1848 893 patientiae
1911 814 1975 875 et
2019 811 2391 876 humilitatis
2453 811 2785 875 sedulitate

491 915 693 996 operis
754 914 1107 995 metienteS‚
1171 917 1235 979 et
1290 932 1415 979 non
1477 915 1684 980 solum
1737 934 1775 980 a
1833 916 2005 980 nullo
2065 917 2399 997 quiequam
2458 915 2538 980 ad
2598 936 2786 981 usum

491 1019 694 1083 uictus
741 1019 838 1083 sui
883 1020 1162 1102 accipere
1206 1020 1551 1102 patiuntur,
1600 1020 1708 1084 sed
1756 1021 1945 1085 etiam
1995 1020 2069 1084 de
2114 1020 2434 1085 laboribus
2484 1022 2611 1085 suis
2659 1038 2783 1084 non

489 1127 738 1187 tantum
799 1124 1313 1206 superuenientes
1361 1143 1436 1188 ae
1495 1125 1859 1209 peregrinos
1919 1124 2207 1189 reficiunt
2252 1127 2501 1206 fratreS,
2562 1145 2786 1190 uerum

491 1228 680 1292 etiam
725 1247 838 1312 per
882 1229 1019 1294 loca
1063 1227 1323 1312 Libyae,
1383 1247 1539 1311 quae
1588 1230 1913 1294 sterilitate
1968 1248 2041 1294 ao
2086 1230 2253 1294 fame
2298 1230 2607 1310 laborant,
2670 1249 2787 1294 nee

489 1350 614 1397 non
647 1333 838 1397 etiam
869 1351 981 1414 per
1011 1333 1298 1398 ciuitates
1338 1334 1456 1414 his,
1504 1333 1613 1416 qui
1644 1335 1930 1416 squalore
1962 1353 2280 1399 carcerum
2312 1334 2783 1416 contabescunt,

487 1437 810 1501 inmanem
857 1437 1246 1502 conferentes
1279 1437 1554 1522 dirigunt
1585 1439 1917 1503 alimoniae
1963 1439 2291 1522 uictusque
2337 1439 2782 1520 substantiam,

491 1541 566 1604 de
626 1541 834 1606 fructu
880 1560 1186 1606 manuum
1247 1561 1504 1607 suarum
1564 1542 1935 1608 rationabile
1996 1561 2069 1608 ao
2125 1562 2345 1607 uerum
2406 1544 2783 1608 sacrificium

491 1647 739 1710 domino
786 1646 900 1711 tali
944 1646 1254 1711 oblatione
1301 1666 1368 1710 se
1415 1646 1637 1711 offerre
1684 1647 2027 1712 eredentes.

576 1750 814 1815 XXIII.
861 1752 1028 1815 Hine
1069 1755 1166 1842 est
1205 1751 1368 1833 quod
1397 1752 1464 1815 in
1494 1752 1592 1816 his
1624 1752 1986 1836 regionibus
2027 1753 2201 1817 nulla
2246 1753 2533 1818 uidemus
2567 1772 2783 1818 mona-

491 1856 683 1921 steria
723 1859 902 1920 tanta
939 1857 1206 1920 fratrum
1252 1857 1616 1921 celebritate
1662 1858 1943 1938 fundata,
1990 1859 2135 1939 quia
2182 1877 2297 1922 nec
2342 1877 2599 1940 operum
2640 1877 2782 1923 suo-

488 1979 631 2024 rum
675 1960 1082 2025 facultatibus
1121 1961 1484 2042 fulciuntur,
1529 1965 1603 2026 ut
1638 1963 1884 2043 possint
1928 1963 1991 2026 in
2039 1963 2127 2026 eis
2166 1963 2390 2046 iugiter
2422 1963 2779 2046 perdurare,

490 2067 552 2128 et
605 2065 660 2128 si
714 2065 804 2128 eis
865 2065 1263 2147 subpeditare
1323 2084 1568 2148 quoquo
1629 2066 1813 2130 modo
1874 2067 2085 2130 ualeat
2146 2067 2517 2132 sufficientia
2576 2068 2781 2132 uictus
2867 2089 2895 2124 r›

487 2169 741 2232 alterius
772 2170 1084 2252 largitate,
1117 2170 1404 2253 uoluptas
1439 2174 1653 2234 tamen
1684 2171 1793 2235 otii
1827 2175 1891 2234 et
1920 2173 2285 2255 peruagatio
2318 2172 2516 2236 cordis
2549 2173 2780 2236 diutius

487 2291 591 2338 eos
615 2273 678 2336 in
702 2274 836 2337 loeo
859 2293 1264 2356 perseuerare
1289 2293 1412 2339 non
1435 2276 1688 2357 patitur.
1732 2277 1897 2339 unde
1928 2277 2083 2340 haee
2108 2281 2205 2340 est
2226 2277 2389 2358 apud
2414 2277 2781 2360 Aegyptum

485 2377 565 2442 ab
628 2379 904 2459 antiquis
964 2379 1247 2460 patribus
1309 2383 1527 2444 sancta
1583 2381 1915 2462 sententia,
1978 2385 2339 2463 operantem
2402 2383 2779 2446 monachum

485 2480 786 2547 daemone
811 2502 934 2547 uno
958 2483 1213 2565 pulsari,
1248 2485 1518 2548 otiosum
1543 2504 1692 2550 uero
1724 2488 2068 2550 innumeris
2096 2485 2418 2568 spiritibus
2444 2488 2775 2551 deuastati.

571 2587 843 2652 XXHII.
893 2588 1182 2670 Denique
1231 2588 1395 2653 abba
1437 2590 1697 2671 PauluS,
1759 2591 2243 2673 probatissimus
2297 2592 2571 2674 patrum,
2632 2611 2777 2656 oum
2836 2614 2861 2649 ε

487 2694 549 2756 in
611 2692 868 2757 heremo
937 2694 1210 2757 uastiore
1279 2694 1658 2775 consistenS,
1728 2712 1887 2777 quae
1948 2696 2291 2778 Porphyrio
2360 2701 2777 2779 nuncupatur,

486 2797 840 2879 palmarum
869 2796 1179 2861 fructibus
1229 2799 1292 2860 et
1336 2798 1515 2862 horto
1563 2799 1803 2862 modico
1852 2818 2107 2863 securus
2154 2800 2416 2864 haberet
2460 2802 2778 2866 sufficien-

487 2904 616 2965 tem
665 2901 994 2965 alimoniae
1051 2920 1202 2965 suae
1263 2901 1591 2984 uictusque
1654 2903 2077 2968 substantiam
2122 2922 2239 2967 nee
2283 2909 2498 2988 posset
2542 2906 2777 2988 aliquid

485 3005 653 3069 aliud
715 3006 880 3069 unde
941 3008 1404 3071 sustentaretur
1464 3008 1669 3089 operis
1717 3027 2019 3088 exerc-ere,
2078 3027 2147 3072 eo
2195 3009 2360 3091 quod
2406 3009 2483 3073 ab
2532 3011 2775 3094 oppidis

486 3110 586 3173 uel
633 3108 967 3174 habitabili
1016 3114 1180 3174 terra
1227 3114 1468 3192 septem
1515 3112 1949 3176 mansionibus
1999 3114 2098 3177 uel
2139 3131 2209 3176 eo
2242 3114 2510 3195 amplius
2544 3116 2775 3179 deserti

484 3213 654 3277 illius
715 3218 1108 3297 separaretur
1169 3214 1494 3296 habitatio,
1557 3216 1824 3299 plusque
1886 3220 2278 3300 expet-eretur
2330 3237 2441 3300 pro
2489 3221 2774 3284 mercede

482 3322 778 3382 necturae
823 3336 1016 3400 quam
1061 3319 1270 3383 ualere
1317 3324 1533 3401 posset
1575 3321 1852 3402 pretium
1884 3322 2088 3404 operis
2121 3322 2430 3403 desudati,
2478 3324 2772 3389 conlectis

480 3423 836 3504 palmarum
881 3423 1047 3487 foliis
1095 3423 1478 3487 cotidianum
1523 3444 1792 3507 pensum
1836 3426 2015 3490 uelut
2060 3427 2278 3490 exinde
2325 3430 2772 3493 sustentandus

571 3597 596 3650 1
637 3594 766 3648 XXI
791 3596 860 3649 H
957 3594 1043 3649 his
1070 3638 1080 3649 .
1112 3638 1122 3649 .
1153 3640 1162 3649 .
1189 3599 1478 3665 aegyptum
1515 3613 1671 3651 enan.
1696 3600 1761 3652 in
1792 3598 1838 3653 0
1940 3599 2213 3668 aegiptum
2240 3602 2293 3655 L
2400 3603 2431 3655 '7
2467 3600 2641 3669 lybiae
2672 3602 2774 3657 C'G

482 3682 642 3735 libiae
662 3684 779 3738 HL
850 3682 940 3751 qui
961 3684 1040 3737 L²
1111 3684 1400 3737 sterelitate
1421 3686 1490 3739 H
1565 3687 1599 3739 9
1616 3686 1907 3739 immanem
1933 3688 1982 3741 G
2020 3687 2253 3741 immane
2274 3689 2327 3743 L
2397 3688 2574 3742 uictus
2593 3690 2702 3757 qua
2718 3690 2771 3743 L

487 3772 551 3824 10
570 3768 940 3822 rationabilem
961 3771 1014 3824 L
1079 3773 1142 3826 12
1160 3771 1318 3824 XXII
1337 3772 1408 3826 H
1460 3771 1611 3826 hino.
1628 3772 1825 3826 ..nulla
1842 3791 1997 3828 euan.
2014 3776 2075 3829 in
2096 3774 2143 3829 G
2196 3774 2432 3829 uidimus
2452 3776 2521 3829 H
2575 3779 2639 3831 13
2658 3776 2772 3829 sm-

482 3858 666 3908 truum
692 3858 775 3911 Η1
875 3860 936 3912 15
963 3857 1304 3926 suppeditare
1331 3858 1512 3913 CG²L
1585 3859 1913 3929 subpeditari
1938 3862 2008 3915 H
2095 3876 2301 3929 quoque
2328 3864 2397 3917 H
2460 3863 2690 3929 quodam
2717 3866 2771 3918 L

486 3945 548 3997 17
569 3942 625 3996 in
645 3943 916 4011 aegiptum
937 3944 990 3998 L
1066 3947 1130 4000 18
1150 3948 1400 4013 operante
1419 3947 1495 3999 L¹
1572 3949 1635 4003 19
1656 3946 1910 4001 doe-mone
1926 3948 1998 4001 G¹
2074 3946 2329 4002 diuastari
2353 3950 2425 4003 G¹
2496 3952 2565 4005 20
2583 3949 2771 4003 XXIII

481 4030 558 4097 H,
577 4046 679 4083 om.
706 4030 757 4084 G
846 4028 1072 4098 denique.
1095 4074 1105 4084 .
1131 4074 1141 4085 .
1163 4074 1174 4085 .
1195 4030 1605 4101 probatissimus
1629 4050 1785 4088 enan.
1812 4035 1874 4088 in
1907 4035 1953 4089 0
2029 4034 2219 4089 deinde
2247 4035 2472 4104 denique
2502 4036 2553 4091 G
2634 4036 2773 4090 abba

485 4117 619 4171 GL.-
659 4115 821 4170 abbas
860 4119 1003 4173 HTv
1105 4121 1168 4174 21
1209 4119 1455 4173 haeremo
1485 4121 1531 4175 C
1602 4122 1917 4176 uastioriH
2017 4122 2253 4191 porfyrio
2283 4123 2330 4178 C
2398 4123 2613 4192 porfirio
2656 4126 2779 4179 GH

477 4202 752 4271 porphirio
777 4204 830 4258 L
902 4207 970 4260 22
996 4208 1112 4257 orto
1139 4206 1254 4260 HL
1349 4206 1727 4261 sufficientiam
1754 4210 1822 4263 ΙΙ
1908 4210 1975 4263 23
2000 4210 2169 4277 possit
2192 4210 2387 4265 GG¹H
2474 4212 2543 4266 24
2566 4210 2704 4264 aliut
2726 4212 2773 4267 G

481 4290 706 4358 oppidus
762 4291 808 4346 0
908 4293 978 4347 26
1024 4291 1308 4360 plusquam
1358 4294 1411 4347 L
1517 4296 1584 4348 27
1624 4294 1863 4348 uicturae
1906 4296 2051 4351 G'H
2153 4300 2372 4350 uetur-ae
2420 4298 2496 4352 L¹
2600 4298 2771 4366 possit

488 4378 729 4433 0HL¹T
826 4378 1095 4446 praetium
1139 4380 1184 4435 G
1285 4380 1582 4448 praemium
1622 4382 1691 4435 H
1790 4382 2040 4435 conlectis
2078 4386 2147 4439 H
2148 4387 2190 4437 ¹.-
2226 4384 2460 4439 collectis
2496 4386 2611 4439 rell.

2841 1565 2897 1604 10

2834 3145 2891 3183 25
