3167 4975
489 399 576 464 54
1297 401 1612 454 Iohannis
1660 401 1962 456 Cassiani

490 577 879 641 discussione
928 577 1254 658 festinant,
1303 581 1373 642 ut
1418 597 1898 660 nonnumquam
1947 579 2140 644 etiam
2188 579 2583 663 inpossibilia
2629 581 2780 646 sibi-

491 686 621 746 met
667 681 977 765 imperata
1023 701 1097 745 ea
1140 681 1262 746 fide
1310 701 1381 746 ac
1428 683 1760 747 deuotione
1807 684 2174 766 suscipiant,
2239 689 2312 748 ut
2355 688 2491 749 tota
2544 686 2780 752 uirtute

490 805 563 851 ac
623 787 757 851 sine
819 787 950 851 ulla
1010 786 1211 851 cordis
1271 787 1690 852 haesitatione
1747 787 2045 872 perficere
2092 807 2166 852 ea
2217 793 2282 854 et
2341 808 2780 856 consummare

488 892 773 956 nitantur
820 895 883 955 et
928 911 1006 955 ne
1053 891 1609 974 inpossibilitatem
1656 893 1910 974 quidem
1965 894 2282 976 praecepti
2342 913 2452 977 pro
2515 895 2779 960 senioris

487 996 841 1061 reuerentia
884 996 1246 1060 metiantur.
1326 997 1403 1060 de
1464 1015 1731 1079 quorum
1779 996 2176 1062 oboedientia
2237 999 2564 1081 speciatim
2612 1019 2780 1064 nunc
2859 1015 2884 1052 ⁵

489 1102 693 1164 dicere
738 1101 1204 1184 praetermitto:
1270 1101 1568 1184 exemplis
1618 1102 1786 1164 enim
1833 1101 1986 1185 ipsis
2035 1120 2174 1166 eam
2220 1104 2408 1185 paulo
2463 1109 2608 1190 post
2653 1108 2780 1170 tra·

488 1207 633 1271 dere
680 1224 791 1270 suo
836 1205 974 1270 loco
1022 1205 1435 1289 disponimuS,
1485 1206 1537 1270 si
1586 1206 1878 1270 dominus
1911 1205 2093 1270 nobis
2126 1207 2516 1272 orationibus
2549 1210 2778 1274 uestris

488 1311 729 1375 dederit
759 1315 1201 1375 commeatum.
1251 1330 1418 1376 nunc
1448 1311 1745 1376 instituta
1767 1316 1976 1377 cetera
1997 1330 2469 1395 persequamur,
2500 1317 2780 1396 praeter-

488 1415 815 1480 mittentes
862 1415 972 1479 illa
1016 1421 1364 1496 contexere,
1421 1435 1581 1498 quae
1629 1417 1695 1481 in
1739 1416 1859 1480 hac
1903 1417 2156 1500 regione
2201 1418 2303 1481 uel
2351 1418 2513 1482 tradi
2561 1437 2779 1482 mona-

489 1519 697 1585 steriis
746 1520 845 1583 uel
894 1519 972 1584 ab
1021 1520 1177 1603 ipsis
1224 1526 1546 1603 nequeunt
1592 1521 1913 1602 custodiri,
1963 1521 2128 1585 sicut
2171 1522 2236 1585 in
2278 1523 2781 1604 praefatiuncula
2835 1537 2884 1574 ¹⁰

490 1628 703 1688 nostra
747 1625 1023 1688 facturos
1072 1644 1184 1689 nos
1232 1644 1369 1688 esse
1415 1625 1844 1708 promisimus,
1905 1626 2070 1706 quod
2133 1627 2373 1690 scilicet
2418 1646 2533 1692 nec
2578 1628 2778 1692 laneis

489 1729 874 1792 indumentis
922 1733 1202 1809 utantur,
1251 1731 1359 1794 sed
1405 1730 1588 1794 lineis
1639 1733 1888 1794 tantum
1937 1734 2000 1794 et
2045 1750 2122 1794 ne
2169 1731 2323 1814 ipsis
2370 1732 2624 1814 quidem
2666 1733 2779 1796 du-

486 1831 786 1915 plicibus:
836 1833 1064 1914 quibus
1111 1833 1348 1898 uicaria
1390 1835 1784 1918 praepositus
1831 1835 2260 1917 unusquisque
2301 1853 2451 1899 suae
2484 1836 2778 1900 decaniae

490 1936 952 2018 subministrat,
1000 1957 1145 2002 cum
1176 1939 1287 2003 illa
1317 1939 1547 2020 quibus
1580 1939 1796 2002 uestiti
1832 1943 1982 2002 sunt
2011 1939 2326 2003 sorduisse
2367 1943 2776 2023 conspexerit.

574 2042 686 2106 XI.
734 2043 897 2106 Illud
946 2061 1191 2125 quoque
1240 2044 1505 2107 arduum
1554 2047 1742 2125 atque
1790 2042 2061 2107 sublime
2105 2063 2306 2128 genus
2353 2045 2778 2112 continentiae-
2833 2058 2884 2098 15

488 2146 780 2210 similiter
823 2147 1422 2230 praetermittentes,
1470 2148 1533 2211 in
1582 2166 1708 2229 qua
1755 2165 2042 2210 summae
2085 2151 2459 2231 reputantur
2497 2149 2778 2230 deliciae,

489 2251 541 2315 si
588 2252 785 2315 herba
831 2253 961 2316 sale
1008 2253 1279 2334 condita,
1327 2271 1515 2334 quam
1564 2251 1893 2316 labsanion
1942 2257 2190 2332 uocant,
2247 2271 2411 2334 aqua
2455 2253 2656 2317 diluta
2702 2255 2778 2318 ad

490 2356 897 2420 refectionem
944 2355 1245 2420 fratribus
1294 2357 1663 2439 adponatur,
1727 2356 1972 2438 aliaque
2019 2358 2319 2440 conplura
2377 2357 2478 2421 his
2528 2359 2779 2439 similia,

488 2479 647 2544 quae
695 2461 759 2526 in
807 2461 926 2526 hac
957 2461 1281 2546 prouincia
1312 2480 1426 2527 nec
1459 2466 1673 2526 aerum
1709 2461 2041 2546 temperies
2075 2481 2189 2527 nec
2221 2462 2494 2545 qualitas
2529 2467 2780 2528 nostrae

488 2565 851 2651 fragilitatis
914 2566 1215 2647 admittit,
1278 2568 1389 2631 illa
1449 2568 1886 2631 tantummodo
1948 2586 2316 2650 persequar,
2383 2586 2544 2650 quae
2607 2568 2782 2631 nulla
2833 2582 2885 2621 2⁰

486 2671 692 2735 carnis
738 2670 1095 2751 infirmitas,
1144 2688 1267 2735 non
1316 2671 1475 2735 situs
1523 2672 1642 2736 loci
1689 2672 1920 2755 poterit
1951 2672 2251 2754 inpedire,
2300 2672 2352 2735 si
2395 2690 2468 2735 ea
2500 2690 2622 2736 non
2655 2672 2780 2735 fra-

486 2776 700 2860 gilitas
748 2776 995 2840 animae
1043 2793 1115 2840 ac
1160 2779 1336 2859 tepor
1385 2776 1616 2839 mentis
1665 2776 1987 2839 ademerit.

571 2880 717 2945 XII.
764 2881 986 2962 Itaque
1032 2880 1430 2945 considentes
1478 2880 1646 2943 intra
1690 2880 1925 2944 cubilia
1971 2899 2085 2943 sua
2129 2884 2193 2943 et
2239 2881 2409 2963 operi
2466 2899 2538 2945 ac
2583 2882 2782 2945 medi-

488 2986 711 3050 tationi
773 2985 1053 3049 studium
1113 2986 1348 3068 pariter
1410 2985 1856 3067 inpendentes,
1918 3004 2062 3048 cum
2129 2985 2404 3049 sonitum
2466 2986 2780 3067 pulsantis

486 3091 719 3155 ostium
780 3108 853 3154 ac
914 3090 1305 3154 diuersorum
1367 3090 1626 3153 cellulas
1673 3090 2084 3173 percutientis
2134 3090 2446 3154 audierint
2501 3090 2578 3153 ad
2641 3108 2778 3153 ora·
2833 3102 2884 3141 ²5

488 3196 721 3260 tionem
772 3195 1014 3259 scilicet
1060 3212 1163 3259 eos
1212 3214 1322 3259 seu
1372 3196 1448 3259 ad
1498 3212 1654 3277 opus
1701 3194 1952 3276 aliquod
1999 3194 2352 3274 inuitantiS,
2410 3194 2701 3259 certatim
2748 3216 2780 3257 e

491 3300 621 3364 suis
669 3299 981 3364 cubilibus
1016 3300 1449 3381 unusquisque
1480 3299 1852 3382 prorumpit,
1899 3299 1989 3362 ita
2029 3302 2102 3362 ut
2131 3299 2206 3379 is,
2255 3298 2360 3379 qui
2394 3316 2550 3381 opus
2585 3298 2780 3381 scrip-

488 3405 643 3471 toris
707 3409 970 3484 exercet,
1032 3422 1221 3486 quam
1282 3407 1567 3487 repertus
1632 3401 1820 3467 fuerit
1882 3403 2210 3467 inchoasse
2264 3402 2546 3466 litteram
2601 3402 2780 3467 finire

703 3526 790 3595 ιο]
829 3526 875 3593 s.
903 3530 950 3581 9.

578 3644 602 3696 1
633 3654 1018 3707 nonnunquam
1049 3642 1125 3691 (1¹²
1230 3642 1263 3693 2
1290 3638 1531 3705 inperata
1556 3638 1636 3691 H¹
1747 3642 1777 3691 5
1805 3636 2136 3690 mentiantur
2161 3637 2227 3691 Η
2230 3638 2244 3671 ¹
2353 3638 2384 3689 7
2411 3634 2564 3689 nobis
2589 3654 2691 3691 om.
2719 3638 2786 3691 Η

484 3732 517 3783 8
554 3726 903 3781 commiatum
938 3728 1013 3781 L¹
1141 3728 1347 3778 caeteta
1385 3725 1437 3778 L
1556 3740 1942 3793 prosequamur
1977 3742 2009 3779 v
2142 3726 2202 3779 11
2242 3722 2614 3791 promissimus
2640 3724 2780 3778 H¹L

488 3818 553 3870 13
580 3814 809 3879 uicariae
836 3815 903 3867 H
1006 3816 1067 3868 14
1094 3812 1419 3882 perspexerit
1442 3812 1496 3865 L
1607 3814 1670 3866 15
1697 3810 1746 3863 X
1773 3812 1840 3865 H
1943 3814 2006 3866 16
2031 3810 2486 3879 pretermittentes
2515 3810 2591 3864 G:
2627 3826 2778 3879 prae-

485 3902 789 3955 termittens
810 3902 958 3955 HLv
982 3904 1053 3969 cf.
1076 3902 1199 3954 Incl.
1224 3896 1591 3955 ‘anacolutha'
1699 3897 1907 3951 diliciae
1938 3899 2172 3952 G¹H¹L¹
2285 3901 2347 3953 17
2373 3896 2654 3951 labsanion
2679 3898 2782 3952 L¹.·

484 3988 783 4057 lapsanium
827 3988 875 4038 (τ’
948 3987 1250 4040 labsanium
1288 3988 1365 4041 L2
1436 3984 1720 4038 balsanum
1748 3986 1816 4039 H
1925 3984 2100 4037 delota
2130 3984 2179 4037 G
2290 3987 2354 4040 18
2391 3983 2671 4053 cumplura
2695 3986 2778 4039 H¹

488 4080 551 4131 19
588 4074 859 4143 prouintia
899 4074 1003 4129 GL
1130 4078 1196 4128 20
1234 4090 1522 4141 prosequar
1560 4074 1680 4126 H²v
1783 4074 1846 4127 21
1890 4071 2194 4125 imfirmitas
2233 4072 2285 4125 L
2391 4070 2632 4140 inpedire
2671 4074 2781 4127 11¹.-

486 4161 744 4230 impedire
792 4162 905 4216 rell.
1015 4164 1081 4216 22
1129 4161 1295 4213 animi
1343 4162 1410 4214 H
1510 4158 1762 4211 adimerit
1815 4159 1944 4212 (ι’-ΙΙ,
2050 4161 2118 4213 23
2155 4158 2231 4211 XI
2272 4160 2340 4213 H
2438 4158 2780 4213 consedentes

486 4250 623 4303 HL¹
754 4248 1103 4301 meditatione
1146 4250 1225 4301 Η1
1350 4250 1412 4302 24
1441 4246 1654 4349 tpariter
1691 4264 1792 4301 mn.
1833 4246 1900 4299 H
1963 4246 2163 4313 pariter
2200 4245 2442 4299 studium
2480 4246 2533 4299 L
2661 4245 2780 4314 pul-

486 4368 661 4414 santes
698 4362 935 4414 hostium
980 4363 1051 4416 6¹
1169 4364 1237 4415 26
1276 4326 1563 4428 certamine
1601 4360 1668 4413 H
1769 4360 1838 4413 28
1875 4361 2148 4427 reppertus
2186 4359 2238 4413 L
2345 4358 2656 4423 inchofrasse
2695 4360 2776 4413 Η1
