3167 4975
519 441 650 508 240
1329 441 1649 496 Iohannis
1696 439 1999 496 Cassiani

519 618 800 682 facerent
857 619 1020 682 inter
1081 637 1335 682 omnem
1397 619 1719 683 hominem
1772 637 1847 682 ac
1892 617 2216 682 dominum
2273 617 2557 679 nostrum
2602 614 2824 678 Iesum

521 723 842 788 Christum
889 742 1024 786 esse
1074 723 1458 803 distantiam,
1521 743 1663 787 cum
1711 724 1879 787 idem
1940 725 2154 804 utique
2199 722 2388 786 homo
2444 721 2585 784 nisu
2632 723 2822 801 atque

521 828 830 892 industria
893 847 1008 892 sua
1067 829 1294 892 mereri
1349 830 1578 912 possit,
1642 830 1805 911 quod
1862 828 2147 893 Christus
2211 825 2415 891 studio
2477 843 2550 888 ac
2609 824 2823 888 labore

434 941 469 994 2
519 933 874 997 meruisset.
945 951 1068 1015 quo
1115 933 1352 996 factum
1389 937 1486 997 est
1517 937 1591 997 ut
1632 935 1697 996 in
1732 934 2035 997 maiorem
2080 951 2325 1014 quoque
2359 949 2431 996 ac
2464 933 2825 994 monstruo-

523 1038 750 1102 siorem
781 1038 1090 1101 insaniam
1124 1041 1605 1120 prorumpentes
1638 1038 1919 1102 dicerent
1950 1037 2275 1102 dominum
2300 1041 2587 1101 nostrum
2610 1035 2825 1098 Iesum
2916 1057 2949 1096 ε»

524 1141 845 1206 Christum
889 1143 954 1204 in
998 1143 1168 1207 hunc
1199 1143 1504 1206 mundum
1537 1162 1661 1207 non
1696 1143 1775 1206 ad
1806 1141 2251 1226 praestandam
2283 1142 2565 1205 humano
2610 1139 2825 1222 generi

521 1247 1048 1330 redemptionem,
1118 1247 1228 1310 sed
1295 1249 1374 1311 ad
1433 1248 1795 1331 praebenda
1852 1249 2160 1312 bonorum
2224 1251 2481 1311 actuum
2542 1244 2828 1326 exempla

521 1352 795 1432 uenisse,
853 1351 1146 1416 uidelicet
1189 1355 1260 1416 ut
1305 1352 1697 1436 disciplinam
1747 1353 1879 1416 eius
1928 1355 2265 1434 sequentes
2310 1351 2618 1429 homineS,
2674 1349 2825 1412 dum

524 1476 636 1539 per
682 1457 948 1521 eandem
992 1457 1164 1520 uiam
1197 1458 1449 1521 uirtutis
1495 1458 1877 1538 incederent,
1926 1457 2004 1521 ad
2038 1459 2257 1522 eadem
2290 1457 2601 1520 uirtutum
2644 1471 2827 1536 prae-

526 1563 653 1626 mia
697 1562 1125 1644 peruenirent:
1175 1565 1575 1643 euacuantes,
1624 1564 2027 1644 quantumin
2062 1562 2214 1646 ipsis
2262 1563 2397 1641 fuit,
2445 1578 2631 1624 omne
2664 1558 2825 1622 sacri
2892 1581 2949 1618 ιο

531 1667 841 1730 aduentus
889 1667 1144 1747 donum,
1206 1686 1458 1731 omnem
1514 1667 1763 1731 diuinae
1824 1667 2271 1751 redemptionis
2327 1665 2619 1748 gratiam,
2681 1681 2825 1727 cum

529 1771 696 1834 idem
760 1771 1040 1834 dicerent
1100 1771 1385 1835 homines
1448 1772 1745 1854 consequi
1807 1790 1991 1854 posse
2052 1771 2353 1850 uiuend0,
2424 1770 2589 1852 quod
2647 1786 2827 1850 prae-

447 1884 482 1938 3
532 1875 798 1939 stitisset
843 1875 996 1938 deus
1042 1895 1153 1958 pro
1198 1876 1478 1940 humana
1517 1877 1721 1940 salute
1756 1876 2097 1941 moriendo.
2169 1875 2537 1939 addiderunt
2583 1891 2827 1956 quoque

529 1979 855 2043 dominum
917 1981 1419 2061 saluatoremque
1485 1983 1771 2046 nostrum
1832 1985 1975 2063 post
2026 1981 2345 2063 baptisma
2390 1979 2629 2042 factum
2688 1995 2826 2040 esse

529 2083 869 2164 Christum,
915 2088 1060 2166 post
1103 2085 1623 2148 resurrectionem
1673 2086 1881 2165 deum,
1930 2086 2199 2148 alterum
2238 2084 2643 2166 adsignantes
2676 2100 2827 2146 unc·
2896 2102 2951 2142 ιε

529 2189 718 2254 tionis
753 2189 1070 2272 mysterio,
1117 2190 1386 2253 alterum
1435 2189 1660 2253 merito
1706 2190 2033 2272 passionis
2110 2190 2276 2253 unde
2324 2189 2595 2252 aduertit
2626 2205 2825 2251 nouus

529 2315 696 2359 nunc
755 2297 880 2359 iam
941 2313 1066 2358 non
1124 2313 1324 2359 nouae
1379 2295 1710 2359 haereseos
1773 2299 2016 2375 auctor,
2078 2295 2183 2377 qui
2230 2294 2559 2357 dominum
2620 2292 2827 2356 salua-

529 2403 851 2482 toremque
913 2402 1200 2464 nostrum
1262 2399 1615 2463 solitarium
1662 2400 1984 2464 hominem
2032 2403 2249 2463 natum
2299 2417 2436 2461 esse
2484 2395 2825 2475 contendit,

529 2505 696 2569 idem
759 2524 824 2569 se
887 2506 1140 2569 omnino
1203 2504 1403 2569 dicere
1463 2506 1629 2588 quod
1676 2505 2139 2589 Pelagianistae
2200 2508 2347 2569 ante
2393 2505 2701 2582 dixerunt,
2762 2504 2825 2565 et

532 2628 919 2692 consequens
968 2610 1158 2674 errori
1204 2629 1317 2673 suo
1364 2629 1522 2690 esse,
1583 2614 1676 2690 ut,
1738 2610 1843 2692 qui
1905 2610 2119 2692 utique
2182 2608 2316 2673 sine
2362 2612 2619 2692 peccato
2681 2607 2827 2671 soli·
2888 2626 2951 2666 20

529 2715 756 2778 tarium
804 2715 1126 2778 hominem
1157 2714 1371 2778 Iesum
1404 2714 1723 2779 Christum
1755 2714 1985 2778 uixisse
2025 2715 2269 2795 asserit,
2316 2732 2537 2777 omnes
2583 2730 2828 2794 quoque

531 2839 642 2901 per
675 2838 740 2883 se
771 2819 1058 2884 homines
1101 2819 1234 2882 sine
1265 2821 1518 2902 peccato
1550 2836 1734 2902 posse
1769 2838 1907 2882 esse
1947 2819 2345 2902 blasphemet
2384 2836 2501 2882 nec
2540 2834 2829 2881 necessa-

532 2924 691 2987 riam
739 2940 985 3005 quoque
1035 2923 1317 3006 exemplo
1361 2924 1524 2987 illius
1571 2923 1739 2987 dicat
1786 2923 2282 3006 redemptionem
2332 2923 2567 2986 domini
2614 2921 2827 3002 fuisse,

533 3046 676 3092 cum
739 3028 814 3091 ad
872 3028 1138 3091 caeleste
1185 3046 1452 3111 regnum
1499 3045 1613 3091 suo
1660 3032 1909 3091 tantum
1955 3028 2241 3092 homines
2287 3027 2452 3107 nisu,
2514 3030 2585 3091 ut
2630 3027 2827 3105 aiunt,

445 3141 482 3193 4
531 3134 786 3196 ualeant
823 3132 1170 3215 peruenire.
1231 3150 1347 3195 nec
1387 3131 1648 3195 dubium
1679 3132 1743 3195 id
1777 3136 1969 3197 estre
1998 3131 2137 3215 ipsa
2164 3132 2415 3215 penitus
2449 3132 2825 3196 declarante.
2888 3150 2948 3189 25

532 3237 679 3301 hinc
725 3237 892 3301 enim
937 3236 1091 3300 illud
1139 3240 1236 3301 est
1281 3236 1444 3318 quod
1489 3236 2041 3301 intercessionibus
2088 3237 2219 3300 suis
2258 3236 2825 3319 Pelagianistarum

533 3342 844 3423 querellas
900 3342 1072 3404 fouet
1131 3343 1195 3404 et
1255 3341 1502 3423 scriptis
1565 3342 1695 3404 suis
1754 3358 1977 3404 causas
2037 3341 2288 3405 illorum
2352 3340 2604 3423 asserit,
2664 3340 2829 3422 quod

534 3444 848 3509 subtiliter
904 3445 1002 3509 his
1064 3446 1164 3509 uel
1227 3447 1300 3508 ut
1357 3446 1566 3508 uerius
1630 3446 1890 3509 dixerim
1956 3445 2216 3509 subdole
2275 3446 2701 3529 patrocinatur
2768 3448 2831 3508 et

533 3550 1034 3633 consanguineae
1112 3549 1232 3613 sibi
1304 3548 1687 3632 improbitati
1762 3550 2045 3633 improbo
2120 3550 2503 3634 suffragatur
2580 3550 2829 3629 affectu,

534 3654 738 3717 sciens
784 3653 1020 3719 scilicet
1058 3654 1338 3718 eiusdem
1370 3674 1436 3717 se
1471 3674 1607 3717 esse
1640 3674 1883 3736 sensuS,
1932 3655 2211 3719 eiusdem
2258 3655 2535 3739 spirituS,
2584 3658 2647 3719 et
2690 3656 2830 3719 ideo
2886 3682 2949 3724 so

619 3879 654 3932 4
700 3878 896 3931 maiore
933 3878 999 3933 N
1003 3880 1016 3913 ¹
1157 3880 1191 3933 9
1235 3878 1422 3932 eadem
1469 3880 1615 3933 uiam
1652 3881 1728 3934 M
1863 3884 1927 3935 10
1973 3895 2129 3935 omne
2158 3922 2170 3934 .
2200 3923 2212 3935 .
2242 3924 2253 3935 .
2283 3883 2344 3936 11
2386 3880 2588 3934 donum
2624 3898 2726 3936 om.
2765 3880 2841 3935 M

534 3982 717 4034 omnes
754 3966 888 4019 sacri
919 3966 984 4021 N
1089 3968 1150 4021 11
1192 3964 1392 4020 donum
1431 3968 1486 4020 et
1520 3982 1735 4020 omnem
1773 3986 1843 4023 av
1950 3970 2015 4022 12
2050 3984 2175 4037 pose
2210 3969 2277 4024 N
2379 3971 2446 4024 13
2482 3966 2831 4036 addiderunt]

533 4057 663 4107 nota
697 4053 838 4123 quod
876 4052 1025 4122 (quid
1063 4072 1130 4108 m.
1165 4056 1224 4121 2)
1256 4054 1479 4107 heretici
1517 4055 1755 4108 sentiant
1789 4074 1978 4125 vnarqo
2016 4057 2082 4111 N
2222 4058 2287 4112 14
2323 4055 2527 4109 factum
2564 4055 2731 4109 fuisse
2766 4056 2843 4110 M

536 4144 602 4196 16
639 4141 877 4195 misterio
906 4159 950 4211 p
1085 4143 1147 4196 17
1185 4141 1427 4194 hereseos
1463 4143 1631 4211 NMp
1761 4146 1829 4198 20
1866 4142 1950 4211 ut]
1990 4146 2045 4195 et
2079 4144 2145 4197 N
2268 4145 2337 4198 23
2379 4142 2548 4212 illius]
2586 4144 2835 4213 intelleye

533 4229 806 4283 haereseos
947 4228 1131 4282 dicant
1167 4230 1300 4297 va
1437 4228 1631 4282 fuisset
1668 4230 1742 4285 M
1802 4228 1965 4282 fuisse
2006 4230 2209 4283 domini
2238 4247 2282 4299 p
2413 4234 2483 4286 24
2518 4230 2735 4284 homine
2774 4230 2839 4285 N

533 4316 638 4369 nisi
674 4318 756 4373 N¹
863 4319 932 4372 25
969 4316 1147 4369 ualeat
1181 4317 1268 4371 N²
1374 4315 1429 4369 id
1467 4317 1572 4385 est]
1610 4316 1751 4369 idem
1789 4319 1864 4372 M
1958 4318 2206 4386 poenitus
2242 4319 2310 4374 N
2408 4317 2733 4371 reclamante
2770 4318 2847 4372 M

533 4405 600 4458 27
637 4402 931 4472 quaerellas
968 4404 1035 4459 N
1136 4403 1377 4472 querelas
1413 4404 1552 4473 Mpv
1658 4405 1725 4459 28
1762 4403 1923 4458 uelud
1958 4406 2047 4460 Μι
2154 4404 2518 4473 patrocinator
2552 4405 2621 4460 N
