3167 4975
280 1581 333 1618 10

280 2101 330 2142 15

928 435 1161 486 contra
1196 432 1581 487 Nestorium
1619 432 1728 487 lib.
1765 431 1889 496 VII,
1929 435 2146 491 12—14.
2553 435 2682 500 369

390 611 537 691 dei,
585 609 805 692 inquit,
854 614 997 689 est,
1059 608 1469 674 descendat
1513 628 1708 674 nunc
1751 609 1837 674 de
1883 629 2130 692 cruce,
2192 613 2264 676 et
2309 610 2682 677 credimus

392 717 488 795 ei,
550 715 791 779 scilicet
847 717 921 778 ut
964 717 1173 778 motus
1220 714 1557 778 uerborum
1605 716 1986 780 contumelia
2031 715 2320 781 dominus
2369 717 2685 782 desereret

390 822 873 899 sacramentum,
922 820 1071 883 dum
1116 820 1523 884 ulcisceretur
1552 820 1862 884 iniuriam.
1941 820 2113 884 uides
2161 839 2308 904 ergo
2355 821 2681 886 dominum

390 926 581 989 etiam
612 924 678 988 in
710 943 891 988 cruce
936 925 1211 1007 positum
1258 923 1459 989 filiurn
1506 925 1609 988 dei
1639 924 1960 1008 appellari,
2009 925 2184 989 uides
2219 943 2322 990 eos
2368 927 2486 990 hoc
2517 927 2681 1009 quod

388 1029 716 1094 nominant
762 1029 1083 1111 suspicari.
1162 1029 1331 1092 disce
1377 1030 1612 1111 itaque,
1675 1033 1748 1094 ut
1793 1030 2076 1112 superius
2123 1029 2266 1110 dixi,
2313 1032 2414 1095 uel
2461 1049 2498 1094 a
2541 1049 2683 1114 per-

388 1134 777 1199 secutoribus
838 1133 991 1216 ipsis
1050 1134 1153 1197 uel
1216 1152 1253 1196 a
1313 1133 1557 1198 diabolo
1605 1133 1804 1198 filium
1853 1134 1951 1198 dei
2011 1135 2282 1198 credere.
2358 1135 2496 1217 quis
2541 1154 2683 1199 um-

387 1257 575 1321 quam
637 1239 929 1320 aequauit
974 1237 1448 1302 daemoniacam
1492 1237 1974 1304 infidelitatem?
2036 1238 2174 1321 quis
2237 1257 2680 1323 supergressus

388 1347 526 1408 est?
572 1345 677 1408 ille
724 1362 869 1406 eum
914 1343 1113 1408 filium
1161 1343 1261 1406 dei
1308 1363 1445 1407 esse
1497 1343 1850 1426 suspicatus
1885 1348 1982 1408 est
2011 1345 2202 1408 etiam
2236 1364 2380 1409 cum
2412 1349 2680 1410 mortem

385 1449 662 1531 pertulit,
723 1452 791 1512 tu
848 1465 1040 1531 negas
1103 1449 1291 1512 etiam
1348 1467 1490 1512 cum
1536 1448 1904 1512 resurrexit:
1971 1449 2076 1513 ille
2133 1468 2275 1513 eum
2331 1449 2520 1514 deum
2576 1469 2680 1514 su-

386 1554 661 1637 spicatus
708 1555 805 1616 est
850 1552 950 1617 cui
998 1571 1063 1616 se
1111 1553 1402 1632 occuluit,
1452 1557 1519 1616 tu
1567 1571 1763 1636 negas
1811 1553 1912 1617 cui
1957 1553 2265 1636 probauit.

469 1657 682 1722 XIIII.
730 1657 941 1722 Uteris
990 1675 1136 1740 ergo
1183 1658 1481 1722 aduersus
1530 1656 1717 1722 deum
1765 1659 2087 1741 scripturis
2153 1659 2343 1722 sacris
2407 1662 2470 1724 et
2533 1676 2678 1724 suos

384 1763 551 1845 ipsos
598 1762 661 1826 in
709 1763 919 1845 ipsum
966 1765 1161 1826 testes
1210 1779 1393 1845 agere
1454 1762 1718 1826 conaris.
1798 1762 1907 1825 sed
1968 1763 2320 1844 quomodo?
2379 1783 2546 1844 uere,
2607 1768 2680 1828 ut

384 1885 506 1932 non
540 1867 745 1931 solum
778 1867 895 1947 dei,
944 1867 1052 1931 sed
1100 1867 1293 1930 etiam
1340 1867 1844 1931 testimoniorum
1891 1868 2170 1950 ipsorum
2215 1869 2680 1951 praeuaricator

384 1973 490 2036 siS.
570 1991 683 2037 nec
728 1973 958 2036 mirum
1006 1973 1224 2054 utique
1272 1972 1344 2052 si,
1393 1973 1541 2054 quia
1574 1973 1639 2036 id
1671 1973 1835 2055 quod
1869 1973 1965 2036 uis
1999 1991 2122 2037 non
2169 1977 2370 2055 potes,
2415 1973 2478 2038 id
2523 1975 2678 2038 facis

386 2079 589 2142 solum
638 2078 798 2159 quod
845 2080 1055 2160 potes:
1102 2080 1249 2160 quia
1294 2081 1537 2141 uertere
1586 2078 1650 2141 in
1698 2077 1882 2140 deum
1931 2077 2292 2142 testimonia
2337 2097 2514 2143 sacra
2554 2097 2677 2144 non

383 2183 577 2262 ualeS,
626 2183 789 2263 quod
822 2183 1017 2262 ualeS,
1066 2181 1204 2264 ipsa
1234 2182 1561 2264 peruertiS.
1627 2181 1782 2246 dicis
1816 2183 2013 2246 enim:
2063 2201 2235 2266 ergo
2283 2185 2354 2246 et
2398 2184 2676 2248 Paulus

384 2287 747 2350 mentitur
809 2286 893 2349 de
944 2285 1244 2350 Christ-o
1307 2287 1593 2350 dicens:
1658 2287 1816 2351 sine
1877 2289 2146 2367 matre,
2209 2288 2366 2351 sine
2413 2307 2678 2370 genea-

381 2391 594 2475 logia.
672 2392 989 2474 interrogo
1038 2395 1099 2456 te
1147 2392 1221 2454 de
1270 2410 1390 2473 quo
1436 2392 1553 2456 hoc
1601 2392 1757 2456 uelis
1806 2392 2032 2456 dixisse
2065 2392 2379 2456 Paulum?
2428 2394 2502 2456 de
2549 2393 2674 2458 filio
2723 2402 2758 2455 2

383 2502 445 2561 et
503 2496 697 2561 uerbo
744 2497 842 2561 dei
904 2516 983 2561 an
1031 2497 1107 2561 de
1154 2495 1423 2577 Christo,
1484 2515 1672 2578 quem
1718 2501 1788 2561 tu
1851 2516 1888 2561 a
1947 2497 2072 2563 fflio
2135 2498 2234 2561 dei
2297 2516 2550 2582 separas
2612 2502 2676 2563 et

381 2602 701 2665 hominem
750 2606 999 2665 tantum
1032 2622 1168 2665 esse
1216 2601 1665 2684 blasphemas?
1713 2603 1766 2665 si
1799 2602 1874 2665 de
1908 2602 2179 2684 Christo,
2225 2604 2438 2685 utique
2487 2622 2674 2685 quem

381 2707 704 2771 hominem
763 2708 1115 2772 solitarium
1174 2707 1359 2787 dieis,
1422 2708 1733 2788 quomodo
1787 2708 1961 2771 nasci
2006 2708 2192 2771 homo
2255 2708 2389 2771 sine
2451 2711 2672 2788 matre,

380 2812 517 2875 sine
568 2813 937 2896 genealogia
996 2816 1317 2875 maternae
1380 2812 1640 2895 originis
1701 2813 1944 2894 pot-uit?
2007 2812 2104 2875 sin
2166 2816 2378 2876 autem
2437 2813 2513 2875 de
2573 2812 2673 2876 dei

380 2917 573 2980 uerbo
620 2936 691 2980 ac
738 2918 834 2979 dei
880 2917 1027 2997 filio,
1090 2916 1239 2999 quid
1289 2918 1553 2980 facimus
1611 2917 1775 2998 quod
1834 2917 1998 2979 idem
2063 2917 2401 3000 apostoluS,
2465 2920 2534 2980 ut
2581 2922 2670 2996 tn,

380 3022 701 3103 sacrilege,
751 3021 1069 3101 aestimaS,
1120 3021 1297 3083 testis
1348 3024 1513 3100 tune,
1562 3021 1782 3084 eodem
1827 3021 1961 3084 loco
2009 3024 2196 3102 atque
2229 3022 2446 3084 eodem
2493 3023 2672 3086 testi-

380 3126 589 3189 monio
636 3145 801 3205 eum,
848 3144 1035 3207 quem
1082 3128 1149 3189 tu
1199 3126 1333 3188 sine
1380 3129 1579 3189 matre
1622 3126 1871 3206 asseria,
1919 3126 2110 3189 eiiam
2143 3126 2276 3188 sine
2321 3128 2498 3209 patre
2533 3146 2670 3189 esse

380 3234 645 3294 testatur
677 3230 918 3293 dicens:
968 3231 1127 3293 sine
1166 3233 1407 3312 patre,
1455 3230 1618 3293 sine
1667 3234 1928 3310 matre,
1978 3230 2138 3293 sine
2183 3231 2670 3313 genealogia?

378 3354 525 3418 ergo
572 3338 861 3419 superest
904 3338 973 3397 ut
1020 3336 1285 3418 apostoli
1332 3336 1688 3399 testimonio
1731 3339 1936 3415 utenS,
1983 3336 2132 3417 quia
2177 3335 2374 3398 filium
2407 3337 2505 3399 dei
2536 3337 2670 3400 sine

377 3442 577 3503 matre
626 3440 875 3521 asseriS,
940 3440 1133 3503 etiam
1182 3440 1315 3504 sinc
1373 3444 1549 3523 patre
1598 3460 1733 3504 csse
1779 3440 2200 3523 blasphemes
2281 3441 2457 3504 uides
2520 3460 2667 3525 ergo
2717 3451 2751 3503 3

374 3545 807 3627 peruersitatis
873 3562 947 3609 ac
1004 3545 1322 3627 nequitiae
1385 3548 1531 3610 tuae
1593 3545 1798 3610 studio
1857 3546 1923 3609 in
1979 3546 2144 3627 quod
2203 3548 2266 3611 te
2324 3546 2668 3629 impietatis

586 3717 675 3786 17]
710 3715 871 3770 Hebr.
901 3718 950 3781 7,
976 3718 1025 3772 3.

468 3875 493 3928 1
532 3872 709 3941 inquit
744 3892 845 3929 om.
874 3876 949 3929 M
1046 3876 1078 3928 2
1117 3873 1400 3927 dissereret
1432 3874 1505 3929 M
1605 3876 1638 3928 3
1663 3874 1978 3926 irasceretur
2013 3874 2070 3926 in
2107 3874 2304 3926 iniuria
2327 3876 2403 3929 M
2497 3876 2528 3929 4
2567 3874 2670 3927 hoc

372 3963 602 4030 scr-ipsi:
644 3960 731 4013 hic
772 3963 866 4030 ΝΡ
957 3960 1011 4015 id
1051 3964 1151 4017 ΣΙῙυ
1290 3966 1321 4016 5
1368 3962 1614 4015 nominat
1651 3964 1721 4015 M
1857 3964 1886 4015 7
1927 3959 2340 4014 daemoniticam
2381 3962 2465 4015 N:
2508 3962 2664 4015 scm'b.

373 4052 499 4118 fort.
542 4049 920 4112 daemonicam,
960 4066 1079 4105 cum
1116 4052 1299 4117 forma
1337 4048 1710 4101 daemoniacus
1743 4066 2014 4117 nmquam
2047 4050 2160 4102 nisi
2196 4050 2295 4103 hoc
2333 4050 2446 4103 loco
2483 4066 2666 4103 oecur-

374 4144 462 4192 ναι
568 4140 601 4191 8
638 4139 807 4189 morte
846 4138 919 4190 M
1031 4140 1093 4191 10
1133 4136 1424 4189 occultauit
1461 4139 1535 4190 M
1638 4138 1701 4190 12
1740 4136 1879 4203 ipsos
1917 4154 2018 4191 om.
2057 4138 2155 4189 Mv
2263 4137 2326 4189 14
2365 4134 2433 4203 si]
2471 4134 2562 4187 sed
2601 4136 2676 4189 M

375 4224 539 4277 ‚facias
574 4224 650 4278 M
786 4226 849 4278 16
885 4226 1155 4293 peruertes
1196 4226 1261 4279 N
1265 4226 1277 4259 ¹
1424 4225 1487 4279 17
1524 4224 1784 4275 mentitus
1825 4224 1890 4277 N
2016 4224 2078 4277 21
2121 4224 2292 4275 matre
2330 4224 2383 4273 et
2419 4221 2530 4273 sine
2569 4224 2668 4276 Mv

373 4312 443 4365 22
479 4310 525 4363 si
562 4312 737 4363 autem
765 4312 841 4365 M
938 4313 1004 4365 24
1044 4310 1265 4363 extimas
1290 4312 1364 4365 Μ
1460 4313 1529 4366 26
1566 4309 1681 4364 sino
1718 4314 1868 4379 patre
1894 4328 2057 4379 om.1›
2131 4308 2242 4362 sino
2275 4310 2445 4362 matre
2471 4328 2572 4364 om.
2600 4310 2675 4364 M

374 4400 440 4453 27
478 4400 543 4451 ut
576 4415 676 4454 om.
714 4398 791 4453 M
888 4400 956 4455 28
992 4396 1331 4467 blasphemas
1368 4399 1443 4452 M
