3167 4975
458 439 543 504 46
1266 435 1585 490 Iohannis
1634 432 1932 490 Cassiani

548 615 663 680 III.
700 615 833 694 Quo
868 615 1150 678 examine
1182 613 1481 697 probetur
1510 613 1564 676 is
1599 613 1707 695 qui
1738 613 1804 676 in
1837 611 2133 698 coenobio
2167 610 2602 696 suscipiendus
2635 615 2749 676 est.

547 720 696 783 IIII.
748 719 971 799 Quare,
1020 719 1126 800 qui
1172 719 1235 782 in
1282 719 1665 783 monasterio
1711 717 2117 800 recipiuntur,
2166 717 2325 782 nihil
2369 735 2582 781 secum
2615 737 2756 799 per-

461 823 796 888 mittantur
842 824 1093 887 inferre.

549 929 623 993 V.
674 927 799 992 Cur
858 928 925 992 hi
986 929 1095 1010 qui
1154 929 1523 993 renuntiant·
1584 928 1861 1011 suscepti
1921 928 1986 991 in
2049 925 2445 991 monast-eriis
2506 925 2756 1009 propria

462 1033 847 1097 uestimenta
892 1034 1209 1116 deponant
1254 1036 1317 1097 et
1364 1032 1441 1096 ab
1493 1031 1724 1096 abbate
1772 1032 1909 1096 aliis
1958 1032 2316 1096 induantur.

548 1137 657 1201 VI.
708 1135 843 1217 Qua
904 1155 1095 1202 causa
1152 1137 1535 1201 uestimenta
1593 1137 2112 1216 renuntiantium,
2177 1154 2320 1199 cum
2382 1135 2613 1217 quibus
2658 1135 2755 1199 in-

460 1243 661 1326 gressi
710 1245 859 1307 sunt
905 1242 1378 1320 monasterium,
1427 1260 1463 1305 a
1510 1241 1940 1325 dispensatore
1989 1244 2336 1305 seruentur.

549 1347 691 1411 VII.
756 1347 880 1412 Cur
941 1347 1003 1411 in
1068 1345 1448 1411 monasterio
1512 1347 1786 1430 suscepti
1849 1363 1974 1410 non
2029 1345 2476 1429 permittantur
2537 1345 2756 1409 statim

464 1451 765 1516 fratribus
814 1451 1167 1532 admisceri,
1217 1452 1325 1514 sed
1371 1451 1730 1516 xenodocho
1777 1455 1923 1515 ant-e
1972 1451 2316 1516 tradantur.

550 1556 723 1620 VIII.
790 1555 1031 1636 Quibus
1078 1555 1356 1638 primum
1403 1556 1712 1620 institutis
1760 1556 2034 1620 iuniores
2082 1559 2504 1634 exerceantur,
2560 1559 2631 1620 ut
2678 1555 2756 1618 ad

466 1660 851 1744 superandas
898 1679 1116 1725 omnes
1164 1660 1705 1742 concupiscentias
1752 1659 2098 1743 proficiant.

550 1765 759 1829 VIIII.
826 1763 1027 1845 Quare
1090 1764 1437 1829 iunioribus
1500 1764 1841 1846 imperetur
1901 1769 1972 1829 ut
2033 1764 2260 1829 seniori
2309 1784 2421 1829 suo
2469 1763 2624 1828 nihil
2681 1765 2756 1828 de

465 1869 951 1955 cogitationibus
1000 1871 1130 1934 suis
1178 1869 1573 1935 subtrahant.

548 1975 626 2039 X.
678 1974 929 2055 Quanta
974 1974 1368 2040 oboedientia
1415 1973 1766 2038 senioribus
1815 1974 2006 2038 etiam
2054 1974 2119 2038 in
2165 1973 2440 2038 naturali
2485 1973 2757 2037 necessi-

464 2083 593 2144 tate
641 2078 972 2144 tribuatur.

552 2184 663 2248 XI.
714 2183 1082 2248 Cuiusmodi
1128 2184 1304 2248 cibus
1353 2185 1518 2268 apud
1566 2202 1671 2248 eos
1719 2183 2208 2248 delicatissimus
2256 2182 2581 2246 habeatur.

552 2289 694 2352 ΧΠ.
761 2287 937 2368 Quod
1002 2289 1075 2352 ad
1140 2289 1417 2352 sonitum
1477 2288 1792 2370 pulsantis
1855 2288 2087 2353 ostium
2149 2287 2306 2351 nihil
2369 2287 2571 2370 operis
2634 2305 2754 2351 non

466 2393 766 2457 omittant
813 2393 1019 2456 studio
1068 2393 1351 2456 celeriter
1398 2393 1780 2456 occurrendi.

550 2498 727 2561 XIII.
778 2497 980 2577 Quam
1027 2498 1436 2561 criminosum
1482 2498 1810 2578 habeatur,
1859 2498 1913 2561 si
1959 2497 2184 2579 aliquis
2231 2498 2332 2561 uel
2373 2498 2757 2561 uilissimum

465 2602 789 2685 quippiam
836 2621 1021 2666 suum
1068 2602 1308 2666 dixerit.

552 2706 761 2771 XIIII.
827 2705 1025 2786 Quod,
1087 2707 1235 2770 licet
1297 2707 1498 2770 multa
1556 2706 1826 2790 pecunia
1886 2706 1961 2769 de
2023 2706 2514 2788 uniuscuiusque
2573 2724 2757 2789 opere

467 2813 858 2894 congeratur,
923 2812 1132 2875 nullus
1196 2814 1409 2875 tamen
1470 2816 1836 2894 praesumat
1899 2810 2190 2873 excedere
2253 2814 2528 2875 statutae
2581 2811 2759 2875 suffi-

467 2916 733 2979 cientiae
779 2916 1171 2999 parcitatem.

555 3020 691 3085 XV.
740 3019 834 3083 De
882 3021 1193 3085 inmodico
1242 3020 1406 3102 apud
1454 3038 1567 3083 nos
1617 3019 1823 3084 studio
1871 3018 2162 3084 habendi.

555 3125 725 3189 XVI.
774 3125 869 3187 De
914 3125 1148 3208 regulis
1196 3124 1590 3188 diuersarum
1638 3122 2120 3206 correptionum.

554 3229 757 3293 XVII.
809 3228 1051 3309 Quibus
1100 3227 1457 3295 auctoribus
1506 3229 1590 3292 sit
1636 3227 1958 3292 inuectum
1992 3232 2064 3292 ut
2093 3226 2518 3292 reficientibus
2551 3227 2760 3291 fratri-

471 3334 587 3397 bus
636 3351 849 3397 sacrae
896 3334 1196 3397 lectiones
1243 3334 1309 3397 in
1358 3332 1674 3397 coenobiis
1722 3334 2084 3413 recitentur,
2133 3337 2196 3397 et
2240 3336 2548 3414 quant-um
2595 3332 2758 3415 apud

468 3438 815 3522 Aegyptios
862 3437 1239 3520 praebeatur
1286 3438 1627 3501 silentium.

557 3542 791 3607 XVIII.
844 3541 1047 3622 Quam
1094 3542 1409 3606 inlicitum
1458 3542 1541 3607 sit
1589 3546 1762 3608 extra
1809 3560 2095 3606 mensam
2143 3560 2540 3607 communem
2587 3542 2761 3623 quic-

469 3666 657 3729 quam
706 3645 829 3710 cibi
874 3650 1142 3729 potusuc
1188 3649 1463 3731 gustare.

559 3786 586 3839 l
626 3785 672 3837 is
708 3802 811 3840 om.
838 3786 932 3840 Hc
1038 3783 1218 3838 eoebio
1254 3784 1306 3838 L
1414 3784 1762 3853 suscipendus
1801 3786 1868 3839 H
1967 3786 2001 3839 4
2036 3784 2113 3838 hii
2151 3785 2290 3839 HL¹
2397 3788 2429 3839 5
2467 3783 2532 3838 ab
2570 3802 2672 3840 om.
2699 3784 2768 3840 H

474 3870 703 3924 induant
740 3872 806 3925 H
930 3874 961 3927 7
1000 3888 1185 3925 sumus
1222 3872 1275 3925 L
1400 3874 1644 3925 seruetur
1679 3872 1748 3926 H
1869 3874 1902 3925 9
1939 3872 2150 3925 misceri
2188 3873 2256 3926 H
2372 3872 2671 3925 xenodocho
2707 3874 2760 3927 L

470 3957 761 4011 sexodocho
786 3959 855 4013 H
908 3957 1231 4012 xenodochio
1256 3977 1287 4013 ἰ·-
1380 3960 1445 4013 10
1469 3961 1780 4011 exercentur
1803 3959 1856 4012 L
1947 3961 2008 4014 11
2038 3958 2358 4027 separandas
2383 3960 2452 4013 H
2535 3961 2598 4013 12
2619 3961 2762 4013 hunc

2812 1587 2862 1624 10

2809 2630 2864 2667 20

2814 3152 2865 3189 25

2813 3674 2865 3713 30

470 4047 691 4100 titulum
716 4062 817 4101 om.
844 4046 913 4099 H
1014 4048 1079 4100 16
1104 4045 1269 4114 cybus
1294 4046 1347 4099 L
1455 4047 1586 4114 aput
1611 4046 1686 4100 L¹
1794 4043 2195 4099 dilicatissimus
2221 4047 2290 4101 H
2393 4049 2453 4101 17
2483 4045 2551 4099 ad
2576 4064 2677 4100 om.
2700 4048 2767 4100 H
2860 4029 2866 4035 ’

473 4135 538 4188 19
576 4132 892 4187 criminosus
936 4134 1005 4189 H
1138 4132 1487 4186 utilissimum
1532 4133 1608 4187 L1
1749 4136 1817 4187 22
1865 4135 2220 4201 congregatur
2255 4134 2324 4187 H
2457 4138 2758 4202 praesumat

470 4237 571 4275 om.
593 4221 669 4274 L¹
760 4218 996 4273 excidere
1022 4220 1089 4275 H
1170 4222 1239 4275 23
1263 4220 1580 4288 parcitatem
1607 4221 1952 4289 praesirrupt-5³
1975 4221 2098 4287 (del.
2119 4238 2186 4275 m.
2206 4224 2264 4287 2)
2282 4222 2334 4274 L
2424 4223 2493 4275 24
2529 4226 2662 4289 aput
2685 4222 2762 4275 L¹

469 4306 700 4361 habendi
738 4307 917 4360 studio
954 4308 1007 4361 L
1144 4310 1214 4361 25
1254 4306 1477 4373 ruguliis
1515 4292 1620 4362 ΙΝ
1732 4309 1801 4362 26
1837 4292 2105 4361 actoribus
2139 4308 2194 4362 L
2336 4308 2617 4361 inuentum
2652 4307 2762 4362 L²v

470 4397 535 4449 27
574 4398 704 4463 aput
741 4395 816 4449 L¹
925 4398 992 4449 30
1030 4394 1150 4461 cybi
1188 4396 1238 4449 L
1344 4399 1507 4463 putus
1546 4398 1828 4461 uegustare
1866 4396 1934 4449 H
1999 4398 2154 4464 potus
2191 4398 2465 4447 uetustate
2501 4396 2576 4449 L¹
