<?xml version="1.0" encoding="UTF-8"?>
<!DOCTYPE html PUBLIC "-//W3C//DTD XHTML 1.0 Transitional//EN"
    "http://www.w3.org/TR/xhtml1/DTD/xhtml1-transitional.dtd">
<html xmlns="http://www.w3.org/1999/xhtml" xml:lang="en" lang="en">
 <head>
  <title>
</title>
<meta http-equiv="Content-Type" content="text/html;charset=utf-8" />
  <meta name='ocr-system' content='tesseract 3.04.00' />
  <meta name='ocr-capabilities' content='ocr_page ocr_carea ocr_par ocr_line ocrx_word'/>
</head>
<body>
  <div class='ocr_page' id='page_1' title='image "./corpusscriptoru28wissgoog_0024.png"; bbox 0 0 3167 4975; ppageno 0'>
   <div class='ocr_carea' id='block_1_1' title="bbox 515 411 668 469">
    <p class='ocr_par' dir='ltr' id='par_1_1' title="bbox 515 411 668 469">
     <span class='ocr_line' id='line_1_1' title="bbox 515 411 668 469; baseline 0.013 -2"><span class='ocrx_word' id='word_1_1' title='bbox 515 411 668 469; x_wconf 91' lang='lat' dir='ltr'><strong><em>XVI</em></strong></span> 
     </span>
    </p>
   </div>
   <div class='ocr_carea' id='block_1_2' title="bbox 577 578 767 632">
    <p class='ocr_par' dir='ltr' id='par_1_2' title="bbox 577 578 767 632">
     <span class='ocr_line' id='line_1_2' title="bbox 577 578 767 632; baseline 0 0"><span class='ocrx_word' id='word_1_2' title='bbox 577 578 767 632; x_wconf 85' lang='lat' dir='ltr'><strong><em>folium</em></strong></span> 
     </span>
    </p>
   </div>
   <div class='ocr_carea' id='block_1_3' title="bbox 514 703 829 2578">
    <p class='ocr_par' dir='ltr' id='par_1_3' title="bbox 514 703 829 2578">
     <span class='ocr_line' id='line_1_3' title="bbox 640 703 827 766; baseline 0 0"><span class='ocrx_word' id='word_1_3' title='bbox 640 703 827 766; x_wconf 92' lang='lat' dir='ltr'>XXII</span> 
     </span>
     <span class='ocr_line' id='line_1_4' title="bbox 610 846 828 993; baseline 0 -1"><span class='ocrx_word' id='word_1_4' title='bbox 610 846 828 993; x_wconf 83' lang='lat' dir='ltr'>XXIII</span> 
     </span>
     <span class='ocr_line' id='line_1_5' title="bbox 576 1155 829 1219; baseline 0 0"><span class='ocrx_word' id='word_1_5' title='bbox 576 1155 829 1219; x_wconf 88' lang='lat' dir='ltr'><strong>XXIIII</strong></span> 
     </span>
     <span class='ocr_line' id='line_1_6' title="bbox 649 1381 828 1446; baseline 0.011 -2"><span class='ocrx_word' id='word_1_6' title='bbox 649 1381 828 1446; x_wconf 89' lang='lat' dir='ltr'><strong><em>XXV</em></strong></span> 
     </span>
     <span class='ocr_line' id='line_1_7' title="bbox 617 1607 829 1671; baseline 0 0"><span class='ocrx_word' id='word_1_7' title='bbox 617 1607 829 1671; x_wconf 89' lang='lat' dir='ltr'><strong><em>XXVI</em></strong></span> 
     </span>
     <span class='ocr_line' id='line_1_8' title="bbox 584 1834 828 1898; baseline 0 -1"><span class='ocrx_word' id='word_1_8' title='bbox 584 1834 828 1898; x_wconf 88' lang='lat' dir='ltr'>XXVII</span> 
     </span>
     <span class='ocr_line' id='line_1_9' title="bbox 543 2060 820 2125; baseline -0.007 0"><span class='ocrx_word' id='word_1_9' title='bbox 543 2060 820 2125; x_wconf 88' lang='lat' dir='ltr'>XXVIII</span> 
     </span>
     <span class='ocr_line' id='line_1_10' title="bbox 514 2286 822 2351; baseline -0.003 0"><span class='ocrx_word' id='word_1_10' title='bbox 514 2286 822 2351; x_wconf 90' lang='lat' dir='ltr'>XXVIIII</span> 
     </span>
     <span class='ocr_line' id='line_1_11' title="bbox 647 2514 825 2578; baseline -0.006 0"><span class='ocrx_word' id='word_1_11' title='bbox 647 2514 825 2578; x_wconf 91' lang='lat' dir='ltr'><strong><em>XXX</em></strong></span> 
     </span>
    </p>
   </div>
   <div class='ocr_carea' id='block_1_4' title="bbox 615 2739 828 2803">
    <p class='ocr_par' dir='ltr' id='par_1_4' title="bbox 615 2739 828 2803">
     <span class='ocr_line' id='line_1_12' title="bbox 615 2739 828 2803; baseline 0 0"><span class='ocrx_word' id='word_1_12' title='bbox 615 2739 828 2803; x_wconf 89' lang='lat' dir='ltr'>XXXI</span> 
     </span>
    </p>
   </div>
   <div class='ocr_carea' id='block_1_5' title="bbox 914 579 1172 765">
    <p class='ocr_par' dir='ltr' id='par_1_5' title="bbox 914 579 1172 765">
     <span class='ocr_line' id='line_1_13' title="bbox 933 579 1158 647; baseline 0 -15"><span class='ocrx_word' id='word_1_13' title='bbox 933 579 1158 647; x_wconf 76' lang='lat' dir='ltr'><strong>paginae</strong></span> 
     </span>
     <span class='ocr_line' id='line_1_14' title="bbox 914 700 1172 765; baseline -0.008 0"><span class='ocrx_word' id='word_1_14' title='bbox 914 700 1172 765; x_wconf 82' lang='lat'>47—48</span> 
     </span>
    </p>
   </div>
   <div class='ocr_carea' id='block_1_6' title="bbox 909 926 1176 2577">
    <p class='ocr_par' dir='ltr' id='par_1_6' title="bbox 909 926 1176 2577">
     <span class='ocr_line' id='line_1_15' title="bbox 915 926 1176 991; baseline 0.008 -2"><span class='ocrx_word' id='word_1_15' title='bbox 915 926 1176 991; x_wconf 60' lang='lat' dir='ltr'><strong><em>4o-ffl)</em></strong></span> 
     </span>
     <span class='ocr_line' id='line_1_16' title="bbox 914 1152 1174 1219; baseline -0.004 0"><span class='ocrx_word' id='word_1_16' title='bbox 914 1152 1174 1219; x_wconf 75' lang='lat'>51-52</span> 
     </span>
     <span class='ocr_line' id='line_1_17' title="bbox 915 1378 1174 1444; baseline -0.004 0"><span class='ocrx_word' id='word_1_17' title='bbox 915 1378 1174 1444; x_wconf 81' lang='lat'>53-—54</span> 
     </span>
     <span class='ocr_line' id='line_1_18' title="bbox 916 1604 1174 1689; baseline -0.008 -18"><span class='ocrx_word' id='word_1_18' title='bbox 916 1604 1174 1689; x_wconf 40' lang='lat'>557-56</span> 
     </span>
     <span class='ocr_line' id='line_1_19' title="bbox 915 1832 1171 1897; baseline -0.004 -1"><span class='ocrx_word' id='word_1_19' title='bbox 915 1832 1171 1897; x_wconf 81' lang='lat'>57-58</span> 
     </span>
     <span class='ocr_line' id='line_1_20' title="bbox 909 2057 1169 2122; baseline -0.004 0"><span class='ocrx_word' id='word_1_20' title='bbox 909 2057 1169 2122; x_wconf 81' lang='lat'>59-60</span> 
     </span>
     <span class='ocr_line' id='line_1_21' title="bbox 912 2284 1171 2349; baseline 0 0"><span class='ocrx_word' id='word_1_21' title='bbox 912 2284 1171 2349; x_wconf 81' lang='lat'><strong><em>61-62</em></strong></span> 
     </span>
     <span class='ocr_line' id='line_1_22' title="bbox 916 2511 1176 2577; baseline 0 -1"><span class='ocrx_word' id='word_1_22' title='bbox 916 2511 1176 2577; x_wconf 83' lang='lat'>63—-64</span> 
     </span>
    </p>
   </div>
   <div class='ocr_carea' id='block_1_7' title="bbox 916 2737 1174 2804">
    <p class='ocr_par' dir='ltr' id='par_1_7' title="bbox 916 2737 1174 2804">
     <span class='ocr_line' id='line_1_23' title="bbox 916 2737 1174 2804; baseline 0.012 -3"><span class='ocrx_word' id='word_1_23' title='bbox 916 2737 1174 2804; x_wconf 85' lang='lat'>65—66</span> 
     </span>
    </p>
   </div>
   <div class='ocr_carea' id='block_1_8' title="bbox 1259 579 2807 871">
    <p class='ocr_par' dir='ltr' id='par_1_8' title="bbox 1259 579 2807 871">
     <span class='ocr_line' id='line_1_24' title="bbox 1896 579 2173 633; baseline 0 0"><span class='ocrx_word' id='word_1_24' title='bbox 1896 579 2173 633; x_wconf 77' lang='lat' dir='ltr'><strong><em>continent</em></strong></span> 
     </span>
     <span class='ocr_line' id='line_1_25' title="bbox 1263 699 2807 788; baseline 0 -23"><span class='ocrx_word' id='word_1_25' title='bbox 1263 702 1340 783; x_wconf 89' lang='lat' dir='ltr'><strong><em>V,</em></strong></span> <span class='ocrx_word' id='word_1_26' title='bbox 1371 699 1451 764; x_wconf 99' lang='grc'><strong><em>21</em></strong></span> <span class='ocrx_word' id='word_1_27' title='bbox 1491 701 1607 765; x_wconf 87' lang='lat' dir='ltr'><strong><em>sub</em></strong></span> <span class='ocrx_word' id='word_1_28' title='bbox 1656 702 1816 766; x_wconf 79' lang='lat' dir='ltr'><strong><em>med.</em></strong></span> <span class='ocrx_word' id='word_1_29' title='bbox 1869 701 2069 765; x_wconf 80' lang='lat' dir='ltr'><strong><em>tabili</em></strong></span> <span class='ocrx_word' id='word_1_30' title='bbox 2098 724 2241 765; x_wconf 86' lang='lat' dir='ltr'><strong><em>eam</em></strong></span> <span class='ocrx_word' id='word_1_31' title='bbox 2282 724 2423 766; x_wconf 77' lang='lat' dir='ltr'><strong><em>esca</em></strong></span> <span class='ocrx_word' id='word_1_32' title='bbox 2445 701 2807 788; x_wconf 76' lang='lat' dir='ltr'><strong><em>permulcet</em></strong></span> 
     </span>
     <span class='ocr_line' id='line_1_26' title="bbox 1259 804 2537 871; baseline 0.001 -3"><span class='ocrx_word' id='word_1_33' title='bbox 1259 844 1344 851; x_wconf 96' lang='lat'>—</span> <span class='ocrx_word' id='word_1_34' title='bbox 1389 804 1477 869; x_wconf 91' lang='grc'><strong><em>22</em></strong></span> <span class='ocrx_word' id='word_1_35' title='bbox 1523 806 1641 869; x_wconf 82' lang='lat' dir='ltr'><strong><em>sub</em></strong></span> <span class='ocrx_word' id='word_1_36' title='bbox 1686 806 1791 871; x_wconf 92' lang='lat' dir='ltr'><strong><em>fin.</em></strong></span> <span class='ocrx_word' id='word_1_37' title='bbox 1842 806 2117 869; x_wconf 81' lang='lat' dir='ltr'><strong><em>inuidia</em></strong></span> <span class='ocrx_word' id='word_1_38' title='bbox 2163 805 2385 871; x_wconf 73' lang='lat' dir='ltr'><strong><em>beatus</em></strong></span> <span class='ocrx_word' id='word_1_39' title='bbox 2432 806 2537 870; x_wconf 78' lang='lat' dir='ltr'><strong><em>iob</em></strong></span> 
     </span>
    </p>
   </div>
   <div class='ocr_carea' id='block_1_9' title="bbox 1259 926 2805 1097">
    <p class='ocr_par' dir='ltr' id='par_1_9' title="bbox 1259 926 2805 1097">
     <span class='ocr_line' id='line_1_27' title="bbox 1262 926 2805 1013; baseline -0.001 -21"><span class='ocrx_word' id='word_1_40' title='bbox 1262 928 1373 1009; x_wconf 89' lang='lat' dir='ltr'><strong><em>XI,</em></strong></span> <span class='ocrx_word' id='word_1_41' title='bbox 1410 926 1493 990; x_wconf 93' lang='grc'><strong><em>10</em></strong></span> <span class='ocrx_word' id='word_1_42' title='bbox 1537 928 1673 992; x_wconf 83' lang='lat' dir='ltr'><strong><em>init.</em></strong></span> <span class='ocrx_word' id='word_1_43' title='bbox 1722 949 1999 990; x_wconf 83' lang='lat' dir='ltr'><strong><em>numera</em></strong></span> <span class='ocrx_word' id='word_1_44' title='bbox 2058 928 2391 992; x_wconf 78' lang='lat' dir='ltr'><strong><em>uirtutum</em></strong></span> <span class='ocrx_word' id='word_1_45' title='bbox 2440 928 2805 1013; x_wconf 78' lang='lat' dir='ltr'><strong><em>praeconia</em></strong></span> 
     </span>
     <span class='ocr_line' id='line_1_28' title="bbox 1259 1030 2574 1097; baseline 0 0"><span class='ocrx_word' id='word_1_46' title='bbox 1259 1070 1346 1078; x_wconf 89' lang='lat'>—</span> <span class='ocrx_word' id='word_1_47' title='bbox 1392 1033 1497 1097; x_wconf 89' lang='lat' dir='ltr'><strong><em>fin.</em></strong></span> <span class='ocrx_word' id='word_1_48' title='bbox 1548 1030 1858 1094; x_wconf 73' lang='lat' dir='ltr'><strong><em>amissum</em></strong></span> <span class='ocrx_word' id='word_1_49' title='bbox 1903 1030 2155 1095; x_wconf 76' lang='lat' dir='ltr'><strong><em>culmen</em></strong></span> <span class='ocrx_word' id='word_1_50' title='bbox 2200 1033 2574 1097; x_wconf 75' lang='lat' dir='ltr'><strong><em>ascenderet</em></strong></span> 
     </span>
    </p>
   </div>
   <div class='ocr_carea' id='block_1_10' title="bbox 1259 1151 2805 1798">
    <p class='ocr_par' dir='ltr' id='par_1_10' title="bbox 1261 1151 2805 1344">
     <span class='ocr_line' id='line_1_29' title="bbox 1261 1151 2805 1239; baseline 0 -21"><span class='ocrx_word' id='word_1_51' title='bbox 1261 1155 1341 1236; x_wconf 90' lang='lat' dir='ltr'><strong><em>X,</em></strong></span> <span class='ocrx_word' id='word_1_52' title='bbox 1373 1152 1453 1217; x_wconf 92' lang='grc'><strong><em>21</em></strong></span> <span class='ocrx_word' id='word_1_53' title='bbox 1504 1153 1609 1219; x_wconf 88' lang='lat' dir='ltr'><strong><em>fin.</em></strong></span> <span class='ocrx_word' id='word_1_54' title='bbox 1660 1151 1742 1215; x_wconf 83' lang='lat' dir='ltr'><strong><em>ab</em></strong></span> <span class='ocrx_word' id='word_1_55' title='bbox 1799 1153 1973 1217; x_wconf 78' lang='lat' dir='ltr'><strong><em>omui</em></strong></span> <span class='ocrx_word' id='word_1_56' title='bbox 2003 1152 2238 1239; x_wconf 85' lang='lat' dir='ltr'><strong><em>fratre</em></strong></span> <span class='ocrx_word' id='word_1_57' title='bbox 2298 1154 2673 1219; x_wconf 78' lang='lat' dir='ltr'><strong><em>ambulante</em></strong></span> <span class='ocrx_word' id='word_1_58' title='bbox 2718 1194 2805 1202; x_wconf 91' lang='lat'><strong>—</strong></span> 
     </span>
     <span class='ocr_line' id='line_1_30' title="bbox 1261 1256 2537 1344; baseline 0.002 -23"><span class='ocrx_word' id='word_1_59' title='bbox 1261 1256 1347 1321; x_wconf 90' lang='grc'><strong><em>24</em></strong></span> <span class='ocrx_word' id='word_1_60' title='bbox 1392 1262 1537 1341; x_wconf 75' lang='lat' dir='ltr'><strong><em>post</em></strong></span> <span class='ocrx_word' id='word_1_61' title='bbox 1579 1258 1741 1322; x_wconf 84' lang='lat' dir='ltr'><strong><em>med.</em></strong></span> <span class='ocrx_word' id='word_1_62' title='bbox 1792 1280 2057 1343; x_wconf 79' lang='lat' dir='ltr'><strong><em>cumque</em></strong></span> <span class='ocrx_word' id='word_1_63' title='bbox 2104 1280 2292 1344; x_wconf 76' lang='lat' dir='ltr'><strong><em>opere</em></strong></span> <span class='ocrx_word' id='word_1_64' title='bbox 2338 1259 2537 1323; x_wconf 71' lang='lat' dir='ltr'><strong><em>totius</em></strong></span> 
     </span>
    </p>

    <p class='ocr_par' dir='ltr' id='par_1_11' title="bbox 1261 1378 2804 1549">
     <span class='ocr_line' id='line_1_31' title="bbox 1261 1378 2804 1466; baseline 0.001 -23"><span class='ocrx_word' id='word_1_65' title='bbox 1261 1380 1372 1461; x_wconf 89' lang='lat' dir='ltr'><strong><em>XI,</em></strong></span> <span class='ocrx_word' id='word_1_66' title='bbox 1410 1378 1492 1442; x_wconf 89' lang='lat'><strong><em>14</em></strong></span> <span class='ocrx_word' id='word_1_67' title='bbox 1536 1380 1673 1444; x_wconf 81' lang='lat' dir='ltr'><strong><em>init.</em></strong></span> <span class='ocrx_word' id='word_1_68' title='bbox 1722 1379 1909 1443; x_wconf 74' lang='lat' dir='ltr'><strong><em>uitus</em></strong></span> <span class='ocrx_word' id='word_1_69' title='bbox 1942 1379 2195 1466; x_wconf 69' lang='lat' dir='ltr'><strong><em>fuisset</em></strong></span> <span class='ocrx_word' id='word_1_70' title='bbox 2234 1380 2543 1466; x_wconf 75' lang='lat' dir='ltr'><strong><em>indeptus</em></strong></span> <span class='ocrx_word' id='word_1_71' title='bbox 2588 1420 2673 1430; x_wconf 90' lang='lat'><strong><em>—-</em></strong></span> <span class='ocrx_word' id='word_1_72' title='bbox 2722 1383 2804 1445; x_wconf 89' lang='lat'><strong><em>16</em></strong></span> 
     </span>
     <span class='ocr_line' id='line_1_32' title="bbox 1261 1482 2503 1549; baseline 0.001 -1"><span class='ocrx_word' id='word_1_73' title='bbox 1261 1486 1396 1549; x_wconf 76' lang='lat' dir='ltr'><strong><em>init.</em></strong></span> <span class='ocrx_word' id='word_1_74' title='bbox 1444 1482 1846 1547; x_wconf 69' lang='lat' dir='ltr'><strong><em>miserabilis</em></strong></span> <span class='ocrx_word' id='word_1_75' title='bbox 1892 1484 2118 1548; x_wconf 76' lang='lat' dir='ltr'><strong><em>anima</em></strong></span> <span class='ocrx_word' id='word_1_76' title='bbox 2166 1484 2503 1549; x_wconf 83' lang='lat' dir='ltr'><strong><em>lace-ratur</em></strong></span> 
     </span>
    </p>

    <p class='ocr_par' dir='ltr' id='par_1_12' title="bbox 1259 1605 2801 1798">
     <span class='ocr_line' id='line_1_33' title="bbox 1264 1605 2801 1694; baseline 0 -23"><span class='ocrx_word' id='word_1_77' title='bbox 1264 1607 1373 1688; x_wconf 90' lang='lat' dir='ltr'><strong><em>VI,</em></strong></span> <span class='ocrx_word' id='word_1_78' title='bbox 1418 1605 1503 1670; x_wconf 91' lang='grc'><strong><em>22</em></strong></span> <span class='ocrx_word' id='word_1_79' title='bbox 1563 1608 1702 1673; x_wconf 80' lang='lat' dir='ltr'><strong><em>init.</em></strong></span> <span class='ocrx_word' id='word_1_80' title='bbox 1771 1605 1868 1669; x_wconf 73' lang='lat' dir='ltr'><strong><em>bis</em></strong></span> <span class='ocrx_word' id='word_1_81' title='bbox 1929 1618 1988 1671; x_wconf 90' lang='lat' dir='ltr'><strong><em>et</em></strong></span> <span class='ocrx_word' id='word_1_82' title='bbox 2048 1629 2115 1671; x_wconf 86' lang='lat' dir='ltr'><strong><em>eo</em></strong></span> <span class='ocrx_word' id='word_1_83' title='bbox 2178 1630 2378 1694; x_wconf 74' lang='lat' dir='ltr'><strong><em>usque</em></strong></span> <span class='ocrx_word' id='word_1_84' title='bbox 2438 1646 2525 1657; x_wconf 90' lang='lat'>—</span> <span class='ocrx_word' id='word_1_85' title='bbox 2578 1610 2720 1691; x_wconf 91' lang='lat' dir='ltr'>VII,</span> <span class='ocrx_word' id='word_1_86' title='bbox 2766 1610 2801 1671; x_wconf 94' lang='grc'><strong><em>1</em></strong></span> 
     </span>
     <span class='ocr_line' id='line_1_34' title="bbox 1259 1711 2170 1798; baseline 0.003 -25"><span class='ocrx_word' id='word_1_87' title='bbox 1259 1722 1526 1797; x_wconf 78' lang='lat' dir='ltr'><strong><em>arrepto</em></strong></span> <span class='ocrx_word' id='word_1_88' title='bbox 1573 1721 1633 1774; x_wconf 86' lang='lat' dir='ltr'><strong><em>et</em></strong></span> <span class='ocrx_word' id='word_1_89' title='bbox 1678 1733 1833 1798; x_wconf 71' lang='lat' dir='ltr'><strong><em>crya</em></strong></span> <span class='ocrx_word' id='word_1_90' title='bbox 1880 1711 2068 1776; x_wconf 83' lang='lat' dir='ltr'><strong><em>deum</em></strong></span> <span class='ocrx_word' id='word_1_91' title='bbox 2115 1722 2170 1776; x_wconf 86' lang='lat' dir='ltr'><strong><em>te</em></strong></span> 
     </span>
    </p>
   </div>
   <div class='ocr_carea' id='block_1_11' title="bbox 1257 1832 2802 2025">
    <p class='ocr_par' dir='ltr' id='par_1_13' title="bbox 1257 1832 2802 2025">
     <span class='ocr_line' id='line_1_35' title="bbox 1262 1832 2802 1921; baseline 0.001 -23"><span class='ocrx_word' id='word_1_92' title='bbox 1262 1834 1338 1913; x_wconf 90' lang='lat' dir='ltr'><strong><em>V,</em></strong></span> <span class='ocrx_word' id='word_1_93' title='bbox 1369 1832 1449 1895; x_wconf 89' lang='grc'><strong><em>12</em></strong></span> <span class='ocrx_word' id='word_1_94' title='bbox 1473 1833 1590 1898; x_wconf 85' lang='lat' dir='ltr'><strong><em>sub</em></strong></span> <span class='ocrx_word' id='word_1_95' title='bbox 1614 1834 1774 1898; x_wconf 80' lang='lat' dir='ltr'><strong><em>med.</em></strong></span> <span class='ocrx_word' id='word_1_96' title='bbox 1808 1832 1968 1920; x_wconf 75' lang='lat' dir='ltr'><strong><em>leqio</em></strong></span> <span class='ocrx_word' id='word_1_97' title='bbox 1995 1834 2367 1897; x_wconf 80' lang='lat' dir='ltr'><strong><em>decoratam</em></strong></span> <span class='ocrx_word' id='word_1_98' title='bbox 2381 1857 2802 1921; x_wconf 75' lang='lat' dir='ltr'><strong><em>praeparare</em></strong></span> 
     </span>
     <span class='ocr_line' id='line_1_36' title="bbox 1257 1936 2537 2025; baseline 0.002 -25"><span class='ocrx_word' id='word_1_99' title='bbox 1257 1974 1343 1983; x_wconf 94' lang='grc'><strong><em>--</em></strong></span> <span class='ocrx_word' id='word_1_100' title='bbox 1393 1936 1472 2001; x_wconf 90' lang='grc'><strong><em>13</em></strong></span> <span class='ocrx_word' id='word_1_101' title='bbox 1517 1938 1623 2003; x_wconf 88' lang='lat' dir='ltr'><strong><em>fin.</em></strong></span> <span class='ocrx_word' id='word_1_102' title='bbox 1673 1936 2157 2001; x_wconf 74' lang='lat' dir='ltr'><strong><em>robustioribus</em></strong></span> <span class='ocrx_word' id='word_1_103' title='bbox 2204 1938 2537 2025; x_wconf 78' lang='lat' dir='ltr'><strong><em>adtempta</em></strong></span> 
     </span>
    </p>
   </div>
   <div class='ocr_carea' id='block_1_12' title="bbox 1256 2058 2800 2474">
    <p class='ocr_par' dir='ltr' id='par_1_14' title="bbox 1256 2058 2800 2247">
     <span class='ocr_line' id='line_1_37' title="bbox 1256 2058 2800 2147; baseline 0 -24"><span class='ocrx_word' id='word_1_104' title='bbox 1256 2061 1334 2141; x_wconf 88' lang='lat' dir='ltr'><strong><em>X,</em></strong></span> <span class='ocrx_word' id='word_1_105' title='bbox 1369 2058 1408 2121; x_wconf 88' lang='grc'>8</span> <span class='ocrx_word' id='word_1_106' title='bbox 1457 2059 1617 2124; x_wconf 87' lang='lat' dir='ltr'><strong><em>med.</em></strong></span> <span class='ocrx_word' id='word_1_107' title='bbox 1669 2060 1759 2121; x_wconf 77' lang='lat' dir='ltr'><strong><em>sis</em></strong></span> <span class='ocrx_word' id='word_1_108' title='bbox 1822 2058 2127 2123; x_wconf 74' lang='lat' dir='ltr'><strong><em>manibus</em></strong></span> <span class='ocrx_word' id='word_1_109' title='bbox 2178 2062 2391 2145; x_wconf 68' lang='lat' dir='ltr'><strong><em>qratia</em></strong></span> <span class='ocrx_word' id='word_1_110' title='bbox 2430 2084 2673 2147; x_wconf 75' lang='lat' dir='ltr'><strong><em>panem</em></strong></span> <span class='ocrx_word' id='word_1_111' title='bbox 2715 2102 2800 2109; x_wconf 91' lang='lat'><strong><em>—-</em></strong></span> 
     </span>
     <span class='ocr_line' id='line_1_38' title="bbox 1268 2163 2555 2247; baseline 0.003 -22"><span class='ocrx_word' id='word_1_112' title='bbox 1268 2163 1349 2226; x_wconf 92' lang='grc'><strong><em>10</em></strong></span> <span class='ocrx_word' id='word_1_113' title='bbox 1393 2168 1538 2247; x_wconf 75' lang='lat' dir='ltr'><strong><em>post</em></strong></span> <span class='ocrx_word' id='word_1_114' title='bbox 1582 2166 1718 2229; x_wconf 73' lang='lat' dir='ltr'><strong><em>init..</em></strong></span> <span class='ocrx_word' id='word_1_115' title='bbox 1768 2164 2169 2227; x_wconf 78' lang='lat' dir='ltr'><strong><em>imitandum</em></strong></span> <span class='ocrx_word' id='word_1_116' title='bbox 2210 2186 2326 2228; x_wconf 71' lang='lat' dir='ltr'><strong><em>‘nos</em></strong></span> <span class='ocrx_word' id='word_1_117' title='bbox 2372 2175 2447 2229; x_wconf 91' lang='lat' dir='ltr'><strong><em>ut</em></strong></span> <span class='ocrx_word' id='word_1_118' title='bbox 2491 2166 2555 2229; x_wconf 79' lang='lat' dir='ltr'><strong><em>ei</em></strong></span> 
     </span>
    </p>

    <p class='ocr_par' dir='ltr' id='par_1_15' title="bbox 1258 2285 2798 2474">
     <span class='ocr_line' id='line_1_39' title="bbox 1258 2285 2798 2373; baseline 0.002 -24"><span class='ocrx_word' id='word_1_119' title='bbox 1258 2286 1336 2367; x_wconf 90' lang='lat' dir='ltr'><strong><em>X,</em></strong></span> <span class='ocrx_word' id='word_1_120' title='bbox 1371 2285 1430 2368; x_wconf 83' lang='lat'>7,</span> <span class='ocrx_word' id='word_1_121' title='bbox 1463 2285 1502 2348; x_wconf 88' lang='grc'>8</span> <span class='ocrx_word' id='word_1_122' title='bbox 1561 2308 1801 2371; x_wconf 72' lang='lat' dir='ltr'><strong><em>rusque</em></strong></span> <span class='ocrx_word' id='word_1_123' title='bbox 1850 2286 1926 2348; x_wconf 79' lang='lat' dir='ltr'><strong><em>de</em></strong></span> <span class='ocrx_word' id='word_1_124' title='bbox 1972 2288 2075 2349; x_wconf 74' lang='lat' dir='ltr'><strong><em>his</em></strong></span> <span class='ocrx_word' id='word_1_125' title='bbox 2136 2288 2253 2373; x_wconf 79' lang='lat' dir='ltr'><strong><em>qui</em></strong></span> <span class='ocrx_word' id='word_1_126' title='bbox 2312 2289 2584 2373; x_wconf 77' lang='lat' dir='ltr'><strong><em>operari</em></strong></span> <span class='ocrx_word' id='word_1_127' title='bbox 2626 2328 2713 2335; x_wconf 96' lang='lat'><strong>—</strong></span> <span class='ocrx_word' id='word_1_128' title='bbox 2759 2289 2798 2352; x_wconf 87' lang='lat'>8</span> 
     </span>
     <span class='ocr_line' id='line_1_40' title="bbox 1260 2389 2068 2474; baseline 0.001 -20"><span class='ocrx_word' id='word_1_129' title='bbox 1260 2390 1419 2454; x_wconf 80' lang='lat' dir='ltr'><strong><em>med.</em></strong></span> <span class='ocrx_word' id='word_1_130' title='bbox 1469 2411 1600 2474; x_wconf 84' lang='lat' dir='ltr'><strong><em>qua</em></strong></span> <span class='ocrx_word' id='word_1_131' title='bbox 1630 2389 1893 2472; x_wconf 80' lang='lat' dir='ltr'><strong><em>fiducia</em></strong></span> <span class='ocrx_word' id='word_1_132' title='bbox 1936 2391 2068 2455; x_wconf 82' lang='lat' dir='ltr'><strong><em>otio</em></strong></span> 
     </span>
    </p>
   </div>
   <div class='ocr_carea' id='block_1_13' title="bbox 1253 2513 2799 2704">
    <p class='ocr_par' dir='ltr' id='par_1_16' title="bbox 1253 2513 2799 2704">
     <span class='ocr_line' id='line_1_41' title="bbox 1263 2513 2799 2597; baseline 0.001 -20"><span class='ocrx_word' id='word_1_133' title='bbox 1263 2513 1340 2595; x_wconf 91' lang='lat' dir='ltr'>V,</span> <span class='ocrx_word' id='word_1_134' title='bbox 1377 2513 1406 2576; x_wconf 91' lang='lat'>1</span> <span class='ocrx_word' id='word_1_135' title='bbox 1445 2513 1715 2597; x_wconf 75' lang='lat' dir='ltr'><strong><em>quintus</em></strong></span> <span class='ocrx_word' id='word_1_136' title='bbox 1762 2513 1945 2577; x_wconf 76' lang='lat' dir='ltr'><strong><em>nobis</em></strong></span> <span class='ocrx_word' id='word_1_137' title='bbox 1979 2553 2061 2562; x_wconf 90' lang='lat'><strong><em>-—</em></strong></span> <span class='ocrx_word' id='word_1_138' title='bbox 2109 2514 2150 2579; x_wconf 91' lang='grc'><strong>2</strong></span> <span class='ocrx_word' id='word_1_139' title='bbox 2185 2515 2300 2580; x_wconf 87' lang='lat' dir='ltr'><strong><em>sub</em></strong></span> <span class='ocrx_word' id='word_1_140' title='bbox 2349 2515 2453 2581; x_wconf 87' lang='lat' dir='ltr'><strong><em>fin.</em></strong></span> <span class='ocrx_word' id='word_1_141' title='bbox 2506 2515 2799 2580; x_wconf 75' lang='lat' dir='ltr'><strong><em>tenebras</em></strong></span> 
     </span>
     <span class='ocr_line' id='line_1_42' title="bbox 1253 2617 1895 2704; baseline 0.003 -25"><span class='ocrx_word' id='word_1_142' title='bbox 1253 2617 1639 2704; x_wconf 71' lang='lat' dir='ltr'><strong><em>purissimis</em></strong></span> <span class='ocrx_word' id='word_1_143' title='bbox 1686 2617 1895 2681; x_wconf 75' lang='lat' dir='ltr'><strong><em>oculis</em></strong></span> 
     </span>
    </p>
   </div>
   <div class='ocr_carea' id='block_1_14' title="bbox 1258 2739 2798 2930">
    <p class='ocr_par' dir='ltr' id='par_1_17' title="bbox 1258 2739 2798 2930">
     <span class='ocr_line' id='line_1_43' title="bbox 1263 2739 2798 2825; baseline 0.001 -22"><span class='ocrx_word' id='word_1_144' title='bbox 1263 2740 1371 2820; x_wconf 91' lang='lat' dir='ltr'><strong><em>VI,</em></strong></span> <span class='ocrx_word' id='word_1_145' title='bbox 1409 2739 1487 2802; x_wconf 89' lang='lat'><strong><em>18</em></strong></span> <span class='ocrx_word' id='word_1_146' title='bbox 1535 2739 1651 2804; x_wconf 88' lang='lat' dir='ltr'><strong><em>sub</em></strong></span> <span class='ocrx_word' id='word_1_147' title='bbox 1701 2740 1805 2805; x_wconf 89' lang='lat' dir='ltr'><strong><em>fin.</em></strong></span> <span class='ocrx_word' id='word_1_148' title='bbox 1855 2741 2122 2825; x_wconf 78' lang='lat' dir='ltr'><strong><em>quisque</em></strong></span> <span class='ocrx_word' id='word_1_149' title='bbox 2166 2741 2389 2804; x_wconf 73' lang='lat' dir='ltr'><strong><em>studio</em></strong></span> <span class='ocrx_word' id='word_1_150' title='bbox 2450 2741 2560 2804; x_wconf 85' lang='lat' dir='ltr'><strong><em>uel</em></strong></span> <span class='ocrx_word' id='word_1_151' title='bbox 2603 2741 2798 2805; x_wconf 77' lang='lat' dir='ltr'><strong><em>iudu-</em></strong></span> 
     </span>
     <span class='ocr_line' id='line_1_44' title="bbox 1258 2843 2638 2930; baseline 0.002 -25"><span class='ocrx_word' id='word_1_152' title='bbox 1258 2843 1430 2906; x_wconf 79' lang='lat' dir='ltr'><strong><em>stria</em></strong></span> <span class='ocrx_word' id='word_1_153' title='bbox 1474 2882 1560 2890; x_wconf 88' lang='lat'><strong><em>-—</em></strong></span> <span class='ocrx_word' id='word_1_154' title='bbox 1604 2843 1689 2908; x_wconf 89' lang='grc'><strong><em>22</em></strong></span> <span class='ocrx_word' id='word_1_155' title='bbox 1735 2845 1870 2909; x_wconf 79' lang='lat' dir='ltr'><strong><em>init.</em></strong></span> <span class='ocrx_word' id='word_1_156' title='bbox 1906 2843 2375 2930; x_wconf 73' lang='lat' dir='ltr'><strong><em>festinandum</em></strong></span> <span class='ocrx_word' id='word_1_157' title='bbox 2421 2856 2512 2909; x_wconf 79' lang='lat' dir='ltr'><strong><em>est</em></strong></span> <span class='ocrx_word' id='word_1_158' title='bbox 2554 2867 2638 2908; x_wconf 77' lang='lat' dir='ltr'><strong><em>no</em></strong></span> 
     </span>
    </p>
   </div>
   <div class='ocr_carea' id='block_1_15' title="bbox 581 2962 2797 3046">
    <p class='ocr_par' dir='ltr' id='par_1_18' title="bbox 581 2962 2797 3046">
     <span class='ocr_line' id='line_1_45' title="bbox 581 2962 2797 3046; baseline 0 -18"><span class='ocrx_word' id='word_1_159' title='bbox 581 2965 825 3028; x_wconf 89' lang='lat' dir='ltr'>XXXII</span> <span class='ocrx_word' id='word_1_160' title='bbox 915 2962 1172 3028; x_wconf 82' lang='lat'>67—68</span> <span class='ocrx_word' id='word_1_161' title='bbox 1261 2966 1372 3046; x_wconf 91' lang='lat' dir='ltr'><strong><em>XI,</em></strong></span> <span class='ocrx_word' id='word_1_162' title='bbox 1411 2964 1490 3028; x_wconf 90' lang='grc'><strong>16</strong></span> <span class='ocrx_word' id='word_1_163' title='bbox 1523 2966 1659 3030; x_wconf 78' lang='lat' dir='ltr'><strong><em>init.</em></strong></span> <span class='ocrx_word' id='word_1_164' title='bbox 1708 2986 1837 3028; x_wconf 78' lang='lat' dir='ltr'><strong><em>‘non</em></strong></span> <span class='ocrx_word' id='word_1_165' title='bbox 1880 2965 2090 3028; x_wconf 77' lang='lat' dir='ltr'><strong><em>solum</em></strong></span> <span class='ocrx_word' id='word_1_166' title='bbox 2135 2966 2394 3031; x_wconf 82' lang='lat' dir='ltr'><strong><em>ratione</em></strong></span> <span class='ocrx_word' id='word_1_167' title='bbox 2437 2967 2551 3030; x_wconf 79' lang='lat' dir='ltr'><strong><em>sed</em></strong></span> <span class='ocrx_word' id='word_1_168' title='bbox 2584 3005 2668 3013; x_wconf 87' lang='lat'><strong><em>——</em></strong></span> <span class='ocrx_word' id='word_1_169' title='bbox 2718 2965 2797 3029; x_wconf 93' lang='lat'><strong><em>18</em></strong></span> 
     </span>
    </p>
   </div>
   <div class='ocr_carea' id='block_1_16' title="bbox 1260 3070 2701 3156">
    <p class='ocr_par' dir='ltr' id='par_1_19' title="bbox 1260 3070 2701 3156">
     <span class='ocr_line' id='line_1_46' title="bbox 1260 3070 2701 3156; baseline 0.001 -22"><span class='ocrx_word' id='word_1_170' title='bbox 1260 3073 1406 3151; x_wconf 74' lang='lat' dir='ltr'><strong><em>post</em></strong></span> <span class='ocrx_word' id='word_1_171' title='bbox 1450 3070 1588 3135; x_wconf 75' lang='lat' dir='ltr'><strong><em>init.</em></strong></span> <span class='ocrx_word' id='word_1_172' title='bbox 1636 3080 2072 3133; x_wconf 78' lang='lat' dir='ltr'><strong><em>occurrentem</em></strong></span> <span class='ocrx_word' id='word_1_173' title='bbox 2119 3070 2246 3134; x_wconf 78' lang='lat' dir='ltr'><strong><em>tali</em></strong></span> <span class='ocrx_word' id='word_1_174' title='bbox 2292 3071 2571 3135; x_wconf 81' lang='lat' dir='ltr'><strong><em>remedio</em></strong></span> <span class='ocrx_word' id='word_1_175' title='bbox 2608 3093 2701 3156; x_wconf 81' lang='lat' dir='ltr'><strong><em>po</em></strong></span> 
     </span>
    </p>
   </div>
   <div class='ocr_carea' id='block_1_17' title="bbox 515 3277 2799 3568">
    <p class='ocr_par' dir='ltr' id='par_1_20' title="bbox 515 3277 2799 3568">
     <span class='ocr_line' id='line_1_47' title="bbox 602 3277 2799 3364; baseline 0.002 -23"><span class='ocrx_word' id='word_1_176' title='bbox 602 3277 736 3341; x_wconf 86' lang='lat' dir='ltr'><strong><em>Iam</em></strong></span> <span class='ocrx_word' id='word_1_177' title='bbox 786 3277 840 3343; x_wconf 86' lang='lat' dir='ltr'><strong><em>si</em></strong></span> <span class='ocrx_word' id='word_1_178' title='bbox 884 3277 1038 3342; x_wconf 84' lang='lat' dir='ltr'><strong><em>folia</em></strong></span> <span class='ocrx_word' id='word_1_179' title='bbox 1081 3295 1204 3342; x_wconf 89' lang='lat' dir='ltr'><strong><em>non</em></strong></span> <span class='ocrx_word' id='word_1_180' title='bbox 1254 3295 1324 3341; x_wconf 86' lang='lat' dir='ltr'><strong><em>eo</em></strong></span> <span class='ocrx_word' id='word_1_181' title='bbox 1385 3278 1601 3343; x_wconf 81' lang='lat' dir='ltr'><strong><em>ordine</em></strong></span> <span class='ocrx_word' id='word_1_182' title='bbox 1647 3297 1768 3361; x_wconf 90' lang='lat' dir='ltr'><strong><em>quo</em></strong></span> <span class='ocrx_word' id='word_1_183' title='bbox 1814 3279 1879 3343; x_wconf 89' lang='lat' dir='ltr'><strong><em>in</em></strong></span> <span class='ocrx_word' id='word_1_184' title='bbox 1940 3281 2149 3345; x_wconf 80' lang='lat' dir='ltr'><strong><em>codice</em></strong></span> <span class='ocrx_word' id='word_1_185' title='bbox 2208 3282 2415 3364; x_wconf 79' lang='lat' dir='ltr'><strong><em>posita</em></strong></span> <span class='ocrx_word' id='word_1_186' title='bbox 2458 3286 2626 3363; x_wconf 76' lang='lat' dir='ltr'>sunt,</span> <span class='ocrx_word' id='word_1_187' title='bbox 2689 3282 2799 3346; x_wconf 82' lang='lat' dir='ltr'><strong><em>sed</em></strong></span> 
     </span>
     <span class='ocr_line' id='line_1_48' title="bbox 516 3382 2799 3469; baseline 0.002 -23"><span class='ocrx_word' id='word_1_188' title='bbox 516 3383 860 3446; x_wconf 79' lang='lat' dir='ltr'><strong><em>secundum</em></strong></span> <span class='ocrx_word' id='word_1_189' title='bbox 908 3382 1134 3446; x_wconf 84' lang='lat' dir='ltr'><strong><em>seriem</em></strong></span> <span class='ocrx_word' id='word_1_190' title='bbox 1173 3382 1476 3447; x_wconf 87' lang='lat' dir='ltr'><strong><em>librorum</em></strong></span> <span class='ocrx_word' id='word_1_191' title='bbox 1523 3387 1588 3447; x_wconf 75' lang='lat' dir='ltr'><strong><em>et</em></strong></span> <span class='ocrx_word' id='word_1_192' title='bbox 1633 3384 1908 3466; x_wconf 73' lang='lat' dir='ltr'><strong><em>capitum</em></strong></span> <span class='ocrx_word' id='word_1_193' title='bbox 1943 3385 2229 3450; x_wconf 81' lang='lat' dir='ltr'><strong><em>Cassiani</em></strong></span> <span class='ocrx_word' id='word_1_194' title='bbox 2274 3387 2587 3469; x_wconf 82' lang='lat' dir='ltr'><strong><em>ponimuS,</em></strong></span> <span class='ocrx_word' id='word_1_195' title='bbox 2634 3387 2799 3451; x_wconf 84' lang='lat' dir='ltr'><strong><em>hanc</em></strong></span> 
     </span>
     <span class='ocr_line' id='line_1_49' title="bbox 515 3487 1883 3568; baseline 0.001 -18"><span class='ocrx_word' id='word_1_196' title='bbox 515 3487 1013 3568; x_wconf 83' lang='lat' dir='ltr'><strong><em>fragmentorum</em></strong></span> <span class='ocrx_word' id='word_1_197' title='bbox 1059 3487 1330 3568; x_wconf 82' lang='lat' dir='ltr'><strong><em>speciem</em></strong></span> <span class='ocrx_word' id='word_1_198' title='bbox 1379 3507 1515 3550; x_wconf 82' lang='lat' dir='ltr'><strong><em>esse</em></strong></span> <span class='ocrx_word' id='word_1_199' title='bbox 1564 3489 1883 3551; x_wconf 82' lang='lat' dir='ltr'><strong><em>uide-mus:</em></strong></span> 
     </span>
    </p>
   </div>
   <div class='ocr_carea' id='block_1_18' title="bbox 511 3692 2794 4317">
    <p class='ocr_par' dir='ltr' id='par_1_21' title="bbox 511 3692 2794 4317">
     <span class='ocr_line' id='line_1_50' title="bbox 669 3692 2441 3753; baseline 0.004 -8"><span class='ocrx_word' id='word_1_200' title='bbox 669 3692 799 3746; x_wconf 84' lang='lat' dir='ltr'><strong><em>folia</em></strong></span> <span class='ocrx_word' id='word_1_201' title='bbox 2167 3698 2441 3753; x_wconf 79' lang='lat' dir='ltr'><strong><em>continent</em></strong></span> 
     </span>
     <span class='ocr_line' id='line_1_51' title="bbox 536 3815 2293 3901; baseline 0.004 -23"><span class='ocrx_word' id='word_1_202' title='bbox 536 3815 736 3896; x_wconf 89' lang='lat' dir='ltr'>XXX,</span> <span class='ocrx_word' id='word_1_203' title='bbox 769 3815 956 3879; x_wconf 85' lang='lat' dir='ltr'>VIIII</span> <span class='ocrx_word' id='word_1_204' title='bbox 1017 3866 1748 3883; x_wconf 92' lang='grc'><strong>..........</strong></span> <span class='ocrx_word' id='word_1_205' title='bbox 1806 3820 1881 3901; x_wconf 89' lang='lat' dir='ltr'>V,</span> <span class='ocrx_word' id='word_1_206' title='bbox 1918 3820 2087 3883; x_wconf 91' lang='lat'><strong><em>1—4</em></strong></span> <span class='ocrx_word' id='word_1_207' title='bbox 2132 3823 2293 3886; x_wconf 88' lang='lat' dir='ltr'><strong><em>med.</em></strong></span> 
     </span>
     <span class='ocr_line' id='line_1_52' title="bbox 717 3919 2705 4006; baseline 0.004 -23"><span class='ocrx_word' id='word_1_208' title='bbox 717 3919 795 4001; x_wconf 88' lang='lat' dir='ltr'>V,</span> <span class='ocrx_word' id='word_1_209' title='bbox 828 3920 958 3984; x_wconf 91' lang='lat' dir='ltr'>IIII</span> <span class='ocrx_word' id='word_1_210' title='bbox 1019 3969 1755 3989; x_wconf 91' lang='grc'><strong>..........</strong></span> <span class='ocrx_word' id='word_1_211' title='bbox 1813 3925 1889 4006; x_wconf 90' lang='lat' dir='ltr'>V,</span> <span class='ocrx_word' id='word_1_212' title='bbox 1920 3923 1963 3986; x_wconf 82' lang='lat'>5</span> <span class='ocrx_word' id='word_1_213' title='bbox 2008 3925 2125 3988; x_wconf 88' lang='lat' dir='ltr'><strong><em>sub</em></strong></span> <span class='ocrx_word' id='word_1_214' title='bbox 2172 3926 2277 3989; x_wconf 87' lang='lat' dir='ltr'><strong><em>fin.</em></strong></span> <span class='ocrx_word' id='word_1_215' title='bbox 2326 3963 2411 3971; x_wconf 90' lang='lat'><strong><em>—-</em></strong></span> <span class='ocrx_word' id='word_1_216' title='bbox 2456 3926 2497 3988; x_wconf 84' lang='lat'>9</span> <span class='ocrx_word' id='word_1_217' title='bbox 2544 3929 2705 3992; x_wconf 78' lang='lat' dir='ltr'><strong><em>med.</em></strong></span> 
     </span>
     <span class='ocr_line' id='line_1_53' title="bbox 511 4023 2623 4110; baseline 0.005 -24"><span class='ocrx_word' id='word_1_218' title='bbox 511 4023 684 4104; x_wconf 89' lang='lat' dir='ltr'>XVI,</span> <span class='ocrx_word' id='word_1_219' title='bbox 715 4024 958 4088; x_wconf 89' lang='lat' dir='ltr'>XXVII</span> <span class='ocrx_word' id='word_1_220' title='bbox 1019 4073 1751 4092; x_wconf 92' lang='grc'><strong>..........</strong></span> <span class='ocrx_word' id='word_1_221' title='bbox 1808 4029 1884 4110; x_wconf 90' lang='lat' dir='ltr'>V,</span> <span class='ocrx_word' id='word_1_222' title='bbox 1924 4027 1994 4090; x_wconf 92' lang='grc'><strong><em>11</em></strong></span> <span class='ocrx_word' id='word_1_223' title='bbox 2048 4029 2209 4092; x_wconf 80' lang='lat' dir='ltr'><strong><em>med.</em></strong></span> <span class='ocrx_word' id='word_1_224' title='bbox 2257 4067 2344 4075; x_wconf 92' lang='lat'>—</span> <span class='ocrx_word' id='word_1_225' title='bbox 2392 4029 2473 4093; x_wconf 87' lang='lat'><strong><em>13</em></strong></span> <span class='ocrx_word' id='word_1_226' title='bbox 2518 4031 2623 4096; x_wconf 89' lang='lat' dir='ltr'><strong><em>fin.</em></strong></span> 
     </span>
     <span class='ocr_line' id='line_1_54' title="bbox 710 4128 2735 4212; baseline 0.005 -21"><span class='ocrx_word' id='word_1_227' title='bbox 710 4128 960 4192; x_wconf 86' lang='lat' dir='ltr'>XVIHI</span> <span class='ocrx_word' id='word_1_228' title='bbox 1019 4177 1756 4196; x_wconf 92' lang='grc'><strong>..........</strong></span> <span class='ocrx_word' id='word_1_229' title='bbox 1815 4134 1887 4212; x_wconf 91' lang='lat' dir='ltr'>V,</span> <span class='ocrx_word' id='word_1_230' title='bbox 1924 4133 2005 4195; x_wconf 92' lang='lat'><strong><em>14</em></strong></span> <span class='ocrx_word' id='word_1_231' title='bbox 2050 4132 2155 4197; x_wconf 89' lang='lat' dir='ltr'><strong><em>fin.</em></strong></span> <span class='ocrx_word' id='word_1_232' title='bbox 2204 4171 2289 4179; x_wconf 91' lang='lat'><strong><em>——</em></strong></span> <span class='ocrx_word' id='word_1_233' title='bbox 2339 4134 2419 4197; x_wconf 89' lang='lat'><strong><em>16</em></strong></span> <span class='ocrx_word' id='word_1_234' title='bbox 2466 4136 2582 4200; x_wconf 83' lang='lat' dir='ltr'><strong><em>Sub</em></strong></span> <span class='ocrx_word' id='word_1_235' title='bbox 2629 4136 2735 4200; x_wconf 88' lang='lat' dir='ltr'><strong><em>fin.</em></strong></span> 
     </span>
     <span class='ocr_line' id='line_1_55' title="bbox 773 4232 2794 4317; baseline 0.005 -22"><span class='ocrx_word' id='word_1_236' title='bbox 773 4232 960 4296; x_wconf 89' lang='lat' dir='ltr'>XXII</span> <span class='ocrx_word' id='word_1_237' title='bbox 1020 4282 1757 4302; x_wconf 90' lang='grc'><strong>..........</strong></span> <span class='ocrx_word' id='word_1_238' title='bbox 1817 4238 1891 4317; x_wconf 90' lang='lat' dir='ltr'>V,</span> <span class='ocrx_word' id='word_1_239' title='bbox 1923 4236 2003 4300; x_wconf 90' lang='grc'><strong><em>21</em></strong></span> <span class='ocrx_word' id='word_1_240' title='bbox 2053 4239 2214 4302; x_wconf 80' lang='lat' dir='ltr'><strong><em>med.</em></strong></span> <span class='ocrx_word' id='word_1_241' title='bbox 2262 4274 2347 4285; x_wconf 92' lang='lat'><strong><em>——</em></strong></span> <span class='ocrx_word' id='word_1_242' title='bbox 2394 4237 2478 4302; x_wconf 87' lang='grc'><strong><em>22</em></strong></span> <span class='ocrx_word' id='word_1_243' title='bbox 2524 4239 2638 4303; x_wconf 85' lang='lat' dir='ltr'><strong><em>sub</em></strong></span> <span class='ocrx_word' id='word_1_244' title='bbox 2685 4239 2794 4306; x_wconf 89' lang='lat' dir='ltr'><strong><em>fin.</em></strong></span> 
     </span>
    </p>
   </div>
   <div class='ocr_carea' id='block_1_19' title="bbox 625 4336 2712 4425">
    <p class='ocr_par' dir='ltr' id='par_1_22' title="bbox 625 4336 2712 4425">
     <span class='ocr_line' id='line_1_56' title="bbox 625 4336 2712 4425; baseline 0.005 -26"><span class='ocrx_word' id='word_1_245' title='bbox 625 4336 737 4417; x_wconf 90' lang='lat' dir='ltr'><strong><em>XI,</em></strong></span> <span class='ocrx_word' id='word_1_246' title='bbox 767 4337 958 4400; x_wconf 87' lang='lat' dir='ltr'>XIIII</span> <span class='ocrx_word' id='word_1_247' title='bbox 1017 4385 1757 4406; x_wconf 90' lang='grc'><strong>..........</strong></span> <span class='ocrx_word' id='word_1_248' title='bbox 1812 4342 1920 4422; x_wconf 89' lang='lat' dir='ltr'><strong><em>VI,</em></strong></span> <span class='ocrx_word' id='word_1_249' title='bbox 1954 4339 1995 4404; x_wconf 87' lang='grc'><strong>2</strong></span> <span class='ocrx_word' id='word_1_250' title='bbox 2037 4347 2181 4425; x_wconf 79' lang='lat' dir='ltr'><strong><em>post</em></strong></span> <span class='ocrx_word' id='word_1_251' title='bbox 2226 4343 2309 4408; x_wconf 88' lang='lat' dir='ltr'><strong><em>in.</em></strong></span> <span class='ocrx_word' id='word_1_252' title='bbox 2358 4380 2443 4388; x_wconf 92' lang='grc'>-</span> <span class='ocrx_word' id='word_1_253' title='bbox 2488 4342 2529 4406; x_wconf 91' lang='grc'>6</span> <span class='ocrx_word' id='word_1_254' title='bbox 2576 4344 2712 4409; x_wconf 78' lang='lat' dir='ltr'><strong><em>init.</em></strong></span> 
     </span>
    </p>
   </div>
  </div>
 </body>
</html>
