3167 4975
515 429 597 497 96
1321 391 1637 488 Iohannis
1684 431 1986 489 Cassiani

513 607 634 692 te),
696 610 805 673 sed
866 610 1056 674 etiam
1118 610 1288 674 aliud
1347 610 1829 676 conluctationis
1888 631 2089 695 genus
2152 631 2218 674 se
2263 611 2492 677 uicisse
2538 615 2805 678 testatur

513 714 755 780 dicens:
819 715 926 778 sic
985 733 1230 799 pugno
1287 733 1428 780 11011
1475 718 1691 798 quasi
1737 722 1979 780 aerem
2026 717 2465 798 uerberans,
2522 717 2649 781 sed
2694 736 2806 782 ca-

513 818 709 902 stigo
755 837 1022 902 corpus
1069 839 1309 884 meum
1355 824 1426 884 et
1470 821 1831 884 seruituti
1878 819 2196 901 subicio,
2243 822 2409 903 quod
2449 823 2695 906 proprie
2728 824 2803 887 ad

512 923 930 988 continentiae
977 923 1220 989 dolores
1269 928 1331 988 et
1391 926 1708 1008 corporale
1772 925 2075 988 ieiunium
2137 929 2321 1006 atque
2384 925 2805 991 adflictionem

513 1027 717 1091 carnis
762 1028 1056 1112 pertinet,
1113 1048 1223 1111 per
1268 1030 1431 1094 hanc
1477 1049 1542 1093 se
1590 1029 1869 1113 pugilem
1918 1029 2231 1112 quendam
2280 1034 2608 1094 strenuum
2654 1049 2803 1095 suae
2886 1050 2911 1088 ⁶

511 1133 715 1196 carnis
763 1152 900 1198 esse
947 1133 1310 1198 describens
1357 1153 1471 1199 nec
1518 1134 1582 1198 in
1631 1153 1866 1198 uanum
1916 1119 2217 1198 aduersus
2267 1153 2407 1199 eam
2454 1136 2612 1200 ictus
2659 1153 2806 1200 con-

511 1236 810 1301 tinentiae
867 1238 1216 1302 exercuisse
1263 1237 1624 1323 designanS,
1687 1239 1795 1302 sed
1841 1239 2231 1322 triumphum
2276 1257 2527 1323 pugnae
2588 1240 2805 1306 morti-

510 1338 800 1406 ficatione
846 1343 943 1406 sui
991 1343 1264 1426 corporis
1329 1343 1706 1426 adquisisse:
1768 1361 1889 1425 quo
1951 1343 2318 1409 uerberibus
2382 1344 2805 1409 continentiae

510 1447 818 1530 castigato
864 1451 927 1511 et
972 1447 1343 1512 ieiuniorum
1390 1448 1708 1512 caestibus
1768 1446 1920 1512 eliso
1983 1449 2204 1513 uictori
2266 1449 2511 1532 spiritui
2570 1449 2805 1514 inmor-

421 1558 456 1613 2
504 1551 772 1616 talitatis
843 1569 1138 1616 coronam
1208 1556 1272 1616 et
1338 1553 1821 1635 incorruptionis
1891 1554 2157 1617 contulit
2223 1553 2521 1637 palmam.
2628 1553 2804 1617 uides
2862 1573 2912 1611 ιο

507 1656 866 1740 legitimum
929 1656 1406 1722 conluctationis
1469 1657 1754 1722 ordinem
1817 1659 1880 1720 et
1940 1657 2317 1740 spiritalium
2386 1658 2801 1722 certaminum

509 1761 955 1844 contemplaris
1003 1766 1320 1842 euentum,
1384 1762 1917 1844 quemadmodum
1975 1762 2216 1826 athleta
2261 1761 2496 1826 Christi
2542 1763 2801 1847 adeptus

509 1865 585 1928 (10
609 1864 1003 1930 rebellatrice
1029 1885 1214 1930 carne
1241 1868 1572 1932 uictoriam
1598 1867 1880 1931 subiecta
1910 1867 2020 1932 illa
2050 1867 2508 1950 quodammodo
2539 1867 2803 1951 pedibus

510 1971 637 2034 suis
671 1975 742 2035 ut
779 1969 1068 2036 sublimis
1115 1972 1536 2054 triumphator
1579 1972 1918 2036 inuehitur.
1999 1975 2062 2035 et
2104 1972 2331 2036 idcirco
2378 1991 2521 2037 non
2568 1972 2803 2036 currit

509 2073 584 2138 in
653 2075 1054 2154 incertum,
1124 2076 1272 2158 quia
1338 2076 1693 2141 confidebat
1760 2075 1981 2140 urbem
2052 2081 2337 2141 sanctam
2405 2077 2804 2141 Hierusalem
2860 2105 2911 2144 15

511 2179 846 2242 caelestem
895 2199 963 2242 se
1023 2181 1310 2263 protinus
1371 2183 1826 2264 ingressurum.
1906 2181 1995 2244 sic
2056 2185 2315 2264 pugnat,
2377 2181 2623 2268 ieiuniis
2687 2182 2803 2245 sci-

507 2283 655 2348 licet
709 2288 773 2347 et
834 2283 1184 2349 adflictione
1246 2285 1508 2366 carnali,
1571 2303 1713 2350 non
1775 2285 1993 2368 quasi
2054 2291 2301 2350 0010111
2362 2286 2802 2366 110111010110,

507 2387 571 2450 id
619 2391 717 2452 est
762 2388 826 2452 in
883 2407 1119 2453 uanum
1180 2389 1339 2453 ictus
1402 2391 1824 2454 continentiae
1886 2391 2231 2473 porrigenS,
2292 2409 2403 2474 per
2464 2409 2617 2472 quos
2679 2409 2803 2454 non

512 2496 720 2556 0010111
753 2511 1044 2575 uacuum,
1087 2494 1197 2558 sed
1227 2494 1367 2559 illos
1402 2496 1658 2577 spiritus
1691 2496 1796 2577 qui
1829 2495 1893 2557 in
1927 2513 1998 2558 eo
2030 2498 2361 2559 uersantur
2392 2496 2802 2579 castigatione

510 2597 608 2660 sui
655 2598 929 2681 corporis
991 2597 1380 2663 uerberabat.
1461 2600 1568 2681 qui
1633 2599 1800 2662 enim
1862 2599 2015 2663 dicit
2076 2618 2219 2663 non
2284 2600 2499 2681 quasi
2559 2605 2801 2664 0010111
2854 2629 2909 2668 20

511 2701 947 2783 uerberanS,
995 2703 1270 2767 ostendit
1301 2724 1390 2783 se,
1440 2704 1696 2767 tametsi
1729 2722 1854 2768 non
1886 2710 2095 2767 aerem
2130 2722 2399 2768 uacuum
2432 2707 2495 2768 et
2526 2704 2801 2785 inanem,

511 2806 752 2887 aliquos
813 2811 1026 2870 tamen
1088 2808 1151 2871 in
1215 2813 1354 2871 0010
1418 2807 1768 2872 uerberare.
1848 2811 1910 2871 et
1970 2808 2119 2889 quia-
2177 2808 2329 2872 haec
2383 2808 2801 2873 certaminum

510 2929 740 2993 genera
801 2915 1129 2993 superarat
1191 2916 1253 2976 et
1317 2912 1550 2976 ditatus
1620 2912 1965 2976 multarum
2034 2930 2403 2977 coronarum
2472 2912 2800 2996 stipendiis

509 3012 867 3095 incedebat,
935 3034 1059 3079 11011
1127 3017 1418 3081 inmerito
1481 3016 1910 3081 robustiorum
1969 3017 2191 3099 incipit
2250 3016 2531 3081 hostium
2594 3016 2800 3080 subire

508 3120 873 3199 luctamina,
935 3140 1008 3183 ac
1069 3120 1380 3203 prioribus
1429 3121 1693 3185 aemulis
1742 3121 2146 3203 triumphatis
2195 3140 2340 3185 cum
2385 3120 2615 3185 fiducia
2659 3140 2800 3204 pro·
2854 3150 2907 3188 25

511 3223 741 3288 clamat
787 3228 850 3287 et·
895 3224 1073 3288 dicit:
1122 3226 1266 3289 iam
1313 3244 1455 3289 non
1503 3229 1617 3289 est
1662 3225 1877 3289 nobis
1926 3226 2389 3290 conluctatio
2436 3226 2799 3291 aduersus

716 3398 772 3467 2]
811 3399 840 3452 1
876 3398 994 3452 Cor.
1022 3402 1072 3461 0,
1097 3402 1320 3453 26—27.
1421 3398 1514 3467 26]
1553 3398 1687 3467 Eph.
1716 3402 1765 3463 6,
1796 3401 1872 3453 12.

618 3558 643 3610 1
684 3553 818 3608 aliut
853 3556 906 3609 A
1021 3570 1212 3623 genere
1258 3556 1346 3609 H²
1457 3558 1490 3609 4
1539 3554 1738 3608 doloris
1784 3557 1839 3608 et
1883 3554 2209 3624 corporalem
2246 3556 2322 3610 L¹
2437 3558 2468 3611 5
2505 3554 2711 3624 penitet
2743 3554 2797 3609 L

509 3640 774 3711 pugillum
809 3642 890 3697 Η1
1001 3646 1034 3697 (1
1071 3660 1158 3695 eas
1184 3643 1238 3696 A
1345 3644 1376 3697 7
1415 3644 1708 3695 exercuisse
1745 3660 1801 3696 sc
1826 3644 1879 3697 A
1988 3646 2021 3699 8
2058 3642 2368 3710 exquississe
2403 3643 2472 3697 H
2571 3646 2603 3697 9
2642 3643 2799 3697 casti-

510 3730 723 3796 gatione
761 3730 882 3798 (om.
911 3728 984 3798 ct)
1023 3731 1090 3785 H
1201 3728 1432 3783 cestibus
1469 3730 1522 3784 A
1595 3729 1866 3799 gressibus
1902 3731 1973 3785 H
2081 3730 2297 3785 uictoris
2335 3731 2410 3785 L¹
2527 3733 2591 3786 10
2627 3730 2799 3785 incor-

509 3817 781 3886 ruptiones
828 3818 912 3871 Ηι
1019 3816 1208 3871 uidens
1254 3817 1328 3871 L¹
1450 3820 1513 3872 12
1560 3816 2038 3886 quemadmodum]
2085 3834 2243 3885 quem
2294 3819 2347 3871 A
2453 3816 2693 3871 anthleta
2736 3818 2805 3872 H

513 3905 576 3959 13
615 3902 934 3958 rebellatrici
971 3904 1040 3958 H
1086 3902 1359 3957 bellatrice
1396 3905 1470 3958 L¹
1561 3904 1868 3973 uictoriam]
1909 3904 2033 3957 uict.
2062 3904 2316 3957 uitiorum
2354 3904 2423 3958 H
2504 3903 2797 3958 subiectam

508 3990 604 4043 illa*
627 3992 678 4044 L
739 3989 832 4043 illa
857 3990 1094 4045 subiecta
1117 3992 1242 4045 AH
1318 3989 1415 4043 sub
1441 3990 1667 4059 pedibus
1693 3992 1745 4045 L
1832 3993 1894 4045 14
1921 3991 2289 4059 triumphatur
2311 3992 2393 4045 H1
2467 3994 2533 4046 15
2558 3990 2798 4044 conside-

509 4076 664 4130 rabat
688 4080 740 4131 A
835 4073 946 4131 fin-1
972 4079 1026 4132 A
1125 4081 1189 4134 16
1215 4077 1416 4132 scilicet
1450 4078 1661 4132 ieiuniis
1687 4080 1739 4133 L
1837 4081 1902 4134 18
1928 4078 2007 4147 in]
2035 4094 2143 4132 non
2173 4078 2229 4131 in
2263 4080 2331 4132 H
2417 4080 2485 4133 20
2511 4094 2689 4131 acram
2712 4080 2797 4133 Η1

509 4218 576 4271 22
632 4233 752 4270 aera
807 4218 876 4271 H
981 4164 1156 4271 ”haec
1210 4219 1279 4272 H
1439 4218 1794 4272 certaminum
1848 4234 2043 4287 genera
2101 4218 2344 4272 GHLT:
2398 4217 2692 4272 certamina
2743 4219 2798 4272 A

508 4306 576 4358 23
623 4308 966 4373 superauerat
1009 4306 1080 4359 H
1143 4308 1360 4374 superat
1404 4307 1478 4360 L¹
1596 4308 1663 4361 24
1710 4304 1978 4359 incidebat
2023 4306 2107 4360 H¹
2222 4305 2456 4359 hostium
2504 4306 2694 4375 incipit
2736 4306 2805 4359 H

508 4393 576 4445 25
615 4391 998 4460 triumphantis
1037 4394 1120 4446 Ηι
