3167 4975
552 412 678 479 266
1370 414 1683 467 Iohannis
1730 412 2026 468 Cassiani

551 590 873 673 magister,
920 588 1122 652 sciens
1170 589 1493 654 dominum
1524 590 1742 654 Iesum
1788 582 2110 655 Christum
2159 591 2320 655 sicut
2365 610 2588 656 uerum
2635 590 2841 671 deum,

548 695 637 758 ita
682 697 747 758 et
792 712 1009 757 uerum
1056 693 1381 759 hominem
1425 696 1934 780 praedicandum,
1993 696 2087 759 ita
2145 714 2392 780 semper
2445 697 2842 760 maiestatem

550 798 899 863 diuinitatis
931 798 994 862 in
1036 816 1107 863 eo
1138 800 1475 882 praedicat,
1524 804 1596 864 ut
1624 799 2072 864 incarnationis
2106 801 2563 865 confessionem
2594 800 2842 883 penitus

550 920 673 968 non
733 904 1071 985 relinquat,
1134 904 1467 967 excludens
1532 904 1750 987 utique
1813 907 1876 969 et
1933 905 2316 988 phantasma
2360 905 2696 969 Marcionis
2749 904 2844 969 in-

548 1008 908 1073 carnatione
968 1024 1119 1071 uera
1179 1011 1243 1072 et
1302 1012 1737 1093 paupertatem
1784 1009 2093 1074 Hebionis
2155 1010 2484 1074 diuinitate
2543 1010 2840 1093 perfecta,
2923 1035 2948 1073 ε,

550 1132 627 1177 ne
684 1112 918 1177 scilicet
962 1132 1073 1195 per
1134 1114 1503 1177 alterutram
1550 1113 1980 1197 blasphemiae
2026 1116 2504 1198 peruersitatem
2551 1114 2842 1177 dominus

548 1218 726 1281 Iesus
774 1216 1059 1282 Christus
1121 1221 1232 1281 aut
1275 1218 1463 1283 homo
1508 1218 1762 1301 penitus
1820 1219 1954 1283 sine
2002 1219 2116 1283 deo
2179 1223 2288 1283 aut
2341 1219 2494 1283 deus
2550 1219 2687 1283 sine
2731 1219 2844 1282 ho-

554 1323 721 1385 mine
768 1323 1071 1386 credatur.
1147 1323 1309 1386 bene
1357 1340 1503 1406 ergo
1566 1324 1885 1407 apostolus
1947 1323 2214 1387 missum
2276 1342 2343 1387 se
2406 1324 2571 1387 sicut
2631 1342 2670 1387 a
2727 1323 2842 1387 deo

548 1430 746 1509 patre,
807 1427 899 1491 ita
944 1430 1007 1491 et
1052 1445 1089 1490 a
1133 1427 1247 1490 deo
1292 1427 1419 1491 filio
1462 1427 1834 1510 praedicans
1881 1428 2338 1493 confessionem
2385 1429 2596 1491 statim
2645 1428 2844 1493 domi-

548 1532 727 1595 nicae
780 1531 1226 1596 incarnationis
1290 1532 1571 1595 adiunxit
1615 1532 1857 1597 dicens:
1921 1532 2046 1613 qui
2105 1533 2521 1597 suscitauit
2581 1552 2743 1596 eum
2803 1550 2842 1597 a

550 1637 896 1717 mortuiS,
963 1655 1185 1701 uerum
1255 1636 1491 1700 scilicet
1552 1636 1860 1701 incarnati
1920 1636 2018 1700 dei
2079 1654 2302 1720 corpus
2369 1637 2742 1701 suscitatum
2804 1654 2844 1699 a

550 1743 811 1805 mortuis
859 1741 1085 1805 docens
1148 1742 1323 1805 iuxta
1382 1742 1565 1805 illud:
1632 1744 1704 1805 et
1765 1742 1825 1805 si
1886 1743 2372 1826 cognouimus
2437 1743 2840 1806 secundum

550 1864 847 1909 carnem
896 1844 1308 1927 Christum,
1354 1846 1515 1910 bene
1564 1846 1830 1910 addens:
1888 1847 2014 1910 sed
2075 1848 2458 1911 nunciam
2519 1864 2661 1912 non
2721 1865 2842 1911 no-

552 1950 814 2013 uimus,
889 1950 1007 2013 hoc
1054 1951 1219 2014 enim
1261 1969 1326 2013 se
1374 1950 1437 2014 in
1469 1968 1541 2015 eo
1572 1968 1756 2013 nosse
1804 1950 1950 2014 dicit
1981 1950 2326 2015 secuudum
2358 1969 2633 2032 carnem,
2681 1950 2844 2033 quod

550 2055 633 2118 sit
678 2072 715 2117 a
758 2054 1023 2118 mortuis
1071 2054 1426 2134 suscitatuS,
1490 2054 1555 2118 in
1619 2071 1690 2118 eo
1753 2074 1899 2119 uero
1961 2074 2028 2117 se
2090 2075 2234 2119 eum
2289 2056 2413 2119 iam
2469 2074 2596 2121 non
2657 2073 2840 2119 nosse

549 2158 890 2222 secundum
937 2176 1211 2238 carnem,
1259 2159 1420 2240 quod
1466 2162 1752 2223 cessante
1798 2160 2003 2223 carnis
2052 2160 2390 2243 fragilitate
2435 2160 2498 2224 in
2531 2160 2667 2223 sola
2698 2179 2842 2223 eum

547 2262 795 2327 nouerit
840 2262 937 2325 dei
984 2282 1121 2327 esse
1166 2264 1423 2327 uirtute:
1472 2263 1672 2327 fidelis
1715 2264 1950 2327 scilicet
1994 2264 2447 2345 praedicandae
2493 2264 2842 2328 dominicae

548 2366 889 2431 diuinitatis
952 2370 1017 2430 et
1077 2366 1231 2430 satis
1292 2366 1550 2431 idoneus
1599 2367 1801 2448 testiS‚
1865 2368 1970 2449 qui
2025 2368 2084 2431 in
2139 2368 2438 2452 principio
2497 2370 2841 2433 uocationis

548 2489 697 2536 suae
745 2472 1004 2537 caelitus
1051 2472 1392 2556 castigatus
1440 2472 1842 2538 maiestatem
1883 2473 2168 2537 suscitati
2214 2491 2252 2538 a
2297 2474 2558 2538 mortuis
2605 2473 2841 2540 domini

548 2577 691 2640 Iesu
739 2576 971 2642 Christi
1030 2596 1155 2642 non
1208 2577 1331 2642 fide
1388 2581 1637 2642 tantum
1701 2578 1894 2641 animi
1953 2579 2049 2642 sui
2109 2579 2418 2660 crederet,
2479 2579 2589 2642 sed
2651 2579 2840 2642 etiam

547 2682 741 2746 oculis
788 2681 1211 2764 corporalibus
1258 2682 1687 2764 approbasset.

632 2785 741 2850 VI.
798 2784 979 2849 Unde
1042 2785 1231 2850 ctiam
1294 2785 1459 2867 apud
1511 2786 1861 2869 Agrippam
1923 2805 2136 2870 regem
2200 2791 2264 2851 et
2321 2789 2562 2851 ceteros
2623 2788 2843 2852 mundi

547 2888 779 2953 iudices
828 2889 1139 2954 disserens
1186 2891 1275 2954 ita
1320 2890 1437 2955 ait:
1492 2891 1662 2954 dum
1705 2893 1890 2954 irem
1937 2891 2382 2956 Damascum
2429 2909 2592 2954 cum
2637 2895 2842 2974 pote-

546 2998 745 3059 state
792 2998 865 3058 et
907 2995 1278 3076 permissu
1324 2995 1691 3077 principis
1747 2995 2248 3076 sacerdotum,
2312 2996 2427 3059 die
2483 2996 2724 3060 media
2767 2998 2840 3062 in

546 3100 669 3162 uia
712 3098 897 3180 uidi,
942 3118 1097 3180 rex,
1144 3099 1229 3164 de
1274 3100 1481 3164 caelo
1522 3117 1746 3181 supra
1787 3100 2261 3183 splendorem
2303 3100 2490 3164 solis
2530 3101 2842 3165 circum-

544 3203 855 3267 fulsisse
918 3223 1027 3266 me
1073 3203 1324 3268 lumen
1386 3207 1457 3268 et
1516 3222 1771 3269 omnes
1819 3205 1942 3287 qui
2001 3204 2224 3268 simul
2271 3223 2556 3270 mecum
2604 3209 2840 3288 erant,

546 3324 951 3389 omnesque
1018 3326 1153 3372 nos
1229 3326 1389 3372 cum
1454 3308 1998 3373 decidissemus
2066 3309 2141 3372 in
2201 3313 2509 3390 terram,
2587 3310 2842 3374 audiui

544 3431 803 3477 uocem
862 3413 1233 3477 dicentem
1293 3414 1473 3478 mihi
1516 3414 1898 3480 Hebraica
1955 3415 2247 3497 lingua:
2309 3413 2532 3479 Saule
2593 3415 2840 3496 Saule,

546 3517 719 3598 quid
766 3536 877 3582 me
922 3517 1442 3601 persequeris?
1489 3518 1750 3583 durum
1797 3519 1936 3584 tibi
1985 3523 2100 3583 est
2143 3522 2406 3584 contra
2452 3520 2840 3584 stimulum

756 3715 842 3786 12]
881 3716 939 3770 11
977 3717 1093 3772 eor.
1121 3720 1170 3781 5,
1199 3719 1279 3773 16.
1388 3717 1477 3787 23]
1516 3717 1996 3784 Aet.26,12—15.

631 3893 665 3946 4
692 3891 1015 3944 marchionis
1042 3892 1118 3946 M
1215 3895 1246 3948 5
1272 3891 1514 3946 hebionis
1530 3911 1606 3962 p:
1641 3891 1844 3946 ebionis
1869 3893 2008 3948 NM
2105 3895 2135 3949 7
2160 3893 2404 3962 poenitus
2429 3895 2498 3949 N
2589 3901 2720 3964 post
2743 3899 2838 3948 aut

547 3977 676 4030 deus
711 3995 821 4034 ras.
848 3983 986 4033 4—5
1023 3980 1123 4034 litt.
1150 3980 1212 4034 in
1236 3980 1320 4034 N:
1358 3981 1472 4034 uid.
1500 3981 1672 4050 fuisse
1709 3983 1803 4032 aut
1840 3980 1910 4033 ds*
2009 3983 2042 4036 8
2080 3981 2273 4034 misum
2299 3981 2364 4036 N
2468 3984 2535 4037 12
2559 3981 2838 4036 Christum

546 4065 837 4118 secundum
876 4082 1089 4119 carnem
1126 4067 1225 4120 Μυ
1334 4069 1397 4122 15
1433 4067 1491 4120 in
1528 4083 1588 4120 eo
1626 4083 1750 4120 uero
1787 4067 1906 4137 eta]
1951 4067 2094 4120 Bene
2131 4086 2318 4139 maryo
2355 4069 2423 4124 N
2526 4073 2590 4124 16
2626 4069 2838 4123 nouerit

546 4167 667 4206 eum
704 4153 779 4208 M
880 4155 943 4209 18
980 4155 1035 4206 et
1068 4172 1169 4209 om.
1208 4155 1285 4208 M
1386 4157 1449 4210 19
1487 4153 1692 4208 domini
1737 4155 1906 4208 nostri
1945 4157 2044 4210 Mv
2149 4158 2217 4211 23
2265 4155 2586 4209 dissererens
2621 4157 2689 4211 N
2754 4156 2836 4210 di-

546 4299 752 4336 scerens
788 4283 912 4352 (sic)
948 4285 1023 4339 M
1095 4241 1341 4350 ddserens
1370 4301 1414 4353 p
1556 4285 1624 4340 25
1662 4283 2078 4338 circumfulcisse
2115 4287 2189 4340 M
2320 4287 2390 4342 26
2427 4302 2636 4340 mecum
2673 4287 2836 4341 simul

546 4371 683 4440 Mpv
718 4372 1011 4440 (Uulyata)
1116 4373 1184 4427 28
1220 4370 1397 4424 saulae
1435 4372 1500 4426 N
1532 4374 1702 4428 altero
1741 4374 1856 4428 loeo
1963 4375 2030 4428 29
2067 4377 2150 4427 est
2184 4372 2284 4427 tibi
2321 4375 2424 4429 Mv
2457 4375 2750 4446 (Uulqata)

2901 1558 2952 1596 1⁰

2907 2080 2955 2119 15
