3167 4975
535 400 715 456 LXII

1055 566 1100 621 Ο

537 678 904 755 sequuntur,
953 692 990 737 a
1035 693 1201 739 man.
1242 674 1271 735 1
1311 675 1484 757 sunt)
1529 697 1629 759 ecp-

527 778 966 864 ‚2²97tt‘112522233w32
1021 778 1250 865 ipae
1309 788 1400 864 ea
1458 780 1631 865 qued

533 867 800 967 {fitetur
862 892 920 967 et
981 868 1056 967 izi
1113 884 1265 969 irre
1326 870 1628 969 <exple-‹³-

537 987 715 1072 tieee
778 974 1152 1073 discrima&
1203 974 1627 1052 necessita-⁸

533 1090 708 1155 ulla
780 1092 1160 1156 detulerit
1219 1094 1625 1178 passionis

532 1217 832 1259 sensum
869 1196 1191 1282 penit-us
1224 1196 1626 1282 iquorabit

533 1310 887 1363 execretur.
937 1302 1051 1363 hoc
1080 1300 1282 1364 abbas
1313 1302 1625 1364 iohannes

535 1410 598 1469 et
642 1406 750 1469 rel.

619 1617 778 1681 Ecce
824 1617 1054 1681 iterum
1099 1618 1240 1681 luce
1286 1618 1514 1681 clarius
1561 1622 1821 1700 apparet
1866 1636 1976 1682 cur
2020 1618 2123 1682 hic
2170 1617 2344 1683 locus
2394 1636 2431 1683 a
2492 1621 2817 1685 monachis

533 1722 724 1785 medii
785 1722 924 1800 aeui
984 1722 1068 1785 sit
1112 1722 1483 1786 inmutatus.
1563 1722 1865 1786 nimirum
1910 1722 2100 1786 nimis
2144 1722 2497 1806 periculosa
2541 1725 2679 1788 uisa
2724 1730 2823 1789 est

532 1826 642 1889 illa
695 1826 1006 1890 castitatis
1067 1826 1351 1907 probatio
1413 1844 1450 1889 a
1497 1824 1796 1890 Cassiano
1848 1828 2125 1909 perfecto
2186 1827 2322 1893 uiro
2368 1846 2686 1909 concessa,
2749 1834 2821 1893 ut

531 1930 771 1994 scilicet
815 1930 1332 2013 imaginationem
1379 1930 1655 2012 aliquam
1703 1931 2181 1996 inlecebrosa
2224 1936 2473 1996 mente
2506 1934 2820 2017 concipiat

534 2039 596 2098 et
641 2034 1024 2099 inlecebram
1077 2034 1637 2099 blandissimorum
1683 2038 2022 2099 tactuum
2069 2055 2225 2117 quos
2272 2036 2604 2120 cogitando
2652 2055 2821 2102 con-

531 2139 848 2202 finxerit
893 2140 1260 2221 experiatur.

620 2243 694 2306 In
721 2242 894 2308 Conl.
922 2244 1193 2324 XXIIII,
1219 2262 1352 2327 cap.
1385 2242 1461 2305 17
1493 2243 1834 2308 Cassianus
1866 2242 2090 2327 probat
2114 2263 2255 2308 eam
2286 2246 2534 2309 animae
2568 2250 2821 2311 nostrae

531 2352 798 2430 partem,
847 2366 1006 2429 quae
1053 2348 1354 2412 infirmior
1399 2348 1502 2428 sit,
1551 2348 2073 2430 temptationibus
2106 2348 2339 2412 diaboli
2382 2350 2633 2414 facilius
2681 2370 2823 2415 suc-

532 2451 844 2516 cumbere.
925 2453 990 2516 in
1035 2452 1213 2516 cuius
1258 2452 1346 2516 rei
1394 2453 1749 2536 exemplum
1798 2452 1989 2517 refert
2033 2453 2357 2518 Israelitas
2408 2454 2819 2521 fornicatione

531 2558 764 2641 lapsos,
812 2558 962 2640 quia
1005 2557 1522 2640 concupiscibiles
1569 2559 1923 2622 animarum
1971 2576 2187 2622 eorum
2232 2563 2443 2642 partes
2490 2566 2819 2644 corruptae

533 2666 729 2727 erant.
808 2663 948 2725 dein
1020 2662 1292 2727 transitu
1361 2663 1438 2726 ad
1507 2661 1947 2726 rationabilem
2016 2662 2263 2727 animae
2331 2668 2578 2747 partem
2652 2665 2819 2730 facto

533 2767 833 2849 exemplis
865 2767 1064 2831 utitur
1094 2767 1261 2850 regis
1292 2766 1515 2830 Achab
1549 2766 1931 2850 spiritusque
1971 2767 2142 2832 illius
2190 2769 2511 2833 mendacis
2558 2770 2664 2850 qui
2710 2789 2821 2852 per

531 2871 870 2954 prophetas
901 2872 1094 2936 ‘falsos
1125 2870 1516 2954 loquebatur,
1565 2871 2003 2934 demonstrans
2036 2871 2357 2936 diabolum
2402 2893 2514 2956 per
2543 2873 2820 2938 rationa-

533 2975 724 3038 bilem
755 2976 1093 3057 adfectum‚
1143 2977 1193 3040 si
1237 2977 1290 3040 is
1331 2974 1631 3040 letalibus
1663 2975 1907 3039 insidiis
1955 2981 2209 3060 apertus
2259 2981 2374 3058 cst,
2422 2978 2679 3059 laqueos
2713 2979 2821 3042 de-

533 3080 836 3163 ceptionis
869 3080 1209 3143 intendere.
1257 3084 1572 3164 postremo
1598 3079 1655 3162 g.
1682 3078 1723 3143 5
1748 3079 1937 3164 quod,
1974 3081 2199 3163 inquit,
2232 3081 2427 3144 etiam
2454 3081 2531 3145 de
2562 3081 2820 3145 domino

529 3192 749 3244 nostro
797 3181 968 3246 idem
1011 3183 1294 3267 spiritus
1341 3183 1653 3269 opinatus
1704 3185 1768 3267 (i.
1805 3203 1855 3248 e.
1914 3185 2152 3250 domini
2198 3187 2477 3251 animam
2522 3187 2820 3251 letalibus

529 3289 775 3352 insidiis
839 3291 1121 3371 apertam
1169 3287 1331 3372 esse)
1379 3309 1524 3350 cum
1579 3288 1652 3350 in
1700 3288 1800 3351 his
1848 3310 1993 3352 eum
2040 3287 2253 3352 tribus
2302 3289 2564 3354 animae
2626 3300 2817 3376 temp·

531 3401 727 3454 tasset
771 3389 1144 3476 adfectibus
1179 3392 1362 3476 (quos
1393 3411 1525 3476 cap.
1567 3391 1648 3456 15
1682 3394 2099 3477 exposuerat),
2146 3393 2324 3456 nihil
2364 3404 2497 3458 tam
2526 3395 2818 3458 uersutis

525 3494 816 3580 profecit
872 3495 1163 3558 insidiis.
1243 3497 1524 3579 sequitur
1586 3499 1859 3562 narratio
1920 3500 2184 3582 triplicis
2248 3501 2487 3564 domini
2546 3505 2820 3584 tempta-

532 3601 738 3664 tionis.
787 3639 874 3646 —
918 3602 1008 3666 ita
1039 3602 1251 3666 omnia
1283 3605 1426 3684 apte
1458 3602 1814 3683 cohaerent,
1862 3603 1984 3667 nisi
2016 3605 2181 3685 quod
2228 3606 2583 3687 exemplum
2613 3609 2820 3688 temp-

532 3705 788 3768 tationis
835 3725 944 3788 per
977 3705 1444 3769 irascibilem
1492 3707 1739 3770 animae
1772 3707 2088 3771 adfectum
2136 3708 2419 3792 ingestae
2466 3709 2819 3772 desiderare

531 3809 752 3892 possis
819 3810 982 3890 quod
1015 3829 1158 3873 cum
1191 3811 1446 3892 quidam
1480 3811 1803 3891 sensisset,
1850 3815 1993 3894 post
2024 3811 2219 3876 uerba
2247 3813 2303 3894 ξ.
2338 3812 2379 3876 5
2412 3811 2669 3895 laqueos
2719 3812 2821 3876 de-

531 3913 842 3998 ceptionis
875 3912 1158 3976 intendit
1201 3913 1526 3998 (intendat
1565 3913 1640 3990 O,
1682 3913 2026 3978 incurrens
2055 3915 2131 4000 β)
2181 3917 2339 3981 haec
2384 3917 2676 3982 intrusit:
2724 3918 2821 3980 sic

530 4017 724 4080 etiam
757 4016 1079 4081 Herodem
1114 4017 1398 4102 (ev-odem
1438 4016 1518 4102 O)
1560 4039 1690 4103 per
1721 4017 2122 4083 irascibilem.
2168 4020 2425 4083 animae
2446 4021 2819 4106 portionem

535 4119 820 4205 (partem
851 4121 919 4207 r)
964 4121 1055 4184 ad
1085 4120 1278 4184 illam
1311 4131 1647 4184 tantorum
1685 4122 2043 4186 insontium
2079 4123 2479 4209 (infantium
2506 4124 2574 4210 v)
2608 4147 2821 4189 necem

530 4224 1004 4288 callidissimus
1019 4225 1338 4312 (callidus
1353 4225 1438 4312 O)
1458 4227 1659 4290 hostis
1678 4228 1944 4315 iupeqit,
1957 4250 2026 4292 eo
2042 4227 2215 4314 quod
2230 4229 2425 4292 istam
2439 4229 2715 4315 (histum
2728 4229 2814 4318 O)

526 4329 920 4415 propensius
939 4330 1010 4392 iu
1027 4352 1094 4393 eo
1111 4341 1306 4394 norat
1327 4329 1627 4416 (noberat
1652 4331 1704 4394 O
1718 4355 1883 4395 ‘noue
1894 4344 1997 4396 rat
2020 4333 2084 4419 r)
2104 4356 2235 4397 esse
2253 4335 2401 4419 (om.
2418 4337 2481 4418 r)
2501 4335 2819 4398 uit-iatam
