3167 4975
493 436 579 501 74
1301 434 1618 490 Iohannis
1665 433 1969 489 Cassiani

495 611 898 695 suscipereris
931 611 996 676 in
1027 612 1411 677 monasterio
1443 612 1661 676 decem
1694 610 1913 675 diebus
1945 627 2055 695 pro
2091 609 2327 675 foribus
2374 627 2785 694 perseuerans

493 717 713 782 multis
775 717 1051 782 lacrimis
1113 715 1464 800 inplorasti,
1526 734 1653 780 non
1700 716 1883 780 modo
1928 716 2251 799 persistas,
2313 733 2535 779 uerum
2596 714 2789 778 etiam

494 821 782 905 proficias
844 825 1030 904 atque
1077 839 1454 886 succrescas,
1533 821 1689 885 satis
1752 821 1921 884 enim
1976 821 2277 885 miserum
2334 824 2450 901 est,
2512 823 2583 884 ut
2643 838 2790 883 cum

494 925 727 991 debeas
790 944 827 990 a
886 926 1260 991 rudimentis
1323 945 1394 990 ac
1453 925 1811 1009 primordiis
1874 925 2001 990 tuis
2062 925 2324 1008 prouehi
2386 927 2450 988 et
2510 924 2587 988 ad
2647 943 2789 1007 per-

493 1031 832 1096 fectionem
865 1032 1139 1112 tendere,
1188 1030 1382 1095 etiam
1429 1029 1506 1095 ab
1554 1030 1709 1113 ipsis
1754 1029 2019 1112 incipias
2053 1031 2131 1096 ad
2161 1029 2457 1094 inferiora
2492 1029 2785 1092 recidere.
2868 1042 2895 1082 ⁵

495 1154 620 1200 non
667 1136 838 1200 enim
884 1136 992 1219 qui
1037 1134 1310 1219 coeperit
1353 1134 1530 1215 haec,
1590 1135 1699 1198 sed
1745 1135 1871 1217 qui
1917 1134 2531 1218 perseuerauerit
2576 1133 2640 1196 in
2687 1132 2787 1196 his

495 1259 730 1324 usque
776 1241 852 1304 in
896 1241 1160 1320 finem,
1207 1239 1329 1304 hic
1376 1240 1635 1304 saluus
1684 1239 1847 1304 erit.

581 1343 906 1409 XXXVII.
955 1344 1264 1409 Uersutus
1312 1344 1481 1408 enim
1529 1361 1787 1427 serpens
1828 1343 2122 1408 calcanea
2152 1346 2369 1407 nostra
2398 1360 2647 1426 semper
2678 1340 2788 1406 ob-

496 1453 730 1529 seruat‚
777 1449 842 1514 id
888 1453 984 1514 est
1029 1448 1364 1513 insidiatur
1410 1449 1604 1512 exitui
1650 1451 1862 1513 nostro
1910 1452 1973 1512 et
2018 1467 2216 1530 usque
2264 1449 2343 1512 ad
2388 1447 2581 1511 finem
2620 1447 2788 1510 uitae

497 1557 748 1619 nostrae
794 1571 907 1620 nos
955 1552 1360 1637 subplantare
1407 1556 1686 1618 conatur.
1766 1556 1829 1617 et
1874 1553 2102 1617 idcirco
2162 1551 2323 1617 bene
2370 1552 2647 1636 coepisse
2694 1551 2781 1615 nil
2842 1577 2895 1616 ιο

496 1659 772 1742 proderit
831 1677 946 1722 nec
1005 1658 1190 1742 pleno
1238 1659 1481 1722 feruore
1526 1658 2019 1722 renuntiationis
2068 1657 2403 1740 arripuisse
2463 1655 2789 1739 principia,

499 1764 553 1828 si
597 1763 755 1828 haec
799 1781 1112 1846 congruus
1159 1762 1352 1826 etiam
1397 1761 1542 1826 finis
1590 1780 1715 1826 non
1764 1762 2055 1827 similiter
2102 1761 2558 1827 commendarit
2603 1765 2790 1843 atque

499 1867 894 1948 concluserit,
950 1866 1306 1948 Christique
1353 1866 1681 1930 humilitas
1730 1871 1919 1948 atque
1964 1871 2324 1950 paupertaS,
2387 1884 2579 1948 quam
2626 1883 2793 1930 nunc

498 1990 709 2036 coram
753 1972 890 2056 ipso
934 1970 1254 2054 professus
1303 1989 1390 2052 eS,
1451 1989 1650 2052 usque
1698 1972 1777 2035 ad
1830 1974 2179 2035 extremum
2237 1971 2427 2051 uitae,
2490 1971 2790 2052 quemad-

499 2076 758 2141 modum
803 2079 1054 2160 arrepta
1098 2079 1215 2156 est,
1264 2092 1300 2139 a
1347 2080 1406 2141 te
1453 2093 1580 2140 non
1625 2074 1817 2139 fuerit
1862 2076 2192 2141 custodita.
2273 2076 2439 2158 quod
2470 2078 2541 2138 ut
2585 2074 2788 2158 possis
2844 2100 2895 2140 15

497 2182 781 2264 implere,
843 2185 912 2245 tu
959 2181 1093 2244 eius
1140 2180 1366 2263 capita,
1429 2180 1494 2244 id
1540 2184 1640 2244 est
1684 2180 2137 2264 cogitationum
2190 2181 2498 2264 principia
2545 2198 2790 2263 semper

499 2285 785 2366 obserua,
833 2285 912 2350 ad
957 2285 1269 2350 seniorem
1315 2285 1556 2349 scilicet
1604 2303 1747 2350 mox
1792 2303 1867 2350 ea
1912 2285 2215 2350 deferens.
2266 2286 2357 2349 ita
2388 2285 2557 2349 enim
2588 2284 2789 2349 disces

497 2390 850 2474 perniciosa
893 2389 1076 2454 initia
1121 2389 1253 2453 eius
1300 2393 1640 2471 conterere,
1704 2391 1757 2454 si
1805 2391 1894 2454 nil
1941 2410 2013 2454 ex
2060 2390 2148 2454 eis
2198 2390 2426 2454 seniori
2487 2393 2595 2454 tuo
2650 2408 2790 2453 eru—

498 2495 711 2560 bueris
757 2496 1052 2559 reuelare.

585 2600 942 2665 XXXVIII.
979 2599 1370 2683 Quapropter
1403 2600 1751 2664 secundum
1788 2600 2131 2683 scripturae
2166 2600 2548 2664 sententiam
2580 2618 2790 2683 egres-
2842 2624 2897 2663 20

499 2724 610 2771 sus
655 2705 743 2769 ad
789 2704 1266 2769 seruiendum
1312 2704 1611 2769 domino
1658 2707 1774 2769 sta
1818 2705 1893 2769 in
1939 2705 2206 2770 timore
2252 2704 2399 2785 dei,
2460 2707 2533 2768 et
2585 2722 2791 2787 prae-

498 2827 679 2893 para
733 2810 1054 2873 animam
1115 2813 1319 2874 tuam
1365 2828 1490 2874 non
1538 2810 1617 2873 ad
1676 2810 1977 2891 requiem,
2039 2827 2165 2874 non
2224 2810 2303 2873 ad
2364 2809 2789 2887 securitatem,

500 2932 626 2978 non
658 2914 736 2979 ad
768 2913 1044 2994 delicias,
1093 2914 1202 2977 sed
1247 2914 1334 2978 ad
1383 2914 1931 2996 temptationes
1964 2918 2026 2977 et
2058 2914 2403 2997 angustias.
2449 2931 2577 2997 per
2608 2914 2791 2977 mul-

501 3021 618 3083 tas
666 3017 836 3083 enim
881 3017 1424 3083 tribulationes
1472 3022 1774 3101 oportet
1819 3037 1950 3083 nos
1996 3018 2313 3083 introire
2361 3018 2434 3081 in
2478 3036 2789 3101 regnum

501 3121 648 3186 dei:
711 3126 1034 3206 angusta
1077 3141 1350 3203 namque
1397 3125 1511 3186 est
1569 3126 1791 3205 porta
1836 3127 1910 3187 et
1955 3127 2118 3188 arta
2162 3123 2285 3187 uia
2342 3140 2527 3204 quae
2583 3120 2791 3185 ducit
2844 3144 2896 3183 25

503 3227 591 3290 ad
636 3227 903 3308 uitam,
967 3231 1037 3291 et
1081 3227 1300 3310 pauci
1347 3231 1524 3291 sunt
1577 3226 1705 3309 qui
1748 3227 2151 3291 inueniunt
2212 3246 2385 3291 eam.
2466 3225 2791 3291 considera

502 3348 650 3415 ergo
697 3333 758 3395 te
805 3331 880 3395 de
926 3332 1142 3415 paucis
1191 3335 1254 3396 et
1299 3331 1514 3396 electis
1563 3331 1855 3396 effectum
1904 3334 1967 3395 et
2012 3350 2091 3395 ne
2138 3332 2419 3415 exemplo
2468 3350 2539 3396 ac
2578 3336 2790 3413 tepore

505 3435 932 3501 multitudinis
977 3436 1368 3520 refrigescaS,
1417 3437 1528 3500 sed
1573 3435 1718 3500 uiue
1764 3439 1838 3500 ut
1881 3437 2084 3520 pauci,
2132 3440 2199 3500 ut
2248 3455 2393 3499 cum
2439 3436 2655 3519 paucis
2698 3436 2793 3499 in-

711 3617 1096 3687 6]Matth.24,
1126 3620 1206 3673 13.
1315 3618 1371 3687 s]
1399 3618 1464 3672 of.
1490 3618 1578 3673 Ps.
1609 3622 1691 3683 55,
1720 3620 1768 3674 7.
1875 3619 1967 3687 21]
1996 3618 2165 3683 sine,
2188 3620 2233 3675 1.
2340 3618 2433 3687 23]
2462 3618 2789 3681 Aet.14‚21.

503 3704 596 3774 25]
633 3705 825 3759 Matth.
853 3709 900 3769 7,
934 3707 1012 3761 14.

595 3872 620 3925 1
649 3870 714 3924 X.
739 3870 792 3925 G
897 3870 1068 3924 decim
1092 3872 1168 3925 L¹
1273 3887 1398 3940 prae
1423 3872 1557 3925 ΗΤ1
1664 3876 1697 3927 5
1723 3870 1964 3925 recedere
1995 3872 2101 3926 GT
2200 3874 2233 3927 8
2268 3888 2381 3927 non
2415 3871 2707 3941 distinyuit
2732 3870 2801 3925 H

505 3962 538 4013 9
575 3957 643 4012 ad
674 3959 854 4013 GLT:
889 3958 948 4011 in
971 3960 1066 4013 Hv
1173 3960 1239 4013 10
1275 3960 1330 4011 et
1367 3976 1466 4013 om.
1494 3960 1548 4013 L
1656 3957 1732 4011 nil
1764 3960 1842 4014 G.-
1877 3958 2013 4011 nihil
2052 3960 2161 4014 rell.
2190 3977 2221 4014 υ
2256 3962 2324 4028 cf.
2357 3958 2511 4014 Conl.
2540 3960 2656 4027 ΙΙΙ,
2683 3962 2732 4027 5,
2760 3962 2789 4011 1

507 4049 570 4103 11
611 4045 1091 4100 abrenuntiationis
1117 4046 1233 4100 HT
1337 4048 1400 4101 12
1426 4046 1588 4099 etiam
1612 4046 1745 4099 haec
1770 4062 2035 4114 congruus
2061 4047 2112 4100 L
2220 4045 2675 4099 commendauerit
2700 4046 2795 4100 Hv

509 4136 573 4189 14
628 4131 1098 4202 quemammodum
1145 4134 1200 4187 L
1311 4134 1374 4187 16
1412 4136 1574 4202 caput
1610 4134 1724 4187 eius
1772 4135 1841 4188 H
1942 4136 2005 4188 17
2045 4134 2201 4187 discis
2238 4136 2292 4189 L
2410 4138 2473 4190 18
2508 4134 2700 4203 per-nit.
2738 4134 2792 4187 L

506 4221 618 4275 eius
663 4221 818 4275 initia
861 4222 957 4275 Hv
1099 4218 1234 4273 nihil
1271 4222 1420 4275 HLv
1559 4224 1629 4276 20
1672 4239 1787 4277 non
1824 4222 2115 4291 distinyuit
2151 4223 2221 4276 ΙΙ
2352 4224 2416 4277 21
2458 4222 2567 4289 dei]
2607 4221 2700 4275 (1ῦὶ
2742 4222 2795 4275 G

504 4310 574 4363 23
599 4308 806 4361 dilicias
836 4308 909 4362 G¹
1017 4306 1218 4360 dilitias
1242 4307 1294 4361 L
1401 4309 1743 4362 temtationes
1770 4311 1839 4364 II
1902 4310 2311 4377 temptationem
2336 4310 2389 4364 L
2494 4312 2561 4365 27
2598 4312 2653 4363 te
2689 4326 2790 4365 om.

507 4396 645 4451 HL¹
750 4397 820 4451 28
857 4396 918 4447 ut
951 4393 1107 4463 pauci
1145 4411 1248 4449 om.
1285 4394 1356 4449 H
