3167 4975
265 1563 318 1602 10

268 2085 318 2122 15

1138 431 1298 485 Inst.
1337 430 1446 484 lib.
1487 430 1640 494 VIII,
1671 433 1890 486 10-13,
2534 429 2659 494 159

367 607 431 669 in
486 624 664 670 suam
727 605 1066 689 perniciem
1130 607 1302 670 uirus
1363 606 1718 670 iracundiae
1777 609 2206 688 retorquentes
2267 609 2663 687 concoquunt

370 729 508 774 eam
555 712 618 775 in
658 710 840 776 corde
873 711 1044 776 taciti
1075 728 1148 775 ae
1179 711 1436 776 silentes
1469 711 1533 776 in
1566 714 1770 776 semet
1799 711 1949 794 ipsis
1983 713 2382 792 consumunt,
2431 710 2660 775 amari-

370 815 652 879 tudinem
700 815 994 880 tristitiae
1041 834 1164 879 non
1209 815 1438 880 uirtute
1486 815 1678 880 animi
1738 816 2023 898 protinus
2087 815 2490 898 expellenteS,
2551 814 2660 878 sed

368 920 720 1003 digerentes
751 939 1046 1003 processu
1078 919 1320 984 dierum
1355 924 1418 984 et
1447 924 1789 1003 utcumque
1820 936 1931 1002 pro
1962 923 2241 1002 tempore
2275 919 2659 1003 mitigantes

457 1024 601 1089 XII.
665 1023 857 1105 Quasi
925 1043 1073 1090 uero
1143 1043 1268 1090 non
1330 1024 1428 1089 hic
1489 1023 1632 1088 finis
1691 1025 2023 1106 unicuique
2083 1024 2395 1089 uindictae
2459 1025 2541 1088 sit
2600 1027 2663 1087 et

369 1129 616 1193 abunde
649 1131 786 1211 quis
819 1129 1010 1194 furori
1049 1130 1295 1214 proprio
1340 1131 1442 1194 uel
1489 1128 1777 1194 tristitiae
1824 1129 2219 1210 satisfecerit,
2267 1129 2321 1192 si
2368 1128 2451 1210 id,
2498 1129 2662 1212 quod

371 1234 712 1316 praeualet,
775 1233 868 1298 ira
925 1235 1267 1318 instigante
1327 1233 1714 1317 conpleuerit
1781 1233 1971 1318 (quod
2030 1235 2097 1299 hi
2158 1251 2403 1317 quoque
2457 1234 2661 1299 facere

371 1342 733 1420 noscuntur,
781 1338 888 1420 qui
933 1342 1141 1403 motus
1190 1357 1336 1404 suos
1382 1355 1507 1403 non
1554 1338 1837 1422 adpetitu
1870 1339 2269 1422 placiditatiS,
2316 1339 2427 1404 sed
2456 1338 2665 1421 inopia

370 1441 665 1507 cohibent
708 1442 992 1508 ultionis:
1055 1443 1208 1508 nihil
1256 1443 1424 1508 enim
1470 1443 1701 1508 inferre
1756 1443 2027 1526 amplius
2082 1443 2181 1508 his
2242 1442 2467 1525 quibus
2522 1443 2664 1507 irati

373 1551 521 1610 sunt
585 1551 866 1629 possunt,
928 1547 1052 1612 nisi
1109 1552 1180 1612 ut
1233 1565 1376 1612 cum
1425 1547 1514 1612 eis
1563 1547 1933 1612 affabilitate
1980 1548 2166 1612 solita
2211 1548 2471 1614 minime
2518 1567 2665 1613 con-

369 1651 751 1736 loquantur),
799 1655 908 1716 aut
953 1651 1132 1734 quasi
1178 1653 1243 1716 in
1291 1652 1519 1717 effectu
1564 1653 1770 1737 operis
1816 1653 2207 1718 solummodo
2240 1653 2321 1717 sit
2350 1652 2666 1717 iracundia

371 1755 752 1820 moderanda
814 1760 877 1821 et
937 1775 1062 1822 non
1121 1757 1328 1840 potius
1391 1756 1468 1822 ab
1527 1757 1768 1822 arcanis
1816 1759 2012 1822 nostri
2058 1758 2323 1842 pectoris
2374 1757 2666 1837 eruenda,

373 1879 452 1924 ne
497 1860 773 1925 tenebris
819 1861 988 1925 illius
1035 1860 1350 1926 obscurati
1396 1881 1512 1926 nec
1559 1862 1805 1927 consilii
1860 1861 2127 1927 salubris
2190 1880 2307 1927 nec
2366 1862 2665 1926 scientiae

373 1963 586 2029 lumen
619 1965 973 2046 admittere,
1021 1966 1132 2030 sed
1163 1984 1278 2030 nec
1309 1967 1620 2049 templum
1652 1966 1921 2050 spiritus
1957 1967 2178 2047 sancti,
2224 1966 2555 2031 habitante
2602 1966 2667 2029 in

374 2069 552 2134 nobis
599 2070 818 2152 spiritu
866 2088 1158 2153 nequam,
1219 2071 1543 2135 ualeamus
1608 2071 1923 2136 exsistere.
2002 2071 2311 2136 cohibitus
2376 2071 2541 2135 enim
2602 2071 2667 2135 in

374 2175 556 2238 corde
602 2174 774 2238 furor
819 2174 1138 2239 adstantes
1186 2175 1439 2258 quidem
1484 2175 1774 2240 homines
1822 2194 1946 2241 non
1993 2175 2273 2257 offendit,
2320 2175 2431 2239 sed
2471 2193 2667 2257 aeque

375 2278 630 2360 spiritus
691 2279 891 2344 sancti
951 2279 1532 2362 splendidissimum
1594 2279 1775 2344 iubar
1836 2297 1909 2345 ac
1955 2281 2009 2344 si
2054 2281 2331 2364 prolatus
2380 2280 2666 2344 excludit.

462 2383 639 2447 XIII.
687 2381 821 2448 Aut
864 2383 1393 2466 quemadmodum
1439 2385 1543 2450 uel
1589 2384 1667 2449 ad
1714 2389 2105 2449 momentum
2160 2385 2300 2449 uult
2360 2403 2499 2449 eam
2562 2385 2671 2449 do-

377 2488 586 2553 minus
631 2490 950 2571 retentari,
1011 2490 1115 2571 qui
1175 2510 1254 2555 ne
1309 2488 1610 2555 sacrificia
1656 2491 1907 2573 quidem
1954 2491 2261 2573 spiritalia
2320 2492 2671 2555 orationum

376 2596 733 2658 nostrarum
791 2593 1102 2677 permittit
1162 2593 1398 2676 offerri,
1459 2594 1513 2659 si
1569 2596 1674 2660 uel
1736 2595 1930 2660 alium
1990 2599 2209 2660 contra
2266 2613 2379 2660 uos
2442 2595 2672 2677 aliquid

375 2699 652 2762 rancoris
699 2698 928 2763 habere
975 2700 1431 2783 cognoscimuS,
1477 2700 1721 2764 dicens:
1784 2700 1847 2763 si
1903 2718 2074 2784 ergo
2122 2700 2358 2765 offers
2406 2718 2670 2764 munus

376 2805 582 2865 tuum
629 2804 713 2867 ad
760 2804 1023 2884 altare,
1086 2807 1156 2869 et
1213 2802 1321 2867 ibi
1379 2804 1819 2869 recordatus
1885 2804 2121 2869 fueris
2184 2806 2376 2886 quod
2435 2804 2671 2869 frater

377 2910 546 2971 tuus
594 2906 820 2972 habet
878 2908 1166 2990 aliquid
1225 2908 1625 2973 aduersum
1686 2912 1777 2990 te,
1836 2910 2178 2991 relinque
2240 2908 2343 2974 ibi
2406 2928 2670 2974 munus

377 3014 582 3075 tuum
629 3012 715 3076 ad
762 3013 1032 3093 altare,
1097 3016 1170 3077 et
1211 3012 1398 3077 uade
1443 3013 1649 3095 prius
1698 3014 2190 3078 reconciliare
2237 3013 2456 3078 fratri
2517 3017 2670 3094 tuo,

297 3138 322 3175 5
379 3118 450 3179 et
495 3116 600 3179 sic
659 3117 970 3181 ueniens
1035 3117 1313 3182 offeres
1361 3136 1627 3182 munus
1674 3121 1921 3183 tuum?
1997 3118 2305 3200 quomodo
2353 3135 2499 3202 ergo
2545 3136 2670 3182 non

376 3220 580 3285 dicam
625 3240 822 3304 usque
869 3223 932 3286 in
981 3222 1112 3286 dies
1157 3223 1390 3305 plureS,
1452 3223 1562 3287 sed
1624 3224 1723 3287 uel
1784 3242 1981 3306 usque
2030 3224 2107 3287 ad
2170 3240 2460 3288 occasum
2523 3223 2671 3287 solis

585 3376 678 3446 21]
717 3376 910 3431 Matth.
939 3378 988 3441 5,
1014 3378 1237 3433 23-24.

471 3520 494 3571 1
536 3532 686 3569 suam
725 3516 782 3569 in
817 3517 887 3571 H
983 3516 1176 3585 pernit.
1207 3517 1312 3572 GL
1421 3521 1723 3586 concoqunt
1759 3519 1828 3572 H
1925 3520 1959 3573 2
1996 3518 2139 3587 ipsos
2175 3519 2351 3575 AHT
2474 3523 2505 3574 5
2544 3536 2671 3573 uero

377 3621 480 3658 om.
519 3606 572 3657 A
704 3606 736 3659 6
775 3603 862 3656 uel
903 3603 1154 3657 tristitiae
1191 3622 1292 3660 om.
1332 3604 1385 3658 A
1529 3608 1558 3659 7
1598 3604 1945 3675 compleuerit
1980 3606 2090 3676 AL
2196 3606 2274 3659 hii
2312 3608 2381 3661 ΙΙ
2489 3610 2522 3662 8
2560 3622 2673 3661 mo-

378 3693 462 3742 tos
501 3691 582 3745 H¹
689 3689 934 3760 adpetitu
975 3691 1166 3746 GHT:
1201 3692 1442 3761 appetitu
1481 3693 1591 3746 AL
1698 3694 1730 3745 9
1769 3690 1981 3745 coibent
2022 3692 2095 3747 G¹
2200 3692 2305 3746 hiis
2340 3694 2407 3748 H
2512 3697 2575 3748 10
2614 3698 2675 3747 ut

377 3796 480 3831 om.
508 3778 560 3831 L
673 3780 735 3832 12
762 3778 1007 3831 archanis
1037 3778 1164 3832 G¹L
1276 3780 1340 3833 13
1366 3778 1553 3832 consili
1580 3780 1649 3834 H
1650 3782 1663 3815 ¹
1772 3780 2024 3833 scientiae
2050 3796 2175 3833 suae
2200 3782 2253 3835 L
2364 3782 2428 3836 14
2464 3779 2672 3833 habun-

379 3864 540 3918 dante
579 3866 646 3919 H
750 3868 813 3919 15
861 3864 1052 3934 spiritu
1101 3880 1328 3933 nequam
1366 3867 1616 3920 AIILT:
1660 3866 1851 3935 spiritu
1889 3867 1997 3920 irae
2036 3884 2369 3936 nequaquam
2410 3867 2462 3921 G
2569 3868 2672 3920 exi-

379 3955 518 4005 stere
544 3952 659 4007 HL
769 3956 834 4008 16
869 3952 1104 4005 offendet
1127 3954 1182 4007 A
1293 3955 1357 4009 18
1381 3952 1852 4021 quemammodum
1878 3954 1932 4008 L
2040 3970 2146 4007 uon
2170 3954 2291 4008 uult
2316 3956 2385 4009 H
2472 3970 2593 4007 eum
2619 3956 2672 4009 L

379 4039 499 4093 uult
524 4056 640 4093 eam
662 4040 748 4093 uel
774 4040 842 4093 ad
868 4042 1200 4093 momentum
1227 4042 1280 4093 A
1381 4043 1443 4095 19
1471 4056 1566 4093 nec
1596 4041 1701 4095 GT
1790 4043 1851 4096 21
1890 4041 2133 4108 rangoris
2160 4042 2242 4096 ΙΙι
2339 4040 2493 4095 offers
2523 4041 2673 4096 GT2:

378 4126 565 4180 offeres
586 4129 710 4181 AT¹
804 4126 994 4181 offens
1015 4126 1053 4193 (i
1073 4129 1232 4196 erasi.)
1253 4128 1322 4182 H
1402 4128 1701 4182 offe*r*sL
1794 4129 2080 4197 22quiaL
2174 4131 2241 4183 24
2264 4128 2593 4183 reconciliari
2620 4131 2673 4184 L

377 4216 447 4269 25
472 4213 657 4267 offeres
677 4215 903 4269 ALH2:
925 4214 1102 4267 efferis
1128 4216 1198 4269 H
1197 4218 1210 4249 ¹
1285 4214 1415 4267 offer
1442 4215 1494 4269 G
1600 4216 1668 4270 26
1693 4214 1749 4268 in
1778 4214 1911 4269 GL:
1935 4216 2003 4269 ad
2027 4217 2202 4270 AHT
2302 4216 2394 4269 sed
2421 4232 2485 4269 ne
2510 4216 2597 4270 uel
2620 4218 2673 4271 L

379 4300 448 4353 ad
485 4319 586 4355 om.
617 4301 764 4356 G¹H
791 4305 918 4371 sm‘t.
945 4308 1083 4357 recte
1190 4302 1314 4355 solis
1351 4302 1506 4355 istius
1535 4302 1617 4356 G.-
1651 4302 1813 4355 solius
1850 4303 2006 4357 istius
2030 4304 2083 4357 L
2158 4302 2311 4357 istius
2349 4303 2473 4357 solis
2508 4306 2681 4359 AHT

377 4390 448 4457 cf.
471 4404 602 4459 pay.
631 4392 749 4457 158,
775 4393 845 4443 15

2265 4480 2361 4531 18*
