3167 4975
257 1569 310 1605 10

262 2103 312 2142 15

259 2626 315 2665 20

259 3148 314 3187 25

1151 431 1312 484 Inst.
1350 429 1460 484 lib.
1496 429 1591 492 XI,
1634 432 1851 486 16—19.
2518 427 2645 492 203

359 607 608 690 speculo
654 606 1152 688 contemplantes
1201 609 1263 670 et
1307 624 1528 670 causas
1573 607 1866 669 uitiorum
1912 603 2137 686 quibus
2197 604 2527 686 pulsantur
2587 610 2650 669 et

357 712 634 778 remedia
665 711 1024 792 doceantur,
1068 711 1424 775 futurorum
1469 729 1711 792 quoque
1756 709 2173 774 certaminum
2212 707 2647 794 congressibus

357 822 694 900 antequam
741 817 1187 900 superueniant
1233 815 1476 895 eruditi,
1523 815 1789 898 qualiter
1833 833 2205 897 praecauere
2238 818 2301 878 et
2331 833 2651 879 occurrere

359 925 448 987 eis
501 924 604 987 uel
664 921 996 1005 confligere
1059 920 1349 1002 debeant,
1412 921 1823 984 instruantur.
1899 923 1971 983 ut
2032 919 2236 984 solent
2295 920 2658 1002 peritissimi
2706 931 2741 984 2

359 1028 742 1092 medicorum
775 1045 898 1091 non
932 1027 1134 1091 solum
1168 1025 1402 1090 mederi
1433 1024 1873 1108 praesentibus
1906 1024 2160 1104 morbis,
2208 1042 2429 1088 uerum
2462 1025 2651 1089 etiam

357 1133 584 1198 futuris
643 1133 866 1215 peritia
928 1132 1137 1214 sagaci
1201 1149 1521 1195 occurrere
1584 1148 1811 1212 eosque
1870 1130 2222 1213 praeceptis
2268 1130 2369 1194 uel
2415 1132 2651 1213 poculis

359 1235 741 1302 salutaribus
785 1236 1172 1318 praeuenire,
1231 1237 1316 1300 ita
1361 1235 1428 1300 hi
1475 1253 1719 1316 quoque
1766 1235 2076 1298 uerissimi
2122 1236 2473 1298 animarum
2520 1253 2652 1300 me-

361 1343 508 1422 dici,
569 1359 920 1406 emersuras
975 1340 1349 1404 ualitudines
1409 1339 1691 1403 cordium
1754 1339 2013 1420 spiritali
2074 1339 2419 1404 conlatione
2479 1340 2653 1404 uelut

361 1447 632 1529 quodam
678 1447 932 1510 caelesti
977 1444 1252 1509 antidoto
1305 1447 1775 1528 praenecantes,
1838 1445 1903 1508 in
1964 1445 2275 1508 iuniorum
2338 1445 2653 1508 mentibus

363 1570 486 1616 non
533 1552 854 1634 patiuntur
897 1550 1276 1630 adulescere,
1325 1550 1675 1630 aperientes
1723 1549 1811 1614 eis
1860 1552 1923 1612 et
1961 1567 2181 1612 causas
2212 1549 2652 1613 inminentium

362 1657 726 1740 passionum
773 1659 836 1720 et
879 1655 1154 1718 remedia
1201 1655 1562 1718 sanitatum.

449 1760 686 1825 XVIII.
745 1759 1134 1842 Quapropter
1193 1759 1348 1822 haec
1410 1762 1507 1822 est
1563 1759 1905 1840 antiquitus
1966 1761 2217 1840 patrum
2277 1777 2653 1840 permanens

366 1883 530 1929 nunc
577 1883 770 1946 usque
819 1865 1147 1943 sententia,
1195 1881 1382 1944 quam
1427 1863 1705 1945 proferre
1754 1863 1887 1927 sine
1934 1881 2077 1926 mea
2122 1862 2481 1927 confusione
2529 1881 2655 1926 non

365 1973 600 2052 potero,
648 1969 756 2051 qui
803 1987 916 2032 nec
962 1985 1330 2051 germanam
1375 1969 1572 2032 uitare
1620 1986 1737 2032 nec
1784 1968 2061 2051 episcopi
2104 1967 2369 2032 euadere
2428 1985 2655 2032 manus

365 2075 558 2158 potui,
619 2073 994 2138 omnimodis
1035 2073 1436 2138 monachum
1497 2073 1715 2156 fugere
1778 2071 2003 2137 debere
2064 2072 2358 2136 mulieres
2420 2077 2482 2136 et
2528 2073 2657 2155 epi-

367 2198 604 2262 scopos
683 2183 904 2243 neuter
952 2178 1121 2242 enim
1167 2179 1314 2243 sinit
1359 2195 1524 2258 eum,
1572 2196 1761 2259 quem
1808 2177 2002 2241 semel
2050 2195 2197 2241 suae
2244 2177 2657 2241 familiaritati

367 2284 733 2364 deuinxerit,
795 2283 898 2346 uel
958 2283 1153 2365 quieti
1213 2282 1407 2347 cellae
1461 2283 1723 2346 ulterius
1770 2301 2023 2364 operam
2070 2282 2215 2346 dare
2263 2282 2362 2345 uel
2411 2282 2655 2345 diuinae

369 2390 642 2454 theoriae
688 2408 799 2471 per
845 2392 1209 2452 sanctarum
1261 2405 1472 2451 rerum
1535 2387 1834 2451 intuitum
1894 2387 2246 2470 purissimis
2307 2388 2501 2452 oculis
2562 2386 2657 2449 in-

366 2496 643 2560 haerere.

454 2598 722 2663 XVIIII.
787 2597 1058 2680 Ideoque
1119 2597 1358 2661 athleta
1419 2596 1670 2678 Christi,
1730 2598 1837 2678 qui
1897 2614 2121 2661 uerum
2183 2614 2254 2661 ac
2310 2596 2657 2679 spiritalem

369 2722 636 2787 agonem
681 2703 963 2787 legitime
1010 2704 1245 2766 certare
1293 2700 1624 2782 desiderat,
1680 2701 1843 2766 hanc
1888 2702 2342 2765 multiformem
2388 2702 2658 2765 uariam-

367 2828 486 2891 que
531 2807 804 2873 bestiam
848 2806 1221 2871 omnimodis
1269 2824 1561 2889 superare
1601 2806 1878 2871 festinet.
1949 2824 2137 2888 quam
2171 2806 2351 2871 nobis
2384 2825 2457 2869 ex
2489 2806 2659 2868 omni

366 2916 546 2997 parte
606 2913 782 2977 uelut
843 2912 1256 2994 multiplicem
1315 2912 1658 2994 nequitiam
1721 2915 2149 2975 occurrente-m
2208 2912 2320 2976 tali
2386 2910 2657 2975 remedio

367 3018 710 3101 poterimus
771 3016 1066 3097 euadere,
1138 3020 1208 3080 ut
1267 3017 1615 3099 cogitantes
1676 3016 1831 3080 illud
1892 3016 2255 3080 Dauiticum
2316 3016 2656 3097 eloquium:

370 3123 710 3187 dominus
743 3121 1154 3205 dissipauit
1184 3138 1354 3185 ossa
1399 3138 1649 3184 eorum
1696 3120 1817 3201 qui
1862 3120 2291 3185 hominibus
2329 3121 2656 3204 placent,

367 3226 660 3310 primitus
705 3226 860 3289 nihil
906 3226 1224 3308 proposito
1287 3225 1584 3288 uanitatis
1647 3227 1709 3287 et
1768 3225 1971 3288 inanis
2031 3225 2263 3308 gloriae
2323 3224 2658 3307 capiendae

367 3331 574 3415 gratia
617 3333 864 3394 nosmet
907 3330 1074 3411 ipsos
1119 3330 1322 3393 facere
1368 3331 1837 3410 permittamus:
1886 3328 2105 3392 deinde
2153 3348 2247 3409 ea,
2294 3347 2449 3410 quae
2496 3329 2659 3393 bono

367 3435 550 3499 initio
581 3435 930 3514 fecerimuS,
964 3433 1398 3498 obseruatione
1431 3434 1618 3497 simili
1651 3432 1957 3497 custodire
1990 3434 2283 3514 nitamur,
2330 3454 2409 3498 ne
2442 3451 2659 3497 omnes

577 3572 670 3641 25]
707 3573 794 3625 Ps.
824 3576 907 3631 52.
935 3576 981 3627 6.

458 3698 484 3752 1
527 3712 714 3750 causae
744 3698 819 3751 &²
924 3699 957 3751 2
996 3695 1290 3749 certamina
1319 3696 1392 3749 G¹
1501 3698 1532 3749 ‘7
1569 3694 1649 3748 hii
1680 3695 1823 3750 (ΡΗ
1922 3698 1955 3751 8
1984 3694 2067 3747 uel
2099 3696 2149 3749 G
2254 3698 2288 3751 9
2314 3694 2561 3747 caelestia
2584 3694 2659 3747 L¹

369 3782 738 3853 praedicantes
780 3784 826 3838 G
913 3784 1297 3851 praenegantes
1334 3783 1410 3837 L¹
1551 3783 1607 3835 in
1646 3802 1745 3837 om.
1786 3782 1958 3837 HLT
2097 3786 2159 3837 10
2197 3781 2495 3835 adulescere
2539 3782 2663 3836 CL:

369 3871 668 3925 adolescere
719 3870 842 3925 GH
957 3870 1259 3923 imminent.
1304 3870 1409 3924 GL
1538 3872 1602 3925 12
1640 3868 1855 3922 XVIIII
1890 3871 2015 3933 (sic)
2060 3870 2105 3923 (F
2220 3872 2579 3938 quapropter.
2608 3912 2619 3921 .
2649 3912 2659 3921 .

369 3962 590 4027 patrum
627 3976 781 4012 enan.
809 3960 870 4011 in
902 3958 948 4011 C
1055 3960 1116 4011 14
1142 3972 1332 4010 manus
1358 3956 1582 4009 euadere
1609 3957 1702 4010 Hr
1810 3960 1873 4011 15
1900 3955 2070 4023 fugire
2102 3958 2174 4011 (3¹
2282 3956 2553 4025 episcopos
2582 3956 2663 4008 uti

369 4062 564 4099 manus
614 4048 800 4097 neuter
845 4044 1033 4111 enimis
1079 4044 1210 4097 sinit
1245 4045 1297 4097 L
1455 4046 1518 4099 17
1567 4043 1761 4097 caellae
1814 4043 1861 4097 C'
1946 4042 2109 4095 callae
2160 4044 2227 4097 H
2309 4042 2529 4097 cellulae
2580 4044 2662 4098 Gt-

373 4136 440 4189 18
485 4132 790 4185 theodoriae
840 4132 910 4186 6¹
1022 4131 1219 4184 intuitu
1257 4133 1310 4185 L
1417 4130 1765 4199 purissimum
1804 4130 2000 4183 occulis
2038 4131 2106 4185 H
2214 4132 2282 4185 20
2319 4130 2541 4198 ideoque
2571 4174 2580 4183 .
2609 4174 2619 4183 .
2648 4173 2659 4185 .

371 4237 434 4273 ac
470 4238 628 4275 enan.
665 4222 728 4273 in
769 4220 816 4273 G
933 4222 996 4275 21
1037 4218 1348 4287 uariamque
1384 4218 1639 4287 bestiam]
1678 4219 1826 4271 uaria
1866 4218 1999 4271 uitia
2036 4220 2087 4272 L
2212 4221 2279 4273 23
2324 4217 2483 4273 uelud
2526 4220 2669 4273 G¹H

369 4311 440 4363 25
477 4306 759 4377 dissipabit
783 4308 922 4361 HL2
1024 4309 1094 4361 26
1117 4306 1384 4375 preposito
1409 4308 1484 4361 L¹
1594 4304 1943 4375 capessendae
1968 4324 1999 4360 v
2104 4307 2172 4363 28
2210 4305 2511 4359 obseruatio
2536 4306 2663 4359 uani

371 4394 536 4448 simili
575 4396 650 4449 L¹
761 4410 864 4447 non
901 4394 1074 4448 omnis
1115 4396 1178 4448 H
