3167 4975
387 592 590 645 folium

489 700 626 763 IIII

567 909 624 973 V

531 1118 628 1182 VI

493 1326 622 1390 VII

461 1534 625 1598 VIII

417 1742 622 1807 VIIII

523 2162 622 2225 XI

487 2370 620 2435 XII

452 2580 620 2644 XIII

415 2789 620 2854 XIIII

497 2999 621 3062 XV

460 3207 621 3272 XVI

427 3417 620 3480 XVII

381 3623 614 3688 XVIII

343 3832 615 3897 XVIIII

457 4251 620 4316 XXI

731 592 954 661 paginae.

721 698 754 760 1
767 696 974 761 1-12

719 906 974 970 13—14

721 1116 974 1180 15—16

717 1322 969 1388 17—18

719 1531 974 1597 19-20

713 1741 970 1807 21-22

713 1950 972 2017 23-24

711 2160 970 2227 25-26

710 2369 966 2434 27-28

711 2579 968 2645 29-30

710 2787 970 2853 31-32

711 2999 970 3062 33-34

709 3207 965 3274 35-36

707 3416 964 3480 37—38

704 3623 964 3690 39——40

701 3833 963 3898 41-42

701 4041 964 4108 43—44

705 4250 966 4318 45—46

2552 420 2668 481 XV

1726 590 1999 643 continent

1062 698 1139 779 V,
1175 696 1210 759 7
1243 701 1386 781 post
1417 697 1576 761 med.
1628 718 1747 781 que
1786 717 1932 758 esus
1965 694 2305 781 indulgeat
2335 732 2421 741 —-
2451 693 2492 756 9
2523 698 2668 778 post

1065 804 1225 867 med.
1275 800 1522 864 coherit
1567 799 1796 864 inedia
1840 822 1969 863 non
2018 798 2204 862 habet

1061 907 1137 988 V,
1169 905 1212 969 5
1243 906 1360 970 sub
1407 906 1512 970 fin.
1565 903 1651 968 lis
1700 914 1791 967 est
1840 902 2263 990 parsimonia
2305 942 2392 951 --
2440 904 2475 967 7
2524 908 2669 989 post

1061 1012 1221 1075 med.
1273 1009 1622 1096 refectione
1670 1009 1980 1096 defrudet
2028 1019 2281 1072 tantum

1062 1116 1204 1196 VII,
1239 1114 1274 1177 7
1323 1119 1467 1199 post
1519 1116 1682 1180 med.
1732 1125 1938 1177 mento
1996 1113 2212 1177 rabies
2269 1114 2663 1201 cupiditatis

1061 1258 1146 1266 ——
1191 1216 1230 1281 8
1277 1217 1652 1283 indumento
1700 1229 2031 1283 contentus
2075 1242 2204 1282 non

1059 1324 1204 1405 XII,
1241 1322 1322 1385 19
1353 1324 1446 1386 cis
1495 1334 1553 1386 et
1585 1323 1881 1387 tulliana
1913 1322 2259 1409 facundia
2300 1364 2367 1371 —
2405 1324 2482 1388 21
2522 1328 2661 1409 post

1059 1428 1194 1493 init.
1245 1428 1670 1514 sculptilibus
1718 1438 1777 1492 et
1808 1427 1935 1514 fac

1061 1533 1172 1614 XI,
1207 1532 1248 1596 2
1293 1538 1436 1617 post
1482 1534 1617 1599 init.
1670 1534 1759 1597 ad
1790 1533 2157 1619 conflictum
2202 1544 2443 1620 quanto
2492 1572 2575 1580 -—-
2621 1534 2664 1598 4

1057 1644 1200 1722 post
1244 1641 1406 1704 med.
1455 1638 1713 1702 nitidae
1759 1639 2177 1703 cenodoxiam
2221 1662 2353 1702 non

1059 1744 1134 1824 V,
1167 1742 1210 1805 2
1257 1744 1372 1809 sub
1422 1745 1524 1809 fin.
1562 1744 1819 1807 animae
1844 1754 2259 1831 penetrantes
2298 1784 2383 1792 ——
2422 1744 2465 1807 4
2498 1748 2657 1811 med.

1057 1846 1136 1911 de
1181 1847 1325 1933 ipso
1372 1850 1542 1913 enim
1588 1848 1839 1913 dicitur

1055 1954 1135 2035 X,
1183 1953 1263 2017 12
1319 1955 1433 2019 sub
1491 1957 1654 2019 med.
1710 1965 1901 2019 semet
1958 1956 2135 2041 ipsos
2196 1956 2523 2041 corriqere
2577 1994 2660 2001 ——

1059 2058 1142 2121 14
1187 2059 1304 2123 sub
1351 2059 1454 2125 fin.
1507 2060 1910 2145 operationis
1956 2059 2254 2124 salutari
2289 2082 2462 2145 prae

1058 2163 1168 2243 VI,
1199 2162 1242 2227 2
1285 2167 1430 2248 post
1460 2164 1595 2231 init.
1647 2164 1899 2227 andum
1928 2164 2102 2227 unde
2134 2164 2299 2249 fons
2330 2202 2415 2213 —-
2445 2166 2490 2229 4
2519 2168 2654 2231 init.

1055 2266 1359 2331 inueniri
1404 2269 1795 2333 continentes
1841 2269 2013 2355 quod

1056 2374 1201 2454 XII,
1235 2372 1318 2437 25
1350 2373 1488 2437 nisi
1533 2374 2055 2457 ‘mortificationis
2102 2386 2161 2439 et
2208 2374 2425 2439 crucis
2457 2415 2542 2423 —-
2575 2375 2655 2439 27

1050 2483 1194 2561 post
1241 2479 1376 2544 init.
1427 2478 1714 2543 omnium
1760 2479 2083 2544 malorum
2130 2492 2219 2546 est
2249 2480 2423 2565 filar

1055 2584 1200 2663 XII,
1233 2583 1317 2646 23
1373 2583 1478 2646 nis
1523 2583 1726 2666 finem
1786 2607 1863 2648 ac
1914 2587 2247 2670 puritatis
2292 2627 2379 2634 —
2424 2588 2509 2652 25
2566 2612 2657 2652 re-

1052 2685 1390 2751 nuntiatio
1435 2688 1610 2752 nihil
1656 2689 1832 2754 aliut
1876 2691 1964 2753 sit

1057 2791 1166 2872 VI,
1197 2791 1240 2855 4
1285 2793 1419 2858 init.
1460 2792 1797 2879 perfacile
1847 2818 2039 2883 posse
2075 2797 2240 2881 fieri
2291 2837 2376 2845 ——
2422 2798 2462 2862 6
2518 2801 2653 2865 init.

1056 2905 1115 2958 et
1159 2906 1538 2961 cunctorum
1583 2921 1795 2988 eaepuq

1055 3001 1134 3081 X,
1170 3000 1229 3083 7,
1261 3001 1304 3065 2
1335 3003 1440 3068 fin.
1489 3025 1623 3067 uno
1652 3005 1822 3068 uel
1796 3029 1867 3068 in
1902 3005 2152 3070 duobus
2196 3007 2369 3071 sed
2341 3030 2413 3070 in
2445 3030 2656 3073 omnes

1049 3143 1136 3151 —
1183 3105 1241 3187 7,
1275 3105 1316 3170 5
1362 3107 1563 3172 cellae
1610 3119 1669 3172 et
1715 3111 1901 3196 operi
1946 3133 2263 3176 manuum

1055 3211 1130 3291 V,
1163 3209 1236 3273 11
1273 3217 1416 3297 post
1440 3215 1573 3280 init.
1603 3237 1953 3302 numquam
1978 3219 2147 3281 enim
2171 3217 2655 3283 robustioribus

1049 3351 1136 3361 -—
1185 3315 1267 3378 12
1313 3318 1428 3382 sub
1477 3321 1639 3384 med.
1692 3330 1751 3384 et
1796 3321 2217 3386 inmunitatis
2257 3325 2461 3409 priui

1053 3420 1131 3501 X,
1163 3419 1268 3502 21,
1303 3420 1345 3484 2
1389 3422 1657 3508 quisque
1702 3445 1919 3489 somno
1966 3427 2089 3490 otii
2120 3427 2229 3490 uel
2275 3429 2537 3492 acediae
2568 3469 2653 3476 —

1051 3522 1130 3587 21
1180 3525 1284 3590 fin.
1333 3535 1409 3589 ut
1453 3527 1863 3594 subtrahatis
1908 3553 2027 3594 uos
2074 3533 2291 3618 inquit

1051 3629 1195 3710 XII,
1229 3629 1270 3692 2
1315 3631 1451 3697 init.
1504 3642 1593 3696 tes
1640 3635 2063 3721 carnalesque
2102 3637 2538 3722 conplectitur
2569 3676 2652 3685 —

1051 3731 1090 3795 3
1135 3733 1241 3798 fin.
1293 3734 1803 3821 depraedatione
1847 3740 2133 3804 nudabit

1051 3837 1126 3918 V,
1164 3837 1246 3901 14
1273 3839 1378 3904 fin.
1430 3841 1781 3907 delectetur
1836 3855 1895 3908 et
1948 3847 2051 3910 ita
2103 3885 2189 3894 -—
2249 3847 2326 3911 16
2375 3849 2490 3913 sub
2542 3849 2647 3915 fin.

1045 3963 1164 4005 uos
1209 3965 1339 4007 non
1385 3946 1883 4032 adpraehendat
1926 3952 2065 4015 nisi
2108 3954 2200 4016 ku

1049 4047 1192 4130 XII,
1225 4047 1309 4112 21
1357 4052 1472 4117 Sub
1521 4055 1683 4119 med.
1734 4065 1805 4118 ta
1850 4065 1939 4120 est
1986 4057 2097 4121 ira
2143 4069 2371 4122 contra
2417 4059 2651 4123 iudam

1047 4189 1132 4199 --
1177 4151 1262 4217 23
1295 4155 1429 4221 init.
1477 4180 1857 4244 quemquam
1892 4161 2219 4248 perfectio

1052 4257 1196 4338 XII,
1210 4257 1291 4321 27
1311 4266 1454 4344 post
1469 4264 1606 4328 init.
1626 4265 1822 4350 qyria
1839 4289 2191 4352 numquam
2192 4271 2408 4354 possit
2426 4271 2497 4332 in
2514 4293 2649 4334 cor-

1047 4359 1123 4423 de
1141 4399 1225 4408 —
1249 4361 1330 4426 27
1355 4371 1500 4448 post
1527 4369 1689 4433 med.
1718 4369 1985 4456 iraeque
2008 4371 2299 4436 stimulis
2326 4377 2551 4439 acrius
2578 4378 2647 4441 in
