3167 4975
456 401 541 467 52
1272 399 1592 454 Iohannis
1637 397 1938 454 Cassiani

456 577 747 642 tenebras
808 582 988 642 nocte
1051 576 1360 660 diffugiat,
1424 580 1534 640 aut
1595 581 1762 640 certe
1816 576 1937 641 hoc
1992 576 2206 639 ordine
2254 579 2318 640 et
2360 575 2747 658 professione

456 682 768 748 iudicatus
824 683 1121 766 indignus
1168 701 1313 745 cum
1360 682 1725 747 confusione
1773 685 1836 746 et
1881 684 2030 745 nota
2075 698 2284 745 coram
2331 680 2574 744 cunctis
2622 681 2747 744 frae

456 787 659 852 tribus
708 788 992 870 deposita
1038 786 1403 852 monasterii
1450 790 1626 850 ueste
1673 786 1961 869 pellatur.

542 892 682 956 VII.
735 891 893 958 Cum
940 881 1131 976 igitur
1178 893 1319 974 quis
1366 895 1696 974 susceptus
1744 894 1807 954 et
1851 891 1970 954 hac
2000 891 2471 973 perseuerantia
2499 908 2626 972 qua
2655 891 2748 956 di-

455 998 660 1061 ximus
706 995 1124 1080 conprobatus
1172 1015 1245 1060 ac
1290 997 1590 1080 depositis
1636 995 1902 1079 propriis
1943 995 2330 1060 indumentis
2361 995 2581 1059 habitu
2614 1013 2748 1060 mo·
2826 1009 2852 1048 ⁵

457 1101 778 1165 nasteriali
842 1101 1033 1165 fuerit
1093 1101 1434 1181 accinctuS,
1497 1119 1622 1166 non
1685 1101 1904 1164 statim
1961 1100 2433 1185 congregationi
2481 1101 2748 1165 fratrum

457 1206 848 1270 commisceri
880 1206 1289 1289 permittitur,
1332 1207 1439 1270 sed
1472 1206 1808 1290 deputatur
1843 1206 2091 1286 seniori,
2127 1206 2546 1288 quiseorsum
2580 1205 2746 1270 haud

455 1312 639 1394 longe
702 1329 739 1374 a
796 1309 1110 1375 uestibulo
1174 1310 1539 1374 monasterii
1603 1329 2008 1376 commanens
2071 1311 2266 1374 habet
2311 1329 2526 1374 curam
2571 1329 2762 1393 pere-.

456 1416 776 1500 grinorum
836 1419 1022 1496 atque
1084 1415 1556 1480 aduenientium
1617 1415 1984 1498 deputatam
2034 1416 2245 1497 eisque
2293 1433 2546 1480 omnem
2607 1415 2748 1478 dili·

457 1519 737 1604 gentiam
786 1519 1203 1603 susceptionis
1252 1524 1314 1584 et
1359 1520 1776 1584 humanitatis
1825 1519 2128 1603 inpendit.
2200 1539 2466 1602 cumque
2513 1521 2748 1584 ibidem
2805 1543 2855 1582 ιο

457 1626 701 1708 integro
748 1643 913 1688 anuo
959 1624 1318 1688 deseruiens
1366 1624 1604 1706 absque
1650 1625 1781 1688 ulla
1825 1626 2101 1706 querella
2147 1645 2332 1688 suum
2379 1625 2546 1690 circa
2573 1645 2748 1709 pere-

456 1730 669 1813 grinos
731 1729 1083 1793 exhibuerit
1140 1729 1540 1810 famulatum,
1605 1729 1864 1794 inbutus
1927 1750 2035 1812 per
2096 1731 2252 1794 haec
2310 1730 2516 1813 prima
2567 1731 2748 1794 insti-

458 1835 700 1898 tutione
746 1833 1125 1898 humilit-atis
1174 1853 1245 1898 ac
1290 1834 1634 1917 patientiae
1668 1838 1854 1916 atque
1887 1835 1952 1898 in
1987 1853 2060 1899 ea
2088 1835 2277 1919 longa
2309 1835 2748 1900 exercitatione

456 1939 918 2022 praecognituS,
982 1939 1421 2003 admiscendus
1484 1959 1557 2002 ex
1617 1939 1736 2004 hoc
1795 1939 2266 2023 congregationi
2325 1939 2592 2004 fratrum
2642 1939 2748 2002 alii

458 2044 725 2107 traditur
759 2044 1007 2124 seniori,
1058 2044 1165 2126 qui
1197 2045 1412 2108 decem
1444 2043 1792 2108 iunioribus
1823 2049 2092 2127 praeest,
2139 2062 2294 2126 quos
2329 2042 2446 2108 sibi
2481 2043 2748 2108 creditos
2806 2064 2854 2103 15

462 2148 539 2211 ab
589 2147 817 2212 abbate
866 2149 1143 2213 instituit
1188 2149 1422 2232 pariter
1468 2152 1531 2212 et
1561 2149 1892 2233 gubernat,
1943 2149 2289 2212 secundum
2321 2149 2476 2212 illud
2511 2149 2752 2213 scilicet

459 2253 622 2335 quod
672 2254 1029 2317 ordinatum
1076 2254 1141 2318 in
1187 2253 1395 2318 Exodo
1443 2253 1713 2338 legimus
1759 2272 1870 2336 per
1920 2253 2202 2336 Moysen.

544 2357 719 2422 VIII.
772 2357 961 2421 Cuius
1010 2357 1166 2421 haec
1214 2359 1331 2421 erit
1378 2358 1732 2422 sollicitudo
1781 2361 1844 2420 et
1890 2357 2154 2421 erudit-io
2209 2358 2595 2441 principa-lie,
2641 2378 2751 2440 per

460 2481 651 2545 quam
698 2462 901 2527 iunior
946 2462 1341 2527 introductus
1390 2463 1688 2527 scandere
1735 2467 2188 2544 cousequenter
2237 2463 2428 2527 etiam
2475 2462 2754 2528 culmina

457 2567 858 2651 perfectionis
922 2586 1172 2631 summa
1216 2568 1598 2651 praeualeat‚
1660 2571 1731 2631 ut
1791 2568 2010 2632 doceat
2057 2586 2202 2631 eum
2261 2568 2557 2650 primitus
2605 2586 2750 2632 suas
2804 2588 2858 2627 πο

459 2672 710 2736 uincere
759 2671 1146 2736 uoluntates:
1195 2691 1382 2754 quem
1431 2672 1708 2736 studiose
1755 2672 1820 2735 in
1853 2672 1950 2736 his
1986 2690 2058 2735 ac
2091 2673 2424 2756 diligenter
2458 2692 2750 2737 exercens

458 2778 614 2841 hacc
659 2776 751 2839 illi
814 2795 1057 2859 semper
1104 2776 1411 2859 imperare
1474 2778 1548 2841 de
1599 2777 1909 2841 indust-ria
1953 2776 2332 2859 procurabit,
2393 2795 2554 2859 quae
2610 2798 2751 2841 sen-

460 2882 613 2945 serit
659 2880 868 2945 animo
917 2881 1050 2945 eius
1098 2900 1234 2944 esse
1282 2882 1611 2945 contraria.
1693 2882 1910 2945 multis
1959 2882 2267 2963 siquidem
2310 2882 2751 2964 experimentis

462 2986 663 3050 edocti
725 2986 983 3049 tradunt
1042 2986 1422 3049 monachum
1470 2991 1532 3049 et
1595 2986 1865 3050 maxime
1913 2986 2186 3050 iuniores
2235 3006 2313 3049 ne
2360 2986 2751 3070 uoluptatem

462 3090 715 3173 quidem
761 3090 1302 3172 concupiscentiae
1349 3108 1497 3153 suae
1544 3092 1861 3155 refrenare
1907 3109 2111 3174 posse,
2159 3090 2282 3155 nisi
2328 3091 2502 3174 prius
2535 3092 2752 3156 morti·
2806 3114 2856 3151 κε,

460 3196 645 3259 ficare
698 3214 825 3278 -per
893 3194 1357 3258 oboedientiam
1428 3212 1573 3259 suas
1637 3194 1971 3259 didicerint
2032 3196 2410 3260 uoluntates
2491 3195 2752 3277 ideoque

460 3300 873 3383 pronuntiant
934 3300 1294 3363 nullatenus
1355 3300 1717 3383 praeualere
1765 3301 1866 3364 uel
1926 3300 2082 3363 iram
2133 3300 2230 3364 uel
2283 3301 2604 3365 tristitiam
2651 3300 2752 3364 uel

466 3404 759 3489 spiritum
820 3404 1252 3468 fornicationis
1287 3404 1684 3489 extinguere,
1749 3406 1854 3469 sed
1903 3424 2017 3469 nec
2076 3405 2504 3469 humilitatem
2551 3405 2755 3469 cordis

679 3534 767 3603 17]
808 3534 873 3588 cf.
901 3532 992 3587 Ex.
1024 3536 1103 3598 18,
1128 3535 1212 3589 25.

553 3670 576 3722 1
620 3632 772 3733 nocti,r
802 3666 869 3720 H
971 3664 1213 3733 defugiat
1248 3666 1333 3719 Η1
1404 3664 1662 3733 deffugiat
1700 3666 1782 3719 L:
1819 3668 1886 3735 ct'.
1915 3684 2032 3735 cap.
2060 3670 2126 3720 31
2227 3669 2260 3721 2
2296 3664 2635 3720 confussione
2672 3668 2755 3722 Η1

464 3757 497 3809 3
534 3752 803 3822 depossita
838 3753 999 3808 Η1131
1128 3750 1351 3821 pillatur
1385 3752 1460 3805 L¹
1591 3754 1624 3806 4
1662 3751 1738 3805 VI
1775 3753 1844 3807 Η
1959 3755 2014 3806 et
2051 3753 2107 3806 in
2141 3754 2242 3807 hac
2277 3754 2346 3809 Η
2463 3770 2625 3821 quam
2663 3756 2758 3809 Hc

464 3844 495 3895 5
534 3838 913 3908 cumprobatus
950 3840 1019 3893 ΙΙ
1140 3837 1477 3891 uestimentis
1516 3840 1610 3893 Hv
1739 3842 1770 3893 7
1810 3839 2152 3893 commiscere
2187 3840 2242 3894 L
2373 3840 2660 3909 deputat-us
2697 3842 2762 3895 11

462 3927 597 3980 haut
645 3928 777 3981 GH¹
852 3929 945 3980 aut
988 3928 1064 3981 L¹
1206 3930 1240 3983 8
1286 3925 1552 3993 uestipulo
1605 3927 1677 3980 (1'1
1822 3926 2142 3979 monasterio
2194 3927 2265 3981 Gn
2347 3927 2635 3980 monasteri
2681 3929 2756 3981 L¹

468 4018 531 4083 10
556 4012 880 4067 humilitatis
905 4014 1048 4067 HL:
1074 4016 1142 4082 cf.
1168 4012 1321 4067 Conl.
1342 4014 1576 4081 XVIII,
1600 4018 1647 4081 1,
1674 4018 1720 4067 4.
1751 4014 1886 4083 XX,
1904 4018 1956 4081 2,
1977 4019 2009 4068 1
2122 4016 2178 4069 11
2211 4013 2548 4082 que(ae)rella
2571 4014 2759 4068 G1H1:

466 4099 679 4168 querela
718 4101 934 4156 G²H²L
1079 4102 1143 4157 13
1180 4100 1492 4154 exercitione
1530 4101 1598 4155 H
1737 4104 1800 4156 15
1839 4100 2011 4154 decim
2048 4102 2116 4155 H
2237 4104 2301 4157 16
2339 4104 2390 4153 et
2431 4102 2573 4156 GH.-
2609 4118 2668 4155 ac
2705 4102 2756 4155 L

470 4191 533 4243 18
558 4187 664 4240 VII
691 4189 757 4241 H
859 4190 923 4243 19
961 4187 1212 4242 scandere
1242 4188 1384 4243 GH.-
1419 4188 1698 4242 ascendere
1725 4190 1810 4244 Lv
1916 4190 1984 4243 20
2008 4186 2353 4257 profectionis
2384 4188 2435 4242 G
2571 4190 2634 4243 21
2666 4202 2757 4239 uo-

465 4274 755 4342 lumptates
794 4275 869 4328 L¹
984 4274 1089 4328 hiis
1126 4276 1201 4329 L¹
1318 4278 1385 4330 24
1426 4276 1632 4329 edocati
1671 4278 1752 4330 11¹
1875 4275 2263 4343 uolumptatem
2303 4276 2375 4329 L¹
2496 4276 2564 4330 26
2601 4272 2757 4327 oboe-

468 4360 737 4414 diendiam
781 4362 853 4414 (31
962 4361 1257 4414 dedicerint-
1294 4364 1376 4416 Hl
1486 4361 1847 4431 uolumptates
1885 4365 1959 4417 12¹
2426 4374 2434 4381 ·
