3167 4975
509 421 630 484 146
1316 419 1636 472 Iohannis
1682 417 1981 472 Cassiani

589 597 857 662 XXIIII.
891 598 1155 661 Inmane
1205 597 1358 660 satis
1407 599 1468 659 et
1515 595 1773 659 euidens
1819 593 2163 676 tyrannidis
2195 594 2379 657 huius
2413 594 2789 675 exemplum,

501 720 662 784 quae
709 703 925 781 semel,
989 705 1062 765 ut
1121 701 1408 781 diximuS,
1469 701 1715 764 animae
1777 699 2125 783 captiuatae
2186 699 2425 763 nullam
2486 697 2793 781 permittit

500 807 844 870 honestatis
890 807 1172 889 regulam
1205 805 1513 869 custodire
1545 824 1660 868 nec
1690 805 1821 868 ulla
1851 809 2145 885 quaestus
2178 802 2519 867 adiectione
2553 802 2787 866 satiari.

499 909 641 973 finis
691 911 858 974 enim
901 910 1095 974 rabiei
1143 910 1326 974 huius
1372 929 1496 974 non
1551 909 1808 988 diuitiis,
1870 908 1979 972 sed
2040 908 2325 973 nuditate
2386 908 2788 990 conquiritur.

501 1014 766 1096 denique
811 1033 956 1078 cum
1001 1014 1102 1078 hic
1145 1015 1277 1096 ipse
1325 1013 1402 1077 ob
1460 1013 1578 1077 hoc
1638 1013 1873 1077 loculos
1937 1013 2387 1095 dispensationi
2444 1031 2789 1096 pauperum
2871 1032 2898 1068 ⁵

501 1119 828 1201 deputatos
884 1137 1033 1182 suae
1087 1119 1384 1201 potestati
1447 1117 1715 1181 creditos
1778 1118 2139 1200 accepisset,
2202 1119 2275 1181 ut
2332 1118 2543 1181 saltim
2605 1137 2792 1201 pecu-

499 1223 745 1287 niarum
807 1223 1196 1286 abundantia
1255 1223 1514 1286 satiatus
1576 1221 2111 1306 concupiscentiae
2172 1241 2321 1285 suae
2382 1223 2635 1286 modum
2698 1222 2792 1286 in-

499 1331 787 1410 poneret,
850 1328 912 1391 in
977 1330 1230 1391 tantum
1290 1327 1466 1410 copia
1526 1345 1743 1391 earum
1801 1327 1867 1390 in
1928 1327 2446 1391 abundantiorem
2506 1326 2787 1390 fomitem

500 1431 852 1514 cupiditatis
901 1432 1149 1512 exarsit,
1206 1435 1278 1496 ut
1322 1433 1448 1495 iam
1505 1450 1629 1495 non
1676 1433 1911 1497 loculos
1959 1433 2237 1496 clancule
2286 1433 2618 1516 conpilare,
2681 1433 2790 1496 sed

499 1537 704 1618 ipsum
752 1536 1071 1600 dominum
1104 1536 1464 1600 uenundare
1499 1537 1806 1601 maluerit.
1872 1537 2196 1601 uniuersas
2231 1537 2400 1601 enim
2433 1537 2789 1601 diuitiarum
2848 1555 2899 1592 ιο

498 1640 695 1703 moles
743 1641 946 1704 rabies
994 1641 1351 1723 cupiditatis
1396 1641 1581 1705 huius
1630 1644 1976 1725 exsuperat.

585 1744 782 1808 XXV.
829 1745 1116 1828 Denique
1163 1747 1451 1829 princeps
1499 1747 1923 1828 apostolorum
1972 1747 2067 1810 his
2128 1747 2409 1810 eruditus
2469 1747 2789 1830 exempliS,

500 1849 702 1912 sciens
735 1849 1074 1914 habentem
1107 1851 1425 1934 quippiam
1457 1851 1817 1935 cupiditatis
1864 1851 2042 1915 frena
2088 1870 2211 1915 non
2258 1870 2442 1933 posse
2484 1852 2789 1915 moderari

498 1973 612 2016 nec
657 1953 850 2017 finem
899 1954 1030 2017 eius
1075 1955 1138 2018 in
1193 1973 1390 2037 parua
1450 1974 1701 2019 summa
1760 1974 2071 2039 magnaue
2134 1957 2497 2036 consistere,
2560 1957 2669 2020 sed
2724 1957 2789 2020 in

499 2057 632 2120 sola
675 2058 912 2122 uirtute
959 2059 1276 2139 nuditatiS,
1322 2059 1685 2123 Annaniam
1733 2063 1797 2124 et
1842 2059 2234 2143 Sapphiram,
2296 2079 2558 2142 quorum
2606 2081 2790 2144 supe·
2848 2087 2898 2125 15

497 2161 623 2225 rius
671 2162 932 2226 fecimus
979 2163 1386 2243 mentionem,
1447 2164 1590 2246 quia
1652 2165 1769 2228 sibi
1830 2164 2149 2247 quippiam
2209 2165 2286 2228 de
2332 2183 2447 2228 sua
2492 2166 2790 2230 facultate

498 2270 921 2347 seruauerant,
968 2271 1168 2332 morte
1215 2268 1528 2348 mult-anit,
1575 2272 1647 2333 ut
1690 2269 2034 2349 interitum,
2082 2289 2269 2351 quem
2312 2271 2420 2334 ille
2467 2271 2629 2335 ultro
2672 2271 2789 2334 sibi

495 2388 606 2453 pro
653 2375 828 2434 reatu
875 2372 1220 2436 dominicae
1267 2373 1629 2455 proditionis
1674 2374 1991 2454 intulerat,
2047 2375 2109 2437 hi
2156 2393 2265 2457 pro
2313 2375 2637 2439 mendacio
2684 2394 2791 2438 cu-

495 2475 772 2557 piditatis
822 2476 1190 2559 exciperent.
1270 2479 1504 2560 quanta
1547 2478 1612 2541 in
1674 2478 1791 2542 hoc
1852 2497 2097 2561 quoque
2160 2478 2449 2544 facinoris
2512 2499 2583 2543 ac
2642 2501 2791 2565 sup-

495 2580 665 2664 plicii
711 2581 1052 2646 similitudo
1100 2584 1426 2646 concurrit.
1499 2584 1584 2646 ibi
1641 2584 2019 2666 filargyriam
2066 2585 2352 2668 prodit-ic,
2400 2586 2501 2649 hic
2546 2587 2789 2650 salsitas
2846 2612 2899 2651 20

497 2684 834 2749 subsecuta
880 2690 991 2749 est.
1069 2686 1158 2750 ibi
1202 2689 1436 2751 ueritas
1494 2688 1793 2770 proditur,
1854 2688 1955 2751 hic
2018 2689 2322 2753 mendacii
2385 2691 2619 2755 crimen
2683 2692 2791 2754 ad-

498 2790 781 2853 mittitur.
861 2791 1010 2854 licet
1055 2792 1222 2854 enim
1271 2792 1472 2874 operis
1521 2811 1735 2856 eorum
1785 2793 2104 2857 dissimilis
2164 2794 2450 2858 uideatur
2510 2794 2789 2876 efi'ectuS,

408 2903 442 2953 2
489 2913 654 2958 unus
701 2896 914 2958 tamen
961 2894 1104 2959 finis
1151 2896 1214 2958 in
1263 2899 1526 2977 utroque
1573 2897 1903 2961 concurrit.
1981 2897 2086 2962 ille
2146 2916 2417 2981 namque
2472 2900 2789 2983 refugiens

495 3002 929 3081 paupertatem
975 3018 1292 3063 resumere
1339 3018 1498 3081 quae
1546 3000 1861 3065 abiecerat
1907 3003 2281 3085 concupiuit,
2324 3003 2409 3083 hi,
2457 3023 2537 3067 ne
2568 3004 2791 3068 fierent

495 3120 820 3185 paupereS,
869 3103 944 3167 de
991 3103 1349 3168 substantia
1393 3123 1526 3185 sua,
1573 3124 1763 3187 quam
1801 3109 1910 3169 aut
1940 3107 2238 3189 apostolis
2270 3107 2492 3171 offerre
2522 3108 2791 3173 fideliter
2846 3136 2898 3173 25

496 3210 606 3270 aut
673 3210 870 3270 totam
942 3208 1298 3291 dispergere
1365 3209 1661 3273 fratribus
1724 3210 2099 3291 debuerant,
2169 3212 2461 3292 quiddam
2521 3213 2789 3277 retinere

495 3314 993 3394 temptauerunt:
1059 3316 1122 3376 et
1182 3313 1406 3377 idcirco
1467 3313 1801 3395 utrubique
1856 3315 2137 3396 sequitur
2182 3317 2403 3380 mortis
2451 3317 2788 3399 damnatio,

709 3458 796 3527 16]
835 3474 948 3527 cap.
979 3460 1059 3523 14,
1087 3460 1135 3513 2.

586 3591 609 3643 1
641 3588 915 3642 euidentes
939 3590 1023 3644 111
1117 3592 1149 3644 2
1176 3590 1337 3643 simul
1362 3592 1435 3644 L¹
1518 3592 1552 3645 3
1577 3590 1861 3644 adjectioni
1888 3594 1957 3646 H
1958 3595 1971 3627 ¹
2065 3596 2099 3647 4
2126 3592 2311 3646 diuitis
2336 3595 2404 3648 H
2406 3598 2421 3631 ¹
2513 3598 2545 3649 5
2578 3594 2790 3664 dispen-

497 3675 700 3728 satione
725 3678 790 3730 Η
798 3680 808 3711 ¹
871 3676 1284 3746 dispensationis
1311 3678 1384 3731 L¹
1448 3680 1481 3732 6
1507 3675 1810 3746 disputatos
1835 3681 1910 3733 L¹
2018 3680 2297 3748 accipisset
2321 3682 2389 3735 H
2490 3682 2678 3735 saltem
2704 3684 2793 3737 11²

497 3765 528 3816 7
559 3761 794 3816 habund.
829 3764 903 3817 6¹
993 3766 1028 3819 8
1064 3780 1244 3817 corum
1271 3766 1339 3818 H
1412 3764 1651 3819 habund.
1677 3767 1745 3820 H
1835 3770 1866 3821 9
1893 3765 2129 3820 clancule
2155 3766 2203 3833 (c
2229 3769 2291 3821 in
2314 3786 2422 3823 ras.
2454 3768 2525 3837 G)
2556 3770 2800 3824 GS²HT

497 3848 876 3919 clancule(-ae)
904 3852 1022 3905 S'L
1095 3850 1336 3903 clanculo
1363 3870 1393 3906 v
1501 3853 1813 3921 compilaret
1837 3853 1913 3907 L¹
2026 3855 2086 3908 11
2128 3858 2381 3923 exuperat
2410 3856 2484 3909 G²
2593 3858 2657 3911 13
2684 3872 2791 3909 uon

493 3952 650 4004 posse
687 3935 838 3989 frena
873 3938 941 3991 H
1044 3942 1108 3993 15
1135 3930 1384 3990 ananiam
1426 3939 1477 3993 G·
1584 3940 1823 3992 saffiram
1854 3940 1905 3994 G
1976 3941 2229 4008 saffyram
2254 3943 2324 3995 H
2388 3942 2711 4011 sapphyram
2737 3946 2792 3998 L

497 4026 564 4077 16
588 4023 866 4091 quidpiam
896 4025 970 4078 ΘΙ
1081 4028 1145 4081 18
1169 4024 1246 4077 hii
1273 4027 1340 4079 H
1343 4028 1356 4060 ¹
1463 4026 1735 4079 mendatio
1763 4028 1860 4081 SL
1971 4030 2035 4083 19
2072 4031 2281 4095 quantii‘
2304 4030 2357 4082 L
2454 4029 2682 4099 supplici
2706 4032 2774 4085 H
2778 4034 2791 4067 ¹

497 4112 565 4164 20
602 4111 838 4163 cucurrit
873 4112 942 4165 H
1063 4114 1126 4165 21
1167 4111 1408 4179 proditor
1445 4114 1497 4165 A
1629 4116 1698 4167 22
1736 4113 1931 4165 etenim
1972 4116 2035 4167 H
2044 4135 2060 4167 .·
2104 4132 2205 4167 om.
2244 4117 2299 4168 A
2430 4115 2682 4183 operariis
2730 4118 2798 4171 H

499 4196 782 4250 dissimiles
818 4199 888 4251 H
891 4200 902 4232 ¹
1028 4199 1095 4251 23
1134 4199 1369 4250 cucurrit
1405 4200 1472 4252 H
1592 4202 1656 4253 24
1695 4199 1770 4252 hii
1810 4202 1893 4253 H¹
2002 4203 2070 4254 26
2108 4204 2284 4253 totum
2322 4204 2385 4255 H
2491 4201 2793 4256 debuerunt

503 4283 610 4337 GT
743 4286 810 4339 27
855 4284 1142 4356 utrubique
1189 4286 1270 4341 A.-
1317 4290 1603 4356 utrumque
1656 4288 1781 4344 GT²
1890 4286 2171 4360 utrobique
2209 4290 2262 4343 L
2370 4289 2423 4344 in
2469 4294 2693 4361 utroque
2729 4292 2799 4349 H

497 4374 722 4445 utroque
765 4372 831 4429 Tl
