3167 4975
2432 450 2607 507 LVII

399 624 462 688 5.
483 625 692 689 Codex
719 624 1031 706 quondam
1051 622 1338 707 Augiae
1362 622 1667 687 maioris
1694 621 1834 704 (Rei
1848 620 2109 705 ehenau)
2135 639 2300 685 nunc
2326 618 2607 684 Caroli·
2696 618 2765 680 K

313 729 670 793 ruhensis
711 727 906 807 XCII,
941 746 1100 791 saec.
1136 727 1344 807 VIIII,
1391 728 1631 791 formae
1679 726 1953 806 maioriS,
2002 727 2106 789 fol.
2144 724 2247 806 87,
2294 725 2461 789 binis
2508 742 2611 789 co-

316 834 555 898 lumnis
587 836 897 897 exaratus.
947 833 1170 896 folium
1203 832 1498 895 ultimum
1546 832 1637 895 ita
1682 831 2139 913 transpositum
2179 834 2295 911 est,
2344 833 2414 894 ut
2444 849 2610 894 nunc

317 939 402 1003 sit
449 956 708 1002 nonum.
783 937 970 1001 codex
1018 936 1172 1000 satis
1221 936 1554 1019 diligenter
1602 936 1873 1018 scriptus
1922 938 1985 999 et
2032 934 2110 999 ab
2160 935 2358 999 altera
2417 952 2609 998 mauu

315 1044 504 1127 paulo
546 1042 890 1106 recentiore
929 1042 1168 1125 passim
1215 1044 1528 1105 correctus
1559 1041 1628 1104 in
1661 1040 1835 1105 Conl.
1870 1016 2139 1117 XXIIII,
2172 1038 2277 1119 24,
2312 1038 2353 1101 2
2399 1039 2610 1103 uerbis

318 1144 618 1209 uin-culis
642 1144 940 1207 inretitos
963 1143 1410 1207 saecularium
1441 1146 1689 1209 desinit.
1740 1145 1844 1208 fol.
1881 1144 1953 1205 1⁸
1985 1148 2151 1209 extat
2185 1144 2438 1209 titulus:
2472 1141 2613 1205 Hoc

320 1250 636 1337 opusculo
683 1250 1098 1313 continentur
1142 1248 1536 1313 conlationes
1571 1288 1582 1301 ·
1616 1248 1752 1312 VII
1774 1290 1783 1301 -
1820 1270 1983 1333 quae
2028 1258 2086 1311 et
2130 1248 2525 1311 nouissimae
2571 1270 2613 1310 a

319 1356 620 1419 cassiano
667 1354 878 1418 editae
927 1354 1343 1418 diuersorum
1389 1351 1923 1438 confabulatione
1963 1363 2241 1438 patrum
2286 1352 2609 1415 elimatae.

411 1460 470 1524 6.
506 1460 1032 1545 sangallensis
1065 1458 1194 1523 575
1227 1478 1384 1523 saec.
1414 1458 1622 1539 VIIII,
1654 1460 1859 1524 forma
1890 1460 2143 1539 maiore,
2170 1460 2273 1545 fol.
2304 1457 2407 1539 86,
2440 1458 2608 1523 binis
2698 1458 2753 1519 Z

321 1566 634 1631 columnis
683 1584 720 1629 a
749 1564 1032 1648 pluribus
1080 1564 1374 1628 manibus
1407 1568 1717 1644 exaratuS,
1764 1564 1893 1627 iam
1936 1582 2095 1627 saec.
2130 1564 2247 1627 XV
2293 1564 2382 1627 ita
2420 1564 2614 1627 muti-

320 1672 426 1735 lus
487 1674 624 1734 erat
683 1674 756 1733 ut
816 1669 1000 1733 hodie
1062 1672 1176 1733 est.
1247 1669 1476 1732 desunt
1521 1668 1588 1732 in
1644 1668 1823 1732 initio
1871 1668 2199 1751 quaternio
2247 1668 2489 1751 integer
2550 1674 2613 1731 et

321 1776 552 1840 folium
620 1793 820 1838 unum
883 1793 1080 1855 usque
1145 1774 1222 1838 ad
1287 1772 1459 1838 Conl.
1516 1772 1755 1853 XVIII,
1818 1772 1917 1853 13,
1974 1772 2015 1835 3
2062 1770 2371 1857 fundata
2438 1771 2613 1834 nihil

315 1878 500 1965 peni,
563 1878 889 1960 quaternio
951 1898 1114 1942 unus
1175 1878 1240 1941 in
1289 1876 1462 1942 Conl.
1498 1877 1651 1940 XXI
1698 1878 1857 1960 (cap.
1901 1876 1945 1939 4
1982 1877 2087 1941 fin.
2142 1876 2213 1937 in
2275 1875 2612 1961 euangelio

325 2002 526 2066 usque
575 1984 653 2047 ad
700 2002 832 2066 cap.
875 1982 972 2063 14,
1003 1980 1048 2046 5
1086 1980 1540 2067 pronuntiat),
1589 1982 1813 2046 folium
1860 2000 2057 2045 unum
2088 1983 2153 2045 in
2188 1981 2359 2045 Conl.
2396 1982 2613 2045 XXIII

325 2089 491 2171 (cap.
545 2086 646 2168 17,
693 2087 734 2150 3
793 2086 958 2149 mihi
1003 2085 1162 2170 quia
1218 2086 1335 2149 uir
1385 2084 1693 2169 pollutus
1742 2105 1939 2167 usque
2004 2086 2080 2149 ad
2126 2086 2180 2168 ξ.
2232 2085 2270 2147 8
2318 2085 2424 2149 fin.
2459 2083 2613 2169 fra-

324 2190 616 2278 yilitatis
678 2190 1056 2275 humanae),
1118 2192 1444 2273 quaternio
1507 2210 1670 2254 unus
1717 2192 1783 2255 in
1830 2190 2003 2255 Conl.
2054 2190 2615 2254 XXIII—XXIIII

325 2297 502 2379 (inde
565 2314 603 2361 a
655 2296 893 2375 XXIII,
947 2294 1046 2376 19,
1093 2294 1134 2357 2
1191 2304 1384 2357 tatem
1430 2303 1611 2357 tanto
1657 2315 1721 2357 ae
1771 2293 2249 2357 inmundiorem
2293 2314 2489 2376 usque
2538 2295 2613 2358 ad

324 2401 602 2479 XXIIII,
651 2398 711 2479 9,
761 2400 803 2462 3
866 2398 1087 2461 bouem
1157 2408 1346 2461 tuum
1413 2420 1541 2462 non
1604 2398 1931 2484 patitur),
2004 2399 2226 2463 folium
2292 2418 2488 2463 unum
2548 2400 2611 2462 in

327 2507 506 2572 Conl.
543 2505 792 2570 XXIIH
839 2507 998 2588 (cap.
1039 2504 1140 2586 13,
1171 2504 1214 2566 4
1259 2503 1619 2566 multorum
1650 2504 2023 2568 necessitate
2069 2524 2265 2586 usque
2312 2506 2391 2568 ad
2443 2504 2539 2584 15,
2574 2503 2615 2567 3

327 2609 408 2673 id
452 2619 543 2672 est
587 2607 984 2694 irascibile),
1047 2611 1168 2674 duo
1214 2611 1320 2674 fol.
1355 2628 1489 2694 cap.
1523 2609 1629 2690 23,
1667 2609 1699 2671 1
1750 2631 1879 2671 non
1924 2608 2135 2672 solum
2187 2607 2362 2671 nihil
2418 2629 2613 2691 usque

327 2716 410 2780 ad
455 2713 560 2796 24,
593 2714 633 2777 6
678 2713 878 2777 tritae
921 2723 1077 2776 sunt
1123 2723 1182 2776 et
1226 2713 1344 2776 ita.
1423 2715 1582 2778 liber
1630 2715 1963 2798 diligenter
2023 2715 2293 2798 scriptus
2353 2732 2615 2795 raroque

327 2820 412 2885 ab
459 2820 658 2884 alt-era
701 2837 894 2884 manu
939 2823 1254 2883 correctus
1301 2823 1415 2883 est.

419 2921 545 2986 KZ
597 2924 958 3008 apographa
1018 2924 1298 2987 eiusdem
1345 2923 1670 3007 archetypi
1732 2943 1869 2987 esse
1917 2924 2075 2987 miro
2136 2924 2247 3005 qui
2290 2924 2453 2986 inter
2515 2941 2618 2986 eos
2707 2925 2755 3002 β

329 3029 664 3093 intercedit
723 3045 1034 3092 consensu
1098 3028 1424 3092 euincitur.
1503 3047 1705 3110 neque
1766 3028 1937 3092 enim
1984 3028 2355 3092 crediderim
2400 3027 2459 3089 Z
2502 3027 2617 3092 fiu-

329 3134 496 3198 xisse
544 3153 577 3196 e
623 3131 706 3208 K,
755 3134 862 3215 qui
909 3133 1163 3197 omnino
1210 3132 1430 3196 melior
1471 3136 1594 3196 est:
1642 3133 1709 3196 in
1742 3151 1932 3214 quam
1964 3151 2099 3196 rem
2131 3151 2231 3195 me
2266 3133 2616 3196 accuratius

329 3237 645 3320 inquirere
679 3221 952 3327 noluisse
1000 3241 1210 3318 aperte
1257 3237 1570 3320 profiteor,
1619 3256 1763 3300 cum
1810 3237 1967 3302 mihi
2012 3255 2383 3320 persuasum
2428 3237 2619 3300 fuerit

329 3343 394 3406 id
425 3341 648 3406 inutile
695 3345 758 3406 et
799 3342 934 3406 sine
979 3342 1106 3406 ullo
1139 3342 1562 3405 emolumento
1612 3343 1895 3406 futurum
1927 3342 2140 3406 fuisse.
2200 3342 2277 3405 ad
2309 3341 2617 3405 familiam

327 3445 455 3508 KZ
484 3447 679 3511 etiam
711 3447 1034 3510 Parisinus
1064 3445 1141 3510 N.
1177 3445 1252 3509 A.
1289 3445 1358 3509 L.
1394 3444 1521 3508 332
1553 3446 1663 3528 (Ξ
1700 3445 2056 3511 Cluniensis
2091 3445 2199 3528 73)
2235 3465 2393 3510 saec.
2430 3445 2617 3510 VIIII

327 3553 622 3634 pertinet.
671 3571 860 3634 quem
904 3551 1041 3615 ideo
1089 3551 1369 3615 conferre
1417 3552 1610 3632 nolui,
1661 3550 1808 3634 quia
1852 3551 2157 3634 Georgius
2192 3551 2459 3634 Schepss
2507 3570 2617 3634 per

329 3657 573 3720 litteras
622 3673 722 3719 me
767 3655 1096 3720 certiorem
1143 3655 1294 3719 fecit
1340 3657 1405 3719 in
1454 3674 1525 3719 eo
1572 3657 1757 3739 plane
1805 3656 2059 3720 easdem
2104 3656 2617 3737 interpolationes

329 3779 628 3844 apparere
651 3778 806 3842 quas
826 3759 971 3824 libri
996 3761 1333 3825 deteriores
1358 3780 1417 3843 p.
1445 3759 1593 3840 526,
1624 3759 1720 3823 15.
1750 3759 1898 3840 534,
1916 3759 2017 3822 22.
2046 3759 2195 3840 535,
2212 3758 2313 3824 29.
2344 3759 2491 3840 551,
2517 3759 2613 3823 16.

329 3863 478 3945 694,
512 3864 554 3927 2
603 3863 913 3930 exhibent.
979 3869 1259 3929 ceterum
1291 3884 1368 3928 ne
1400 3865 1500 3929 his
1533 3866 1789 3948 quidem
1820 3865 1973 3928 locis
2007 3883 2391 3947 quamquam
2424 3865 2617 3928 inter-

327 3971 557 4055 polatis
606 3971 736 4036 cod.
780 3971 1104 4036 Parisinus
1148 3971 1492 4036 lectionum
1549 3971 1911 4055 integritate
1960 3969 2507 4035 Caroliruhensem
2555 3973 2618 4033 et

330 4075 807 4160 sangallensem
853 4079 1097 4158 aequat.

417 4180 750 4244 Librorum
795 4197 951 4263 quos
984 4180 1061 4244 ad
1094 4179 1385 4244 ultimam
1419 4179 1861 4244 Conlationum
1892 4183 2137 4263 partem
2169 4179 2615 4243 recensendam

329 4284 733 4348 adhibuimus
794 4285 952 4349 duae
998 4287 1148 4348 sunt
1207 4283 1484 4348 familiae
1531 4285 1622 4349 ita
1680 4284 2033 4365 distinctae,
2099 4289 2169 4349 ut
2213 4285 2292 4348 ad
2354 4286 2615 4348 alteram

327 4389 688 4472 pertineant
731 4385 864 4450 BF
898 4392 962 4452 et
1006 4408 1076 4452 ex
1123 4391 1300 4472 parte
1355 4386 1656 4474 O(0¹)R,
1712 4390 1777 4453 in
1824 4389 2052 4471 quibus
2099 4395 2312 4454 tamen
2361 4389 2617 4452 alterius
