3167 4975
230 1595 286 1634 lo

230 2119 285 2157 15

225 3168 283 3209 25

919 451 1153 501 eontra
1186 447 1567 501 Nestorium
1604 446 1712 500 lib.
1741 445 1863 509 Vn,
1903 450 2056 502 6—8.
2503 447 2630 510 363

340 623 807 706 conparaueriS,
876 626 948 686 ut
1008 623 1453 706 derogaturum
1513 627 1575 687 te
1637 622 2096 704 quodammodo
2159 621 2336 687 Adae
2398 623 2632 706 aliquid

340 728 643 809 credere8‚
692 729 745 792 si
794 729 848 792 ei
894 729 1079 792 deum
1127 728 1451 812 quippiam
1498 727 1921 811 praetulisses,

426 833 568 897 VII.
618 832 983 913 Quoniam
1044 833 1240 897 enim
1294 833 1503 914 inquis
1557 851 1686 914 per
1748 833 2118 896 hominem
2181 850 2404 912 mom,
2467 831 2630 896 ideo

340 941 414 1002 et
465 958 593 1020 per
652 938 1027 1003 hominem
1088 938 1544 1002 resurrectio
1609 941 2084 1002 mortuorum.
2163 938 2436 1002 etiamne
2483 955 2630 1020 apo-

342 1043 561 1107 stolico
608 1043 967 1107 testimonio
1013 1043 1493 1127 peruersitatem
1538 1045 1714 1106 tuam
1763 1060 1837 1106 ac
1867 1043 2071 1106 scelus
2117 1042 2380 1125 probare
2413 1042 2630 1105 niteris

340 1152 404 1212 et
448 1147 815 1232 contagione
860 1149 1200 1229 impietatis
1247 1136 1391 1212 tuae
1440 1165 1551 1211 uas
1609 1147 1928 1211 electionis
1985 1147 2278 1228 infamaS,
2338 1146 2631 1210 uidelicet

338 1255 430 1333 ut,
477 1253 629 1334 quia⁸
666 1272 703 1316 a
748 1257 810 1317 te
856 1256 1073 1317 auctor
1118 1253 1341 1317 salutis
1386 1255 1533 1316 tuae
1574 1270 1698 1317 non
1729 1253 2136 1335 intellegitur,
2183 1252 2410 1316 idcirco
2441 1253 2628 1316 etiam

339 1359 657 1440 apostolus
696 1359 883 1422 deum
916 1375 1179 1441 negasse
1210 1357 1541 1421 uideatur?
1591 1361 1653 1421 et
1685 1361 1921 1437 tamen,
1963 1358 2014 1420 si
2047 1357 2404 1439 apostolicis
2450 1358 2627 1420 testi-

338 1463 565 1527 moniis
610 1465 703 1526 uti
747 1463 1054 1547 placebat,
1117 1481 1226 1526 cur
1280 1480 1404 1526 uno
1462 1463 1594 1525 eius
1642 1465 1974 1526 contentus
2022 1465 2248 1526 cuncta
2293 1461 2521 1525 siluisti
2567 1465 2630 1525 et

340 1569 457 1630 hoc
488 1586 613 1632 non
645 1568 980 1633 subdidisti
1026 1569 1269 1632 statim:
1316 1567 1595 1631 Paulus
1644 1568 2032 1650 apostolus
2081 1585 2221 1631 non
2269 1566 2356 1630 ab
2404 1565 2630 1630 homi-

340 1673 561 1737 nibus
624 1691 859 1755 neque
919 1693 1046 1756 per
1104 1673 1508 1752 hominem,
1572 1673 1700 1736 sed
1761 1691 1889 1754 per
1935 1671 2180 1734 Iesum
2228 1671 2627 1751 Christum,

340 1781 449 1841 aut
490 1779 677 1842 illud:
740 1778 1195 1860 sapientiam
1240 1777 1608 1859 loquimur
1669 1777 1869 1840 inter
1913 1776 2318 1858 perfectoS‚
2380 1780 2444 1839 et
2487 1780 2630 1858 post

340 1883 486 1946 alia:
549 1902 767 1965 quam
828 1901 1067 1963 nemo,
1130 1883 1353 1964 inquit,
1414 1881 1836 1966 principum
1901 1881 2190 1944 saeculi
2251 1879 2472 1943 huius
2518 1899 2628 1943 co-

338 1989 615 2070 gnouit.
722 1990 783 2052 si
860 1989 1055 2052 enim
1130 1987 1697 2070 cognouissent‚
1775 2004 2176 2067 numquam
2253 1985 2628 2049 dominum

340 2093 765 2158 maiestatis
835 2093 1432 2171 crucifixissent,
1492 2093 1593 2155 uel
1655 2091 1838 2155 illud:
1908 2091 2254 2172 quoniam
2325 2091 2397 2153 in
2467 2091 2628 2172 ipso

335 2195 635 2262 habitat
702 2199 939 2262 omnis
1004 2197 1396 2279 plenitudo
1452 2196 1886 2259 diuinitatis
1943 2195 2464 2277 corporaliter,
2535 2198 2625 2257 et:

336 2322 523 2366 unus
572 2302 912 2366 dominus
961 2302 1173 2366 Iesus
1222 2300 1602 2382 Christus,
1649 2319 1778 2383 per
1823 2319 2036 2381 quem
2082 2300 2372 2364 omnia?
2433 2317 2512 2363 an
2561 2300 2626 2362 in

335 2411 513 2491 parte
574 2407 927 2491 apostolum
974 2405 1247 2489 probans
1310 2409 1374 2469 et
1428 2406 1490 2468 in
1538 2409 1717 2489 parte
1762 2405 2104 2486 reprobans
2149 2406 2212 2468 in
2261 2422 2332 2467 eo
2379 2407 2630 2468 tantum

336 2513 559 2595 recipis
620 2514 683 2576 in
731 2531 853 2594 quo
899 2531 1011 2595 pro
1058 2512 1523 2595 dispensatione
1568 2511 1894 2575 hominem
1941 2510 2260 2575 Christum
2325 2511 2626 2589 nominat,

338 2618 404 2682 in
465 2636 536 2681 eo
596 2617 886 2700 repudias
950 2618 1013 2680 in
1061 2635 1183 2698 quo
1246 2618 1475 2680 deum?
1537 2616 1774 2679 Paulus
1831 2616 1998 2679 enim
2046 2615 2368 2679 hominem
2414 2615 2628 2679 Iesum

336 2740 461 2788 non
510 2726 717 2806 negat,
765 2722 874 2785 sed
922 2722 1107 2785 deum
1155 2726 1367 2785 tamen
1416 2721 1684 2783 eundem
1732 2720 2052 2783 hominem
2087 2719 2414 2795 confitetur
2447 2722 2510 2782 et
2541 2720 2629 2783 ita

335 2828 611 2891 humano
655 2828 869 2911 generi
914 2846 1023 2910 per
1069 2827 1389 2890 hominem
1436 2825 1957 2889 resurrectionem
1997 2825 2244 2888 uenisse
2289 2823 2626 2906 praedicat,

336 2936 409 2996 ut
466 2934 530 2997 in
577 2932 829 2996 homine
872 2937 1083 2996 tamen
1141 2932 1274 3014 ipso
1337 2932 1523 2994 deum
1585 2930 1998 2993 resurrexisse
2059 2928 2404 2993 confirmet.
2483 2929 2626 2992 uide

337 3039 527 3118 enim,
588 3056 669 3102 an
731 3057 873 3101 eum
937 3036 1441 3119 qui·resurrexit
1502 3038 1686 3100 deum
1752 3035 2090 3117 praedicet,
2153 3034 2260 3116 qui
2321 3052 2464 3096 eum
2519 3034 2626 3114 qui

338 3143 665 3207 crucifixus
713 3149 810 3207 est
855 3143 1041 3206 deum
1089 3142 1437 3205 maiestatis
1486 3160 1624 3204 esse
1669 3143 1956 3204 testatur.

425 3249 601 3313 VIII.
650 3248 769 3313 Sed
816 3252 1030 3313 tamen
1090 3268 1169 3312 ne
1217 3248 1539 3312 dominum
1586 3248 1798 3309 Iesum
1846 3245 2025 3327 quasi
2079 3264 2274 3308 uuum
2324 3244 2398 3308 de.
2443 3243 2626 3327 plebe

336 3354 648 3435 redderes,
710 3354 933 3418 dedisti
979 3353 1037 3415 ei
1082 3353 1318 3434 aliquid
1365 3351 1708 3434 dignitatis,
1769 3350 2052 3414 tribuens
2108 3350 2162 3412 ei
2211 3350 2510 3413 honorem
2557 3352 2628 3411 ut

338 3462 556 3523 sancto
600 3459 859 3539 homini,
907 3477 1031 3522 non
1079 3457 1473 3521 diuinitatem
1538 3461 1610 3520 ut
1667 3474 1816 3519 uero
1863 3455 2100 3519 homini
2163 3473 2236 3518 ac
2299 3472 2443 3518 uero
2491 3454 2624 3517 deo.

337 3564 487 3645 quid
560 3564 729 3627 enim
804 3564 1001 3627 dicis?
1084 3562 1443 3627 formauit
1518 3561 1696 3624 deus
1772 3560 2216 3624 dominicam
2293 3559 2628 3623 incar-na-

548 3737 639 3807 10]
679 3735 795 3791 Gal.
834 3740 880 3801 1,
918 3739 963 3792 1.
1110 3736 1197 3805 12]
1235 3734 1263 3789 I
1301 3734 1419 3789 Cor.
1455 3737 1505 3799 2,
1540 3737 1589 3788 6.
1740 3734 1828 3802 13]
1866 3734 1900 3787 l.
1937 3750 1980 3788 c.
2015 3736 2062 3789 8.
2219 3732 2308 3801 15]
2347 3731 2457 3786 Col.
2493 3732 2541 3792 2,
2577 3733 2624 3786 9.

338 3824 431 3894 17]
465 3826 494 3879 I
531 3824 649 3879 Cor.
676 3827 723 3889 8,
752 3828 799 3878 6.
1396 3820 1399 3825 ’

428 3986 453 4039 1
495 3981 710 4051 aliquod
743 3982 811 4038 N
946 3983 979 4036 2
1016 3980 1189 4034 eidem
1226 3979 1505 4047 quidpiam
1541 3997 1612 4034 av
1757 3980 1793 4032 4
1831 3978 1992 4029 etiam
2030 3978 2105 4031 M
2237 3980 2269 4031 5
2306 3975 2530 4045 probare
2565 3976 2631 4030 N

336 4074 373 4127 6
408 4072 659 4125 concione
694 4071 772 4127 M
868 4073 899 4125 7
936 4067 1257 4136 intelligitur
1294 4070 1399 4138 ΜΡ
1516 4067 1678 4119 etiam
1717 4068 1772 4118 et
1808 4067 1881 4120 M
1982 4068 2047 4121 13
2083 4063 2268 4132 inquid
2309 4065 2383 4118 M
2479 4064 2626 4133 prin-

337 4160 537 4229 cipium
566 4160 633 4214 N
731 4158 843 4211 eius
872 4175 917 4227 p
1027 4158 1092 4211 14
1128 4170 1397 4223 nunquam
1426 4156 1501 4209 M
1603 4158 1666 4209 17
1705 4152 1953 4206 dominus
1991 4156 2172 4205 noster
2195 4153 2294 4221 ΝΡ
2405 4155 2469 4206 18
2504 4166 2625 4220 pro-

334 4246 433 4301 bas
468 4248 636 4316 NMp
762 4248 815 4297 et
851 4262 951 4299 ont.
991 4246 1091 4299 Mn
1216 4241 1465 4312 reprobas
1502 4244 1608 4311 ΜΡ
1733 4241 1971 4308 tantum]
2010 4243 2188 4293 autem
2227 4240 2302 4293 M
2403 4241 2466 4293 19
2503 4255 2624 4291 eum

335 4334 530 4401 recipis
567 4336 666 4389 Mv
769 4334 840 4387 23
876 4331 1090 4384 nomine
1120 4332 1209 4385 M¹
1316 4329 1603 4382 confirmat
1625 4330 1708 4384 N¹
1813 4331 1882 4383 28
1919 4331 1980 4380 ut
2015 4330 2166 4380 utero
2193 4327 2276 4381 N¹
2381 4328 2449 4381 29
2485 4326 2626 4396 sqq]

334 4420 503 4475 uerba
538 4420 723 4475 nesth:
756 4438 945 4489 vetaryo
984 4420 1051 4473 N
