3167 4975
520 435 649 500 352
1330 436 1648 490 Iohannis
1693 435 1994 491 Cassiani

520 611 690 690 dant,
753 611 869 674 hoc
928 611 1082 675 mihi
1144 613 1481 676 admodum
1543 612 1789 694 accidit,
1849 615 1924 676 ut
1981 613 2320 678 reseruatis
2377 613 2455 676 ad
2507 612 2811 676 ultimum

518 716 893 796 quibusdam
938 717 1393 780 haereticorum
1440 717 1794 797 calumniiS,
1841 735 1984 780 cum
2031 719 2158 781 iam
2207 717 2284 781 ad
2331 717 2532 782 exacti
2575 716 2810 781 laboris

518 821 859 884 terminum
921 822 1233 901 uenerim‚
1304 840 1448 885 eum
1511 822 1720 905 ipsum
1781 821 1972 885 finem
2033 822 2328 904 incipiam
2387 825 2668 886 metuere
2729 821 2810 884 ad

518 943 703 1006 quem
737 925 1222 989 desiderauerim
1254 927 1601 1008 peruenire.
1669 925 1797 1006 sed,
1846 931 1916 990 ut
1951 926 2258 1011 propheta
2302 927 2416 990 ait:
2465 926 2810 990 dominus

518 1030 700 1092 mihi
762 1030 1057 1093 adiutor
1119 1035 1262 1109 est,
1324 1047 1465 1096 non
1515 1031 1794 1095 timebo
1839 1031 2014 1114 quid
2059 1032 2295 1094 faciat
2351 1031 2528 1094 mihi
2575 1031 2810 1110 homo,
2893 1057 2920 1096 ⁵

516 1151 641 1197 non
686 1133 1023 1198 timeamus
1070 1138 1426 1216 praetentas
1473 1135 1926 1200 haereticorum
1989 1135 2424 1200 insidiantium
2468 1136 2680 1199 foueas
2745 1138 2814 1199 et

518 1238 850 1320 obsaeptas
898 1239 1091 1322 spinis
1137 1240 1375 1322 passim
1420 1239 1818 1304 horrentibus
1873 1241 2028 1320 uias,
2091 1257 2251 1321 quae
2310 1257 2458 1302 cum
2516 1243 2812 1322 asperent

518 1343 720 1426 magis
768 1343 993 1407 itinera
1037 1361 1225 1427 quam
1275 1345 1590 1424 claudant,
1640 1344 1714 1407 de
1761 1344 2206 1408 emundatione
2253 1342 2433 1408 nobis
2475 1347 2574 1408 est
2603 1343 2810 1426 potius

515 1447 692 1511 labor
737 1466 927 1529 quam
975 1448 1048 1511 de
1095 1448 1577 1531 inpossibilitate
1625 1448 1910 1528 formido,
1974 1449 2136 1529 quia,
2199 1466 2342 1512 cum
2389 1447 2571 1512 nobis
2617 1466 2810 1532 agen-

516 1552 685 1616 tibus
746 1555 989 1616 rectum
1049 1553 1167 1616 iter
1226 1552 1554 1616 infirmiter
1601 1572 1666 1615 se
1713 1551 1986 1616 obiciant
2033 1556 2096 1616 et
2139 1553 2435 1617 horreant
2481 1553 2810 1617 ambulan-
2869 1580 2921 1619 ιο

516 1656 685 1720 tibus
732 1657 934 1740 magis
982 1675 1173 1738 quam
1221 1655 1449 1738 obsint,
1495 1656 1638 1740 plus
1686 1656 1876 1721 habet
1921 1656 2198 1721 officium
2241 1662 2305 1721 et
2334 1675 2490 1741 opus
2523 1661 2808 1721 nostrum

518 1761 581 1824 in
644 1761 1011 1844 purgatione
1071 1761 1237 1844 quod
1306 1766 1455 1844 agat
1514 1780 1704 1842 quam
1773 1781 1846 1825 ex
1907 1760 2276 1826 difficultate
2343 1762 2510 1846 quod
2569 1763 2806 1826 timeat.

518 1865 711 1948 igitur
772 1866 847 1929 ad
903 1870 1371 1930 monstruosum
1418 1865 1573 1929 illud
1617 1865 1847 1930 letiferi
1893 1867 2200 1948 serpentis
2246 1871 2437 1948 caput
2481 1867 2808 1930 mittentes

518 1989 777 2034 manum
840 1974 903 2034 et
962 1974 1343 2054 pertractare
1410 1971 1626 2034 omnia
1693 1971 2030 2034 admodum
2091 1971 2388 2054 colligata
2444 1969 2808 2053 ingentibus

518 2076 697 2158 spiris
758 2076 1019 2139 tortuosi
1078 2075 1350 2158 corporis
1413 2074 1700 2140 membra
1759 2076 2079 2158 cupientes
2142 2078 2234 2156 te,
2305 2094 2494 2158 quem
2561 2093 2810 2157 semper
2867 2101 2920 2140 ιε,

515 2180 749 2262 precati
794 2199 1035 2260 sumuS,
1082 2181 1274 2243 etiam
1322 2183 1507 2263 atque
1554 2182 1765 2260 etiam,
1814 2180 2062 2244 domine
2109 2180 2274 2260 Iesu,
2328 2197 2675 2262 precamur,
2735 2182 2808 2242 ut

517 2284 627 2347 des
673 2283 851 2350 nobis
912 2283 1221 2348 uerbum
1282 2285 1357 2348 in
1416 2284 1806 2367 apertione
1866 2286 2014 2348 oris
2077 2284 2164 2348 ad
2219 2283 2808 2348 destructionem

517 2389 1044 2470 munitionum,
1108 2389 1610 2472 cogitationes
1667 2389 2144 2453 destruentes
2193 2393 2266 2452 et
2310 2406 2595 2452 omnem
2643 2387 2808 2452 alti-

516 2495 853 2558 tudinem
921 2495 1409 2559 extollentem
1478 2514 1553 2558 se
1621 2495 1983 2559 aduersus
2053 2494 2448 2559 scientiam
2515 2494 2659 2575 dei,
2727 2496 2808 2557 ut

516 2601 983 2681 captiuemus
1060 2616 1349 2663 omnem
1422 2599 1904 2663 intellectum
1979 2600 2052 2663 in
2127 2597 2610 2664 oboedientia
2675 2601 2804 2678 tua,
2863 2624 2918 2663 ιο

517 2704 665 2785 quia
708 2702 815 2767 ille
862 2722 1011 2769 uere
1056 2704 1215 2768 liber
1260 2704 1333 2768 fit
1378 2704 1487 2787 qui
1533 2704 1807 2787 coeperit
1851 2703 1968 2769 tibi
2013 2722 2150 2768 esse
2205 2703 2516 2787 captiuus
2591 2702 2806 2767 adesto

517 2825 661 2891 ergo
706 2812 814 2871 tuo
860 2807 1086 2889 officio,
1131 2812 1241 2873 tuo
1286 2810 1474 2892 operi,
1522 2808 1649 2873 tuis
1695 2827 1806 2891 pro
1852 2812 1914 2872 te
1963 2828 2152 2892 supra
2181 2827 2540 2873 mensuram
2575 2806 2804 2871 uirium

514 2912 1054 2977 contendentibus,
1124 2913 1205 2976 da
1245 2913 1491 2977 hiantia
1526 2912 1673 2977 noui
1707 2913 2014 2995 serpentis
2049 2930 2158 2977 ora
2187 2916 2250 2977 et
2295 2912 2606 2977 tumentia
2647 2913 2806 2976 leta-

512 3016 678 3080 libus
724 3018 985 3081 uenenis
1033 3017 1193 3081 colla
1237 3021 1577 3097 conterere,
1626 3017 1731 3099 qui
1777 3016 1934 3081 facis
1975 3036 2164 3101 supra
2195 3022 2515 3100 serpentes
2547 3020 2609 3080 et
2638 3034 2804 3081 scor-

510 3122 726 3203 piones
772 3122 1043 3185 inlaesos
1089 3121 1479 3185 credentium
1524 3121 1718 3204 pedes
1765 3121 2007 3205 ingredi
2054 3140 2126 3185 ac
2172 3140 2358 3204 super
2405 3121 2686 3204 aspidem
2741 3124 2805 3185 et
2859 3146 2914 3185 ε

510 3226 875 3290 basiliscum
910 3226 1233 3290 ambulare
1268 3230 1330 3289 et
1360 3226 1726 3289 conculcare
1757 3226 2004 3289 leonem
2037 3229 2101 3289 et
2147 3226 2502 3306 draconem,
2549 3224 2805 3290 tribuis-

511 3350 631 3412 que
676 3350 786 3413 per
850 3330 1225 3413 intrepidam
1284 3331 1680 3395 innocentiae
1741 3331 2086 3394 constantis
2147 3330 2496 3410 audaciam,
2560 3332 2632 3394 ut
2689 3329 2803 3393 de-

716 3520 775 3589 4]
801 3520 888 3573 Pe.
920 3523 1036 3582 117,
1062 3522 1107 3575 6.
1186 3520 1274 3589 17]
1306 3519 1441 3589 Eph.
1469 3522 1517 3583 6,
1548 3522 1628 3575 19.
1677 3520 1736 3574 11
1761 3519 1879 3575 Cor.
1909 3523 1989 3583 10,
2014 3522 2168 3575 4—5.
2241 3520 2333 3590 24]
2361 3519 2428 3574 cf.
2455 3519 2581 3575 Luc.
2613 3522 2692 3583 10,
2721 3521 2802 3575 19.

508 3607 601 3676 25]
642 3606 708 3661 cf.
735 3607 823 3661 Pe.
851 3610 933 3671 90,
966 3610 1045 3662 13.
1154 3607 1245 3675 27]
1284 3606 1422 3660 Esai.
1454 3610 1534 3672 11,
1562 3610 1610 3663 8.

600 3784 625 3836 1
666 3780 977 3834 ammodum
1016 3782 1082 3836 N
1206 3780 1459 3835 ultimum
1500 3780 1630 3834 dum
1667 3782 1744 3836 M
1863 3785 1897 3837 3
1933 3782 2076 3849 eum]
2117 3786 2172 3835 et
2207 3782 2284 3837 M
2363 3798 2488 3836 cum
2515 3799 2559 3853 p
2691 3797 2802 3835 me-

509 3872 659 3923 tuere
702 3888 804 3923 om.
853 3870 927 3923 M
1066 3872 1099 3924 4
1152 3868 1576 3922 desideraueram
1625 3887 1658 3923 v
1807 3872 1840 3923 6
1886 3868 2200 3937 praeteritas
2244 3870 2321 3924 M
2462 3867 2690 3921 romfeas
2735 3868 2812 3923 M

509 3959 540 4011 7
579 3955 823 4024 obseptas
849 3957 1014 4025 NMp
1122 3958 1155 4010 8
1194 3955 1408 4023 itinera]
1446 3958 1494 4008 ιῐ
1530 3955 1614 4023 (id
1649 3962 1726 4011 cst
1761 3955 1884 4023 iter)
1910 3957 1985 4009 M
2081 3954 2452 4009 emendatione
2474 3956 2574 4025 ΝΡ
2647 3972 2800 4009 mun-

509 4042 723 4096 datione
760 4044 835 4097 M
948 4042 1133 4111 pocius
1168 4046 1251 4095 est
1287 4043 1361 4096 M
1468 4045 1501 4096 9
1538 4040 1893 4111 possibilitate
1927 4060 1960 4098 v
2085 4046 2150 4099 10
2187 4045 2402 4095 orreant
2439 4044 2512 4097 M
2621 4045 2683 4097 ll
2721 4042 2798 4111 et]

508 4132 666 4197 atque
702 4131 804 4183 Mv
929 4132 994 4184 13
1030 4128 1237 4183 luciferi
1274 4129 1340 4183 N
1462 4128 1636 4198 capud
1674 4130 1778 4199 Mp
1913 4133 1978 4185 14
2013 4129 2322 4183 ammodum
2361 4130 2428 4184 N
2493 4129 2674 4182 omnia
2707 4128 2799 4182 ad-

508 4216 727 4269 modum
752 4216 933 4269 omnia
956 4218 1033 4271 M
1128 4215 1337 4284 illigata
1362 4218 1463 4271 Mv
1568 4215 1854 4283 agentibus
1879 4218 1954 4271 M
2056 4219 2119 4272 15
2155 4214 2380 4271 menbra
2407 4235 2452 4287 p
2561 4218 2627 4272 18
2657 4215 2798 4285 cogi-

506 4304 727 4357 tationis
764 4306 839 4359 M
944 4308 999 4357 et
1034 4322 1135 4360 om.
1175 4306 1249 4359 M
1364 4306 1433 4359 23
1470 4303 1867 4358 connitentibus
1903 4306 2004 4359 Mv
2127 4303 2280 4359 nobis
2316 4306 2391 4359 M
2487 4304 2619 4358 hora
2675 4304 2797 4373 N‘p

506 4392 575 4445 24
612 4390 927 4464 contendere
956 4410 999 4461 p
1124 4394 1191 4445 27
1230 4391 1529 4445 innocentis
1566 4391 1864 4462 constantie
1901 4392 1977 4447 M
2093 4390 2334 4445 delectur
2368 4392 2444 4446 M
