3167 4975
540 447 669 514 346
1346 449 1667 506 Iohannis
1713 449 2014 506 Cassiani

540 629 609 690 et
670 625 846 689 deus
907 645 1141 690 meus:
1204 645 1402 691 unum
1464 628 1634 692 enim
1682 625 2004 692 Christum
2065 645 2286 692 omnes
2347 627 2834 708 confitebantur,

459 737 493 790 3
543 749 621 793 ne
681 731 835 797 duos
895 731 1191 797 facerent.
1283 733 1451 796 huno
1512 751 1658 817 ergo
1721 732 1932 812 erede,
1997 737 2060 796 et
2117 733 2207 797 ita
2264 732 2444 797 erede
2501 732 2830 796 dominum

536 835 820 899 omnium
865 835 1079 900 Iesum
1127 835 1471 917 Christum,
1532 828 1928 920 unigenitum
1989 841 2056 901 et
2107 837 2616 920 primogenitum,
2677 856 2834 901 eun-

537 940 680 1003 dem
726 959 937 1004 rerum
984 945 1327 1006 creatorem
1377 960 1565 1024 quem
1612 940 1940 1006 hominum
1989 946 2515 1022 conseruatorem,
2563 942 2834 1006 eundem

536 1045 707 1126 prius
734 1045 1121 1110 conditorem
1153 1046 1345 1110 totius
1370 1046 1590 1109 mundi
1623 1065 1810 1128 quem
1840 1051 2062 1128 postea
2091 1047 2548 1130 redemptorem
2580 1047 2832 1129 generis
2912 1072 2935 1107 ⁵

538 1150 827 1213 humani:
884 1150 990 1231 qui
1037 1167 1184 1214 eum
1228 1154 1406 1233 patre
1454 1154 1638 1232 atque
1685 1152 1748 1214 in
1794 1155 1972 1233 patre
2017 1169 2417 1234 permanenS,
2473 1152 2832 1216 homousios

535 1255 720 1337 patri,
768 1257 831 1318 et
874 1255 1045 1318 iuxta
1102 1256 1454 1338 apostolum
1516 1256 1829 1320 formam
1891 1256 2092 1320 serui
2157 1257 2538 1338 accipiens
2597 1256 2834 1320 humi-

536 1360 761 1423 liauit
806 1377 883 1422 se
929 1376 1163 1441 usque
1210 1359 1296 1424 ad
1343 1363 1686 1440 mortem,
1748 1364 2062 1424 mortem
2125 1364 2372 1424 autem
2434 1360 2706 1440 erueiS,
2768 1364 2833 1425 et

540 1465 712 1527 iuxta
756 1462 1113 1546 symbolum
1176 1468 1395 1528 natus
1458 1468 1571 1528 est
1633 1483 1714 1528 ex
1759 1464 2000 1528 Maria
2044 1465 2370 1548 uirgine,
2417 1465 2832 1530 crucifixus

538 1567 675 1630 sub
723 1568 988 1633 Pontio
1033 1567 1283 1632 Pilato
1332 1572 1404 1632 et
1448 1569 1824 1651 sepultus,
1873 1575 1944 1633 et
1987 1571 2216 1633 tertia
2261 1570 2374 1633 die
2419 1570 2836 1634 resurrexit
2895 1597 2939 1632 m

538 1671 947 1736 seeundum
992 1673 1413 1756 scripturas
1460 1677 1533 1737 et
1577 1675 1651 1736 in
1697 1675 1984 1738 eaelum
2036 1675 2402 1755 aseendit,
2451 1679 2522 1739 et
2559 1676 2830 1740 iterum

457 1787 493 1840 4
542 1777 801 1841 ueniet
862 1778 1193 1841 iudicare
1253 1778 1467 1842 uiuos
1530 1795 1612 1842 ao
1673 1782 2025 1843 mortuos.
2103 1779 2257 1844 haee
2319 1784 2418 1844 est
2463 1780 2630 1844 enim
2673 1779 2832 1844 fides

536 1898 705 1960 uera,
750 1881 907 1945 haee
953 1883 1123 1946 salus
1170 1900 1339 1962 uera,
1388 1883 1575 1946 deum
1617 1900 1690 1946 ae
1721 1883 2048 1947 dominum
2078 1883 2294 1947 Iesum
2325 1883 2646 1948 Christum
2679 1901 2834 1948 eun-

536 1986 679 2049 dem
728 1989 791 2050 et
822 1989 966 2050 ante
998 1988 1209 2051 omnia
1238 1987 1489 2050 eredere
1522 1990 1585 2051 et
1613 1991 1756 2070 post
1787 1989 2018 2069 omnia,
2065 1989 2382 2070 quoniam,
2427 1991 2500 2052 ut
2531 1989 2832 2071 seriptum

537 2093 652 2170 est,
700 2090 913 2154 Iesus
961 2091 1309 2156 Christus
1364 2092 1525 2156 heri
1584 2095 1658 2156 et
1715 2092 1960 2172 hodie,
2021 2093 2182 2176 ipse
2242 2097 2314 2157 et
2373 2093 2445 2156 in
2507 2094 2828 2157 saecula.
2891 2119 2936 2155 ιε,

536 2196 599 2258 in
655 2195 817 2260 heri
872 2197 1037 2260 enim
1082 2213 1267 2261 omne
1312 2197 1724 2279 praeteritum
1769 2201 2018 2280 tempus
2065 2197 2360 2278 ostendit,
2407 2198 2471 2262 in
2518 2216 2641 2280 quo
2688 2203 2831 2262 ante

537 2300 910 2383 principium
960 2303 1145 2364 natus
1194 2319 1231 2364 a
1273 2305 1452 2384 pat-re
1496 2305 1619 2366 est:
1681 2303 1744 2366 in
1805 2301 2021 2367 hodie
2083 2306 2294 2366 autem
2356 2302 2588 2367 saeculi
2650 2303 2830 2368 istius

538 2405 762 2486 spatia,
804 2405 867 2468 in
899 2422 1019 2486 quo
1052 2424 1269 2470 rursus
1302 2425 1373 2470 ex
1404 2407 1647 2491 uirgine
1679 2410 1864 2471 natus
1899 2411 2014 2489 est,
2046 2425 2269 2491 passus
2303 2411 2419 2489 est,
2465 2409 2828 2472 resurrexit:

538 2510 599 2573 in
633 2529 703 2574 eo
735 2528 884 2573 uero
916 2511 1079 2592 quod
1124 2512 1283 2595 ipse
1328 2513 1400 2576 in
1447 2512 1750 2576 saecula
1794 2512 2041 2593 dieitur,
2088 2513 2292 2576 omnis
2339 2513 2586 2577 futurae
2633 2518 2832 2578 aeter-

538 2614 756 2679 nitatis
803 2616 1171 2680 inmensitas
1219 2616 1603 2700 designatur.
2887 2643 2938 2679 ιο

624 2720 762 2783 ΧΧ.
812 2718 933 2785 Sed
980 2720 1130 2784 diois
1177 2720 1459 2801 forsitan,
1507 2722 1559 2783 si
1607 2722 1877 2785 eundem
1920 2721 1984 2784 in
2032 2720 2156 2786 fine
2202 2724 2560 2805 temporum
2608 2724 2824 2785 natum

539 2824 742 2887 dicam
791 2842 863 2887 ex
908 2824 1170 2909 uirgine,
1231 2825 1339 2906 qui
1385 2830 1531 2889 ante
1578 2826 1790 2889 omnia
1835 2829 2020 2890 natus
2081 2826 2270 2891 fuerit
2329 2846 2402 2890 ex
2465 2826 2578 2890 deo
2633 2830 2826 2909 patre,

536 2946 833 2992 carneum
882 2948 981 2992 me
1030 2928 1218 2993 etiam
1264 2932 1409 2993 ante
1456 2930 1674 2994 mundi
1717 2929 1897 2994 initia
1941 2930 2128 2994 deum
2176 2931 2400 3011 dicere,
2463 2930 2568 3013 qui
2621 2931 2824 3013 ipsum

537 3033 738 3097 dicam
784 3037 1003 3117 postea
1045 3033 1367 3097 hominem
1413 3053 1602 3115 quem
1649 3054 1898 3117 semper
1943 3034 2152 3117 deum,
2200 3054 2271 3099 ae
2316 3054 2426 3118 per
2471 3035 2590 3099 hoe
2631 3036 2830 3099 homi-

536 3156 683 3201 nem
742 3137 923 3202 illum
984 3140 1088 3220 qui
1150 3142 1335 3203 natus
1400 3138 1482 3215 sit
1526 3142 1746 3221 postea
1805 3158 2053 3222 semper
2096 3140 2310 3204 fuisse.
2400 3140 2547 3204 nolo
2601 3142 2664 3203 te
2709 3140 2826 3204 hae
2881 3166 2933 3205 ετ,

538 3242 925 3325 ignorantiae
986 3243 1283 3307 caecitate
1344 3246 1533 3325 atque
1595 3245 1712 3308 hae
1771 3262 2052 3309 errorum
2113 3249 2296 3308 nocte
2365 3244 2690 3325 confundi,
2757 3250 2828 3308 ut

536 3350 719 3429 putes
766 3364 867 3410 me
912 3347 1232 3411 hominem
1278 3348 1385 3429 qui
1430 3368 1503 3411 ex
1532 3348 1738 3412 Maria
1783 3353 1967 3414 natus
2014 3352 2110 3413 est
2153 3352 2298 3414 ante
2341 3349 2588 3413 exordia
2619 3366 2824 3414 rerum

540 3468 837 3532 asserere,
886 3456 950 3516 et
982 3451 1171 3515 deum
1202 3453 1393 3516 etiam
1425 3456 1569 3517 ante
1601 3453 1904 3537 principia
1934 3454 2153 3518 mundi
2183 3472 2433 3538 semper
2462 3471 2826 3538 corporeum

458 3564 491 3617 2
540 3556 914 3637 praedicare.
1008 3573 1133 3619 non
1179 3556 1284 3637 ita,
1344 3557 1625 3639 inquam,
1686 3576 1812 3623 non
1856 3558 1948 3623 ita
2000 3560 2156 3639 dieo,
2216 3559 2402 3641 quod,
2461 3559 2826 3643 priusquam

538 3664 919 3743 nasceretur,
981 3661 1168 3725 homo
1229 3661 1293 3726 in
1355 3662 1468 3726 deo
1514 3663 1720 3744 fuerit,
1783 3663 1894 3727 sed
1953 3665 2116 3745 quod
2177 3667 2396 3747 postea
2452 3664 2518 3728 in
2577 3664 2826 3729 homine
2880 3692 2932 3731 ³0

538 3766 691 3829 deus
724 3770 911 3831 natus
945 3767 1044 3831 sit.
1124 3785 1249 3831 non
1294 3768 1463 3831 enim
1508 3784 1652 3831 earo
1697 3767 1808 3832 illa
1854 3786 2014 3850 quae
2061 3788 2133 3833 ex
2165 3786 2350 3833 earne
2390 3768 2650 3852 uirginis
2685 3774 2828 3833 nata

538 3874 634 3934 est
694 3889 941 3954 semper
1001 3872 1139 3953 fuit,
1201 3872 1311 3937 sed
1372 3872 1524 3937 deus
1585 3871 1691 3955 qui
1738 3892 1986 3957 semper
2033 3874 2152 3939 fuit
2197 3894 2268 3938 ex
2329 3892 2516 3939 earne
2572 3874 2826 3957 uirginis

749 4060 805 4129 7]
845 4060 983 4115 Phil.
1012 4062 1061 4126 2,
1088 4065 1239 4119 7-8.
1352 4062 1441 4131 15]
1478 4061 1642 4117 Hebr.
1674 4066 1754 4127 13,
1779 4066 1828 4119 s.

625 4236 658 4290 2
696 4234 855 4289 deum
882 4236 949 4291 N
1048 4239 1083 4291 6
1120 4236 1384 4291 omousios
1409 4238 1510 4306 Np
1622 4239 1688 4293 12
1724 4238 1808 4307 ae]
1847 4241 1904 4292 et
1933 4258 1968 4293 v
2071 4242 2154 4292 est
2187 4256 2290 4295 om.
2321 4257 2365 4309 p
2473 4240 2606 4294 fides
2634 4242 2825 4303 uestra,

538 4322 667 4375 haec
705 4326 786 4376 est
822 4322 964 4376 salus
999 4326 1182 4377 uestra
1210 4342 1243 4379 v
1350 4328 1414 4380 15
1451 4324 1616 4395 hodie
1641 4325 1710 4379 N
1811 4324 1918 4379 seia
1942 4326 2041 4395 ΝΡ
2151 4330 2212 4382 17
2253 4326 2348 4380 seii
2371 4328 2470 4397 ΝΡ
2577 4324 2736 4381 huius
2761 4344 2828 4381 av

540 4412 603 4465 19
642 4408 749 4463 scia
784 4411 885 4479 ΝΡ
988 4412 1058 4465 23
1095 4410 1263 4479 ipsam
1301 4412 1383 4467 N¹
1490 4414 1560 4467 28
1598 4404 1813 4465 assere”
1837 4414 1904 4468 Ν
2003 4416 2066 4469 31
2109 4416 2266 4466 natus
2303 4412 2432 4467 deus
2467 4432 2502 4469 v
