3167 4975
521 426 652 490 204
1330 426 1649 480 Iohannis
1698 426 2003 482 Cassiani

519 601 806 666 laborum
852 604 1206 666 nostrorum
1269 602 1510 665 fructus
1569 605 1715 684 post
1774 604 2063 685 inrepens
2126 601 2495 665 cenodoxiae
2549 602 2810 666 morbus

521 710 811 770 euacuet:
858 705 1154 788 quidquid
1203 707 1392 770 etiam
1437 706 1502 770 in
1549 707 2019 770 conuersatione
2051 706 2321 771 fratrum
2352 707 2607 769 minime
2639 721 2812 768 com-

521 811 729 874 munis
761 829 913 874 usus
944 811 1162 893 recipit
1193 811 1296 874 uel
1330 814 1591 890 exercet,
1624 812 1796 874 omni
1828 811 2033 874 studio
2064 814 2135 874 ut
2168 811 2499 874 iactantiae
2530 811 2807 874 deditum

520 915 933 995 declinemuS,
997 920 1060 979 et
1121 933 1222 994 ea,
1284 933 1441 996 quae
1505 933 1619 979 nos
1678 918 1946 996 possunt
2003 917 2165 978 inter
2218 917 2456 978 ceteros
2504 913 2810 978 notabiles

517 1018 798 1099 reddere,
845 1037 917 1082 ac
962 1019 1159 1083 ueluti
1206 1019 1352 1082 solis
1400 1018 1774 1082 facientibus
1820 1019 1959 1082 laus
2006 1019 2171 1101 apud
2215 1020 2503 1082 homines
2550 1019 2633 1082 sit
2662 1036 2811 1081 con·
2900 1044 2929 1082 5

519 1123 836 1204 quirenda,
883 1125 1176 1187 uitemuS.
1255 1123 1353 1186 his
1411 1125 1577 1186 enim
1639 1124 1740 1187 uel
1802 1124 2073 1186 maxime
2136 1123 2379 1186 indiciis
2441 1123 2810 1186 cenodoxiae

515 1229 704 1292 letale
749 1229 1108 1310 contagium
1155 1227 1334 1291 nobis
1379 1228 1704 1291 inhaerere
1752 1227 2223 1292 monstrabitur.
2305 1229 2467 1309 quod
2513 1228 2810 1291 facillime

517 1333 862 1415 poterimus
909 1333 1202 1414 effugere,
1251 1332 1304 1394 si
1351 1331 1813 1396 consideremus
1861 1349 1985 1395 non
2018 1333 2220 1396 solum
2251 1333 2489 1396 fructus
2521 1332 2810 1396 laborum

517 1443 873 1502 nostrorum
921 1455 1032 1501 nos
1077 1437 1328 1518 penitus
1375 1437 1736 1516 amissuroS,
1783 1455 2203 1519 quoscumque
2252 1437 2620 1500 cenodoxiae
2666 1454 2810 1517 pro-

515 1544 714 1623 posito
761 1542 1116 1622 fecerimUS,
1165 1541 1272 1604 sed
1320 1543 1509 1605 etiam
1552 1560 1691 1605 reos
1738 1543 1953 1624 magni
1998 1543 2272 1606 criminis
2319 1543 2516 1606 factos
2555 1545 2811 1605 aeterna
2876 1569 2933 1606 ιο

518 1647 820 1728 supplicia
879 1646 1077 1710 ueluti
1139 1647 1472 1729 sacrilegos
1534 1646 1872 1726 soluturoS,
1934 1645 2147 1728 utpote
2215 1648 2317 1727 qui
2380 1647 2457 1710 ad
2516 1647 2809 1710 iniuriam

518 1751 617 1814 dei
664 1769 838 1832 opus,
885 1750 1048 1832 quod
1096 1752 1226 1814 eius
1257 1749 1518 1814 obtentu
1549 1769 1662 1813 nos
1694 1753 1965 1832 oportuit
1996 1769 2201 1834 agere,
2248 1753 2573 1815 hominum
2607 1753 2811 1834 gratia

521 1856 858 1918 maluimus
893 1873 1195 1935 exercere,
1241 1853 1319 1918 ab
1354 1873 1444 1935 eo,
1492 1855 1597 1936 qui
1629 1854 2011 1919 occultorum
2046 1859 2141 1920 est
2172 1857 2475 1934 consciuS‚
2521 1855 2808 1919 homines

517 1958 632 2022 deo
679 1963 742 2021 et
785 1958 1048 2041 gloriam
1095 1959 1312 2023 mundi
1357 1959 1589 2041 gloriae
1637 1959 1871 2022 domini
1914 1961 2283 2040 praetulisse
2330 1962 2614 2023 conuicti.

1161 2348 1448 2431 LIBER
1501 2348 2151 2432 DUODEOIMUS.
2870 2405 2928 2442 15

1099 2498 1227 2562 DE
1274 2498 1635 2563 SPIRITU
1682 2498 2217 2563 SUPERBIAE.

1435 2658 1888 2709 CAPITULA.

601 2797 648 2859 Ι.
700 2795 876 2877 Quod
923 2802 1213 2861 octauum
1260 2802 1574 2860 certarnen
1624 2796 1924 2860 aduersus
1972 2797 2257 2877 spiritum
2314 2798 2639 2879 superbiae
2700 2799 2801 2879 sit,

514 2905 578 2965 et
623 2900 698 2965 de
747 2905 968 2965 natura
1015 2903 1165 2964 eius,

599 3006 679 3070 Π.
733 3004 908 3085 Quod
954 3004 1280 3087 superbiae
1327 3006 1448 3070 duo
1495 3006 1621 3070 sint
1664 3025 1912 3089 genera.
2860 3040 2921 3076 20

599 3110 714 3174 ῘΙΙ.
764 3108 940 3190 Quod
988 3109 1278 3191 superbia
1323 3129 1540 3174 omnes
1588 3096 1817 3192 pariter
1863 3112 2125 3174 uirtutes
2171 3111 2433 3175 auferat.

597 3213 747 3278 IIII.
783 3213 958 3293 Quod
1005 3214 1082 3279 ob
1131 3214 1488 3296 superbiam
1535 3214 1786 3278 Lucifer
1830 3216 1932 3279 ille
1980 3216 2055 3279 de
2102 3216 2474 3299 archangelo
2518 3216 2799 3282 diabolus

511 3319 715 3382 faetus
763 3320 861 3382 sit.

595 3422 672 3487 V.
721 3421 898 3503 Quod
943 3423 1191 3488 fomites
1238 3424 1518 3487 omnium
1571 3424 1867 3488 uitiorum
1926 3424 2001 3487 de
2063 3425 2353 3505 snperbia
2410 3425 2795 3506 pullularint.

599 3598 624 3650 l
666 3594 878 3649 coenod.
911 3597 963 3649 G
1022 3594 1194 3648 cinod.
1222 3597 1289 3649 H
1343 3595 1554 3649 caenod.
1581 3597 1635 3650 L
1741 3599 1774 3651 2
1808 3596 2059 3664 quiequid
2099 3598 2228 3651 G²L
2336 3596 2563 3650 fratrum
2598 3616 2698 3651 om.
2735 3600 2807 3653 H

510 3686 543 3737 3
589 3682 673 3751 ut]
720 3682 840 3734 uitii
886 3682 939 3735 L
1099 3681 1340 3735 debitum
1387 3683 1455 3736 H
1600 3686 1632 3737 6
1679 3683 1871 3736 indicis
1920 3684 1987 3737 H
2122 3683 2296 3737 cinod.
2346 3686 2415 3738 H
2480 3684 2692 3738 caenod.
2742 3686 2799 3739 L

509 3773 540 3824 7
576 3768 768 3822 loetale
804 3770 858 3823 L
964 3769 1285 3835 contagione
1315 3771 1390 3824 L¹
1531 3773 1564 3824 9
1602 3770 1972 3838 quodcumque
1996 3772 2049 3825 L
2158 3770 2373 3825 coenod.
2405 3772 2455 3825 G
2527 3771 2699 3825 einod.
2734 3773 2805 3826 H

509 3856 723 3910 caenod.
748 3856 802 3911 L
910 3858 974 3910 10
1013 3856 1283 3926 secolmus
1313 3858 1385 3911 G¹
1494 3859 1556 3911 11
1598 3860 1785 3925 utpute
1811 3858 1951 3911 ΗΕι
2061 3860 2124 3912 13
2158 3857 2392 3911 hominis
2418 3860 2471 3912 L
2580 3862 2644 3913 14
2680 3858 2800 3926 glo-

509 3945 588 3997 ria
622 3946 698 3998 L¹
807 3943 1076 3996 conuincti
1115 3945 1189 3997 L¹
1261 3942 1492 4012 Explicit
1539 3943 1603 3997 de
1650 3942 1749 4011 εἴη]
1796 3944 2111 3997 cenodoxiae
2147 3944 2443 4011 (cinodoxia
2480 3946 2547 3999 H
2610 3961 2799 3998 caeno-

509 4031 661 4102 doxie
689 4030 764 4099 L)
788 4030 923 4083 liber
947 4030 1024 4083 XI
1050 4030 1384 4097 (undecimus
1410 4033 1484 4099 L)
1515 4031 1683 4085 GIIL
1756 4032 1955 4101 Incipit
1988 4032 2051 4084 de
2079 4032 2178 4099 spu
2203 4032 2477 4101 superbiae
2499 4032 2638 4085 libe-r
2662 4032 2797 4085 XII·

508 4118 646 4171 Item
673 4118 798 4187 eapl'
823 4117 886 4170 de
910 4116 1047 4169 libro
1073 4116 1120 4169 X
1145 4119 1271 4184 (sic)
1297 4118 1364 4171 H
1427 4118 1703 4186 Incipiunt
1726 4118 1873 4171 tituli
1900 4118 1965 4171 de
1989 4118 2125 4171 libro
2159 4119 2470 4172 duodecimo
2496 4121 2578 4175 L:
2612 4139 2713 4175 om.
2744 4122 2798 4174 G

593 4207 663 4260 20
707 4206 835 4257 sunt
879 4204 1019 4257 11¹2*
1153 4206 1218 4258 21
1269 4203 1542 4271 superbiae
1588 4206 1706 4259 HT
1828 4208 1895 4260 22
1932 4204 1998 4258 ob
2044 4224 2145 4261 om.
2184 4208 2301 4261 HT
2434 4210 2502 4261 24
2540 4206 2799 4260 uitiorum

509 4292 748 4345 omnium
788 4292 932 4345 HTv
1037 4290 1100 4343 de
1137 4310 1238 4346 om.
1283 4293 1332 4345 T
1431 4291 1729 4359 pulularint
1766 4294 1831 4346 H
1898 4291 2226 4361 pullularent
2270 4295 2323 4347 L
2397 4294 2703 4362 pulularent
2752 4296 2807 4349 T

509 4378 776 4447 pullulent
812 4398 845 4433 ἰ’
