3167 4975
903 631 1032 687 Cod.
1070 631 1231 686 Uind.

609 738 716 803 fol.
742 735 907 801 206¹)
930 740 1095 814 ἡνίκα
1118 741 1386 822 τελειωθῇ
1412 741 1441 800 ὁ
1464 741 1618 819 ψαλ-

524 847 628 920 μός
674 843 859 927 (Inst.
894 843 977 923 H,
1013 843 1073 924 7,
1112 843 1195 926 l),
1227 847 1287 906 οὺ
1317 852 1615 928 παραχρῆ-

526 970 604 1024 μα
648 951 784 1029 πρὸς
830 949 1179 1028 γονυκλισίαν
1226 952 1464 1031 ὁρμῶσιν
1500 999 1514 1012 .
1552 1000 1563 1012 .
1602 1000 1614 1012 .

524 1054 621 1126 τὰς
683 1053 890 1127 ἱκεσίας
952 1052 1063 1136 (Π,
1099 1052 1133 1116 7
1168 1053 1303 1137 fin.)
1353 1055 1616 1132 ἀποπλη-

526 1161 698 1239 ροῦσιν
734 1208 747 1221 .
784 1207 797 1220 .
835 1208 847 1220 .
883 1161 990 1232 ἕως
1038 1161 1101 1218 ἂν
1148 1160 1179 1217 ὁ
1222 1166 1391 1219 ποιῶν
1440 1160 1619 1233 αὺτοῖς

524 1265 622 1338 τὴν
680 1265 847 1343 εὐχὴν
893 1265 1059 1346 κλίνῃ
1116 1270 1327 1346 πρῶτος
1384 1267 1420 1339 ἢ
1478 1266 1618 1324 ἀνα-

526 1375 623 1451 στῇ
669 1373 882 1449 πρῶτος

611 1471 718 1535 fol.
745 1469 869 1534 207
906 1471 1091 1555 (Inst.
1118 1471 1203 1553 II,
1234 1469 1340 1553 10)
1374 1475 1464 1532 ὅτε
1496 1471 1619 1532 οὔτε

524 1579 740 1652 πτύσμα
782 1579 1159 1658 προπέμπεται
1202 1575 1323 1636 οὔτε
1355 1573 1463 1652 βὴξ
1494 1575 1620 1652 διη-

524 1682 638 1762 χεῖ,
672 1682 771 1742 οὒκ
800 1681 1024 1759 ἀκηδία,
1070 1681 1131 1742 οὗ
1164 1685 1469 1760 νυσταγμοῦ
1501 1673 1618 1759 χά-

528 1807 659 1866 σμα,
694 1787 755 1846 σὺ
786 1784 1082 1865 στεναγμοὶ
1104 1834 1116 1848 .
1140 1833 1152 1847 .
1176 1833 1188 1846 .
1211 1786 1619 1860 ἀναπέμπονται

620 1995 747 2055 οῦδὲ
775 1994 853 2074 τῷ
882 1996 1084 2070 πλήθει
1110 2001 1216 2055 τῶν
1240 1993 1441 2074 στίχων
1464 1995 1622 2056 ἀλλὰ

528 2106 596 2182 τῇ
626 2106 726 2176 τῆς
757 2099 1001 2172 διανοίας
1030 2103 1215 2174 νοήσει
1248 2099 1619 2181 εὐφραίνεσθαι

580 2251 594 2266 .
634 2253 648 2265 .
696 2203 1118 2284 ὠφελιμώτερον
1164 2205 1272 2286 γὰρ
1329 2205 1513 2284 ἔχουσι
1556 2207 1618 2265 τ“ο

528 2309 667 2368 δέκα
687 2308 899 2388 στίχους
926 2309 1067 2386 μετὰ
1090 2312 1355 2381 συνέσεως
1378 2311 1618 2387 ψάλλειν

528 2416 565 2491 ἣ
596 2414 729 2474 ὅλον
759 2415 851 2474 τὸν
882 2415 1108 2493 ψαλμὸν
1142 2411 1282 2492 μετὰ
1303 2416 1619 2495 συγχύσεως

527 2521 767 2593 διανοίας

615 2625 797 2709 (Inst.
835 2624 919 2705 II,
963 2622 1066 2707 15)
1098 2630 1191 2685 τοῦ
1223 2623 1357 2685 ἰδίου
1386 2622 1618 2685 κελλίου

525 2731 817 2809 προελθεῖν

614 2834 719 2898 fol.
752 2830 878 2896 208
926 2860 1007 2889 =
1056 2833 1213 2898 Inst.
1254 2833 1405 2913 IHI,
1449 2832 1617 2895 1—6

616 2939 720 3003 fol.
755 2936 881 3000 209
914 2964 995 2993 =
1028 2937 1185 3001 Inst.
1220 2938 1369 3017 IIII,
1404 2936 1618 3000 7-12

616 3044 793 3105 ἐκεῖνο
838 3045 1162 3123 γιγνώσκειν
1204 3044 1407 3120 ἀγαθον
1438 3047 1474 3119 ἢ
1505 3064 1616 3103 κα-

526 3150 624 3209 xiv
670 3142 809 3209 εἶναι
871 3150 1004 3228 ὅπερ
1048 3150 1115 3228 τῇ
1165 3148 1355 3207 ἑαυτοῦ
1402 3146 1616 3228 διακρί-
1653 3165 1662 3175 ·

528 3274 609 3313 σει
655 3252 959 3328 δοκιμάσας
1019 3253 1050 3311 ὁ
1107 3252 1284 3331 πατὴρ
1339 3251 1617 3325 ἀποδείξει

615 3462 719 3526 fol.
754 3460 917 3525 210⁸
963 3460 1140 3534 ουδεὶς
1198 3462 1374 3519 αὑτῶν
1429 3457 1615 3541 (InSt.

528 3565 678 3647 IIII,
725 3566 831 3651 13)
880 3566 1027 3627 ἄλλο
1072 3588 1121 3625 τι
1165 3566 1423 3641 κέκτηται
1468 3564 1616 3639 πλὴν

526 3670 787 3745 κολοβίου
832 3670 925 3732 καὶ
969 3669 1252 3750 ἡμιφορίου
1282 3668 1376 3729 καὶ
1406 3669 1614 3728 σανδα-

527 3776 662 3835 λίων
707 3775 801 3835 καὶ
848 3775 1114 3852 μηλωτῆς
1158 3774 1253 3835 καὶ
1300 3776 1484 3851 ψιέθου

615 3982 721 4047 fol.
739 3980 905 4045 210b
928 3986 1281 4063 συνηγμένων
1304 3984 1411 4043 τῶν
1437 3983 1614 4044 ἀδελ-

527 4094 637 4167 φῶν
686 4086 868 4170 (InSt.
902 4087 1053 4167 IIII,
1092 4086 1197 4171 16)
1246 4088 1303 4147 ἐν
1350 4096 1415 4171 τῇ
1448 4092 1613 4149 συνά-

526 4191 609 4265 ξει
656 4192 817 4272 ῥίψας
862 4194 1051 4253 ἑαυτὸν
1100 4191 1187 4251 ἐπὶ
1234 4196 1332 4267 τὴν
1379 4199 1484 4271 γῆν
1520 4192 1614 4253 καὶ

527 4295 1039 4375 ἐξομολογούμενος
1086 4300 1429 4379 συγχώρησιν
1478 4296 1618 4358 αἰτεῖ

524 4406 617 4461 τοῦ
664 4400 795 4461 ἰδίου
844 4401 1161 4479 σφάλματος

1783 631 2030 687 Eucherii
2069 633 2326 702 epitomes
2361 633 2497 687 liber
2532 633 2755 702 primus,

1811 759 1871 822 p.
1907 737 2032 802 868
2053 740 2108 803 Ι)
2135 765 2202 786 ·-—-
2229 738 2427 804 869Α
2481 746 2814 824 postquam

1727 843 2053 909 absolutus
2081 848 2177 908 est
2201 846 2504 927 psalmuS,
2541 864 2664 910 non
2687 850 2819 909 sta-

1725 948 1842 1011 tim
1889 949 1968 1012 ad
2013 949 2506 1032 genuflexionem
2554 951 2819 1013 ueniunt

1811 1072 1872 1135 p.
1907 1049 2104 1117 869Α
2151 1054 2637 1136 supplicationes
2679 1073 2818 1136 per-

1727 1157 1984 1221 soluunt
2018 1207 2031 1220 .
2068 1207 2081 1220 .
2119 1207 2132 1221 .
2167 1157 2361 1222 donee
2417 1159 2469 1221 is
2525 1159 2634 1240 qni
2680 1176 2817 1223 ora-

1725 1262 1963 1326 tionem
1982 1263 2206 1326 recitat
2225 1263 2392 1345 prior
2410 1262 2820 1346 genuflexerit

1726 1370 1836 1430 aut
1879 1367 2046 1449 prior
2093 1367 2426 1431 surrexerit

1812 1491 1869 1554 p.
1892 1469 2090 1534 869Α
2118 1488 2238 1552 quo
2259 1469 2594 1554 (tempore)
2617 1490 2818 1554 neque

1727 1580 1986 1659 sputum
2032 1575 2343 1640 emittitur
2392 1594 2590 1659 neque
2623 1577 2817 1640 tussis

1727 1681 2003 1745 auditur:
2056 1699 2178 1745 non
2210 1679 2340 1744 illio
2371 1679 2660 1763 pigritiae
2694 1681 2820 1764 sig-

1727 1805 1900 1866 num,
1935 1803 2060 1850 non
2093 1785 2472 1863 dormitatio,
2510 1803 2636 1849 non
2660 1786 2819 1849 osei-

1727 1889 1902 1970 tatio,
1929 1908 2054 1954 non
2078 1891 2353 1973 gemitus
2374 1941 2387 1954 .
2410 1941 2423 1954 .
2446 1941 2460 1954 .
2481 1890 2820 1954 audiuntur

1812 2014 1872 2077 p.
1894 1991 2086 2057 869ss
2111 2013 2312 2077 neque
2337 2013 2637 2058 uersuum
2658 1994 2821 2057 mul-

1727 2097 1996 2162 titudine
2044 2099 2152 2163 sed
2195 2100 2427 2163 mentis
2467 2097 2821 2163 considera-

1727 2202 1896 2268 tione
1921 2202 2315 2268 oblectentur
2335 2254 2349 2267 .
2379 2253 2392 2268 .
2422 2204 2576 2268 ,rati
2599 2202 2818 2267 utilius

1728 2327 1864 2370 esse
1906 2308 2121 2372 decem
2161 2326 2382 2372 uersus
2424 2327 2568 2372 eum
2616 2311 2820 2372 atten-

1726 2412 1896 2476 tione
1920 2413 2186 2496 psallere
2211 2429 2400 2495 quam
2425 2417 2630 2477 totum
2653 2412 2820 2496 psal-

1726 2518 1956 2581 terium
2003 2536 2146 2582 oum
2193 2518 2556 2582 confusione
2591 2517 2818 2581 mentis

1812 2642 1872 2705 p.
1907 2620 2096 2687 8690
2142 2624 2300 2687 cella
2346 2622 2555 2705 egredi

1813 2858 1894 2887 =
1928 2850 1989 2914 p.
2025 2828 2530 2896 8691)-8700

1813 2962 1894 2992 =
1926 2955 1987 3019 p.
2023 2932 2518 3000 8700—87113

1810 3061 1871 3124 p.
1906 3038 2108 3104 87οΙ)
2156 3040 2314 3103 sciat
2355 3040 2416 3103 id
2454 3038 2711 3120 bonum,
2755 3040 2816 3103 id

1726 3145 1964 3209 malum
2013 3164 2169 3225 esse,
2217 3144 2382 3226 quod
2431 3144 2656 3208 iudicio
2703 3162 2815 3209 suo

1725 3254 1902 3333 pater
1963 3252 2129 3315 facto
2189 3248 2280 3312 rei
2342 3249 2627 3313 examine
2689 3250 2815 3313 tale

1725 3373 1861 3418 esse
1908 3354 2320 3418 deelarauerit-

1811 3478 1870 3540 p.
1913 3456 2034 3520 871
2067 3458 2119 3522 Β
2188 3458 2504 3522 neminem
2579 3459 2817 3523 scilicet

1724 3565 1974 3628 illorum
2023 3564 2192 3628 aliud
2239 3563 2561 3645 quidpiam
2616 3564 2816 3646 possi-

1725 3670 1867 3733 dere
1892 3686 2083 3751 quam
2117 3666 2451 3747 colobium,
2485 3667 2815 3751 hemipho-

1723 3774 1908 3855 rium,
1973 3773 2349 3852 sandalium,
2417 3773 2690 3837 meloten
2753 3778 2816 3837 et

1725 3882 1994 3943 stoream

1811 4004 1870 4067 p.
1905 3981 2025 4045 871
2049 3983 2104 4046 Ι)
2153 3980 2454 4047 fratribus
2501 3981 2563 4045 in
2599 3982 2815 4064 synaxi

1724 4088 2118 4171 congregatis
2151 4106 2289 4151 sese
2321 4086 2386 4151 in
2421 4090 2648 4150 terram
2673 4104 2814 4169 pro-

1724 4192 1834 4257 icit
1909 4195 2094 4274 atque
2172 4193 2496 4256 confessus
2573 4190 2814 4273 peceati

1722 4296 1972 4360 ueniam
2019 4296 2294 4378 postulat
