<?xml version="1.0" encoding="UTF-8"?>
<!DOCTYPE html PUBLIC "-//W3C//DTD XHTML 1.0 Transitional//EN"
    "http://www.w3.org/TR/xhtml1/DTD/xhtml1-transitional.dtd">
<html xmlns="http://www.w3.org/1999/xhtml" xml:lang="en" lang="en">
 <head>
  <title>
</title>
<meta http-equiv="Content-Type" content="text/html;charset=utf-8" />
  <meta name='ocr-system' content='tesseract 3.04.00' />
  <meta name='ocr-capabilities' content='ocr_page ocr_carea ocr_par ocr_line ocrx_word'/>
</head>
<body>
  <div class='ocr_page' id='page_1' title='image "./corpusscriptoru28wissgoog_0446.png"; bbox 0 0 3167 4975; ppageno 0'>
   <div class='ocr_carea' id='block_1_1' title="bbox 588 446 2058 509">
    <p class='ocr_par' dir='ltr' id='par_1_1' title="bbox 588 446 2058 509">
     <span class='ocr_line' id='line_1_1' title="bbox 588 446 2058 509; baseline -0.004 0"><span class='ocrx_word' id='word_1_1' title='bbox 588 446 717 509; x_wconf 85' lang='lat'><strong>314</strong></span> <span class='ocrx_word' id='word_1_2' title='bbox 1393 448 1712 501; x_wconf 86' lang='lat' dir='ltr'>Iohannis</span> <span class='ocrx_word' id='word_1_3' title='bbox 1759 448 2058 503; x_wconf 84' lang='lat' dir='ltr'><strong>Cassiani</strong></span> 
     </span>
    </p>
   </div>
   <div class='ocr_carea' id='block_1_2' title="bbox 500 622 2886 1018">
    <p class='ocr_par' dir='ltr' id='par_1_2' title="bbox 500 622 2886 1018">
     <span class='ocr_line' id='line_1_2' title="bbox 500 622 2886 709; baseline 0.003 -25"><span class='ocrx_word' id='word_1_4' title='bbox 500 632 534 684; x_wconf 83' lang='grc'>2</span> <span class='ocrx_word' id='word_1_5' title='bbox 584 622 929 685; x_wconf 83' lang='lat' dir='ltr'><strong>confirmat.</strong></span> <span class='ocrx_word' id='word_1_6' title='bbox 1012 623 1175 705; x_wconf 89' lang='lat' dir='ltr'><strong>apud</strong></span> <span class='ocrx_word' id='word_1_7' title='bbox 1239 642 1385 686; x_wconf 91' lang='lat' dir='ltr'><strong>eum</strong></span> <span class='ocrx_word' id='word_1_8' title='bbox 1440 624 1610 687; x_wconf 90' lang='lat' dir='ltr'><strong>enim</strong></span> <span class='ocrx_word' id='word_1_9' title='bbox 1667 644 1922 689; x_wconf 87' lang='lat' dir='ltr'><strong>neeesse</strong></span> <span class='ocrx_word' id='word_1_10' title='bbox 1971 630 2068 691; x_wconf 90' lang='lat' dir='ltr'><strong>est</strong></span> <span class='ocrx_word' id='word_1_11' title='bbox 2112 627 2304 691; x_wconf 89' lang='lat' dir='ltr'><strong>fuerit</strong></span> <span class='ocrx_word' id='word_1_12' title='bbox 2350 646 2388 691; x_wconf 87' lang='lat' dir='ltr'><strong>a</strong></span> <span class='ocrx_word' id='word_1_13' title='bbox 2430 646 2553 709; x_wconf 90' lang='lat' dir='ltr'><strong>quo</strong></span> <span class='ocrx_word' id='word_1_14' title='bbox 2599 632 2886 709; x_wconf 82' lang='lat' dir='ltr'><strong>uenerat,</strong></span> 
     </span>
     <span class='ocr_line' id='line_1_3' title="bbox 582 726 2886 810; baseline 0.003 -21"><span class='ocrx_word' id='word_1_15' title='bbox 582 730 645 789; x_wconf 92' lang='lat' dir='ltr'><strong>et</strong></span> <span class='ocrx_word' id='word_1_16' title='bbox 690 726 769 789; x_wconf 90' lang='lat' dir='ltr'><strong>ab</strong></span> <span class='ocrx_word' id='word_1_17' title='bbox 818 745 888 789; x_wconf 88' lang='lat' dir='ltr'><strong>eo</strong></span> <span class='ocrx_word' id='word_1_18' title='bbox 936 732 1193 791; x_wconf 89' lang='lat' dir='ltr'><strong>uenerat</strong></span> <span class='ocrx_word' id='word_1_19' title='bbox 1238 747 1277 791; x_wconf 93' lang='lat' dir='ltr'><strong>a</strong></span> <span class='ocrx_word' id='word_1_20' title='bbox 1320 746 1442 810; x_wconf 91' lang='lat' dir='ltr'><strong>quo</strong></span> <span class='ocrx_word' id='word_1_21' title='bbox 1490 748 1557 792; x_wconf 89' lang='lat' dir='ltr'><strong>se</strong></span> <span class='ocrx_word' id='word_1_22' title='bbox 1607 731 1874 794; x_wconf 85' lang='lat' dir='ltr'><strong>missum</strong></span> <span class='ocrx_word' id='word_1_23' title='bbox 1931 750 2067 794; x_wconf 90' lang='lat' dir='ltr'><strong>esse</strong></span> <span class='ocrx_word' id='word_1_24' title='bbox 2114 731 2380 796; x_wconf 81' lang='lat' dir='ltr'><strong>dicebat.</strong></span> <span class='ocrx_word' id='word_1_25' title='bbox 2457 733 2622 796; x_wconf 89' lang='lat' dir='ltr'><strong>unde</strong></span> <span class='ocrx_word' id='word_1_26' title='bbox 2689 734 2886 797; x_wconf 90' lang='lat' dir='ltr'><strong>etiam</strong></span> 
     </span>
     <span class='ocr_line' id='line_1_4' title="bbox 579 831 2884 919; baseline 0.003 -25"><span class='ocrx_word' id='word_1_27' title='bbox 579 831 733 894; x_wconf 92' lang='lat' dir='ltr'><strong>illud</strong></span> <span class='ocrx_word' id='word_1_28' title='bbox 779 832 899 895; x_wconf 86' lang='lat' dir='ltr'><strong>fuit</strong></span> <span class='ocrx_word' id='word_1_29' title='bbox 929 832 1092 913; x_wconf 89' lang='lat' dir='ltr'><strong>quod</strong></span> <span class='ocrx_word' id='word_1_30' title='bbox 1126 832 1475 897; x_wconf 79' lang='lat' dir='ltr'><strong>dicentibus</strong></span> <span class='ocrx_word' id='word_1_31' title='bbox 1511 834 1590 897; x_wconf 87' lang='lat' dir='ltr'><strong>ad</strong></span> <span class='ocrx_word' id='word_1_32' title='bbox 1623 852 1689 897; x_wconf 89' lang='lat' dir='ltr'><strong>se</strong></span> <span class='ocrx_word' id='word_1_33' title='bbox 1719 835 1998 898; x_wconf 87' lang='lat' dir='ltr'><strong>Iudaeis:</strong></span> <span class='ocrx_word' id='word_1_34' title='bbox 2047 836 2602 919; x_wconf 88' lang='lat' dir='ltr'><strong>quinquaginta</strong></span> <span class='ocrx_word' id='word_1_35' title='bbox 2648 854 2884 901; x_wconf 89' lang='lat' dir='ltr'><strong>annos</strong></span> 
     </span>
     <span class='ocr_line' id='line_1_5' title="bbox 579 937 2886 1018; baseline 0.003 -19"><span class='ocrx_word' id='word_1_36' title='bbox 579 937 899 1000; x_wconf 90' lang='lat' dir='ltr'><strong>nondum</strong></span> <span class='ocrx_word' id='word_1_37' title='bbox 976 937 1235 1018; x_wconf 74' lang='lat' dir='ltr'><strong>habeS‚</strong></span> <span class='ocrx_word' id='word_1_38' title='bbox 1316 941 1386 1001; x_wconf 90' lang='lat' dir='ltr'><strong>et</strong></span> <span class='ocrx_word' id='word_1_39' title='bbox 1452 938 1830 1002; x_wconf 87' lang='lat' dir='ltr'><strong>Abraham</strong></span> <span class='ocrx_word' id='word_1_40' title='bbox 1899 940 2205 1005; x_wconf 76' lang='lat' dir='ltr'><strong>uidisti?</strong></span> <span class='ocrx_word' id='word_1_41' title='bbox 2283 941 2886 1006; x_wconf 81' lang='lat' dir='ltr'><strong>conuenientissima</strong></span> 
     </span>
    </p>
   </div>
   <div class='ocr_carea' id='block_1_3' title="bbox 577 1041 2993 1128">
    <p class='ocr_par' dir='ltr' id='par_1_3' title="bbox 577 1041 2993 1128">
     <span class='ocr_line' id='line_1_6' title="bbox 577 1041 2993 1128; baseline 0.002 -24"><span class='ocrx_word' id='word_1_42' title='bbox 577 1041 969 1105; x_wconf 75' lang='lat' dir='ltr'>aeternitatis</span> <span class='ocrx_word' id='word_1_43' title='bbox 1032 1060 1104 1105; x_wconf 88' lang='lat' dir='ltr'><strong>ae</strong></span> <span class='ocrx_word' id='word_1_44' title='bbox 1164 1043 1513 1107; x_wconf 84' lang='lat' dir='ltr'><strong>maiestatis</strong></span> <span class='ocrx_word' id='word_1_45' title='bbox 1570 1062 1719 1107; x_wconf 90' lang='lat' dir='ltr'><strong>suae</strong></span> <span class='ocrx_word' id='word_1_46' title='bbox 1765 1062 1918 1108; x_wconf 87' lang='lat' dir='ltr'><strong>uoce</strong></span> <span class='ocrx_word' id='word_1_47' title='bbox 1966 1045 2286 1128; x_wconf 78' lang='lat' dir='ltr'>respondit</span> <span class='ocrx_word' id='word_1_48' title='bbox 2331 1046 2574 1109; x_wconf 84' lang='lat' dir='ltr'><strong>dicens:</strong></span> <span class='ocrx_word' id='word_1_49' title='bbox 2639 1065 2884 1127; x_wconf 89' lang='lat' dir='ltr'><strong>amen,</strong></span> <span class='ocrx_word' id='word_1_50' title='bbox 2969 1074 2993 1111; x_wconf 80' lang='lat'><strong>5</strong></span> 
     </span>
    </p>
   </div>
   <div class='ocr_carea' id='block_1_4' title="bbox 563 1146 2886 3538">
    <p class='ocr_par' dir='ltr' id='par_1_4' title="bbox 563 1146 2886 3538">
     <span class='ocr_line' id='line_1_7' title="bbox 579 1146 2886 1234; baseline 0.002 -26"><span class='ocrx_word' id='word_1_51' title='bbox 579 1164 791 1209; x_wconf 89' lang='lat' dir='ltr'><strong>amen</strong></span> <span class='ocrx_word' id='word_1_52' title='bbox 868 1146 1029 1211; x_wconf 84' lang='lat' dir='ltr'><strong>dico</strong></span> <span class='ocrx_word' id='word_1_53' title='bbox 1105 1147 1351 1228; x_wconf 75' lang='lat' dir='ltr'><strong>uobiS,</strong></span> <span class='ocrx_word' id='word_1_54' title='bbox 1438 1150 1876 1231; x_wconf 84' lang='lat' dir='ltr'><strong>priusquam</strong></span> <span class='ocrx_word' id='word_1_55' title='bbox 1952 1148 2331 1214; x_wconf 87' lang='lat' dir='ltr'><strong>Abraham</strong></span> <span class='ocrx_word' id='word_1_56' title='bbox 2405 1151 2660 1231; x_wconf 87' lang='lat' dir='ltr'><strong>fieret,</strong></span> <span class='ocrx_word' id='word_1_57' title='bbox 2747 1168 2886 1234; x_wconf 87' lang='lat' dir='ltr'><strong>ego</strong></span> 
     </span>
     <span class='ocr_line' id='line_1_8' title="bbox 578 1253 2884 1337; baseline 0.002 -22"><span class='ocrx_word' id='word_1_58' title='bbox 578 1270 756 1315; x_wconf 89' lang='lat' dir='ltr'><strong>sum.</strong></span> <span class='ocrx_word' id='word_1_59' title='bbox 834 1269 1063 1334; x_wconf 80' lang='lat' dir='ltr'>quaero</span> <span class='ocrx_word' id='word_1_60' title='bbox 1098 1270 1263 1336; x_wconf 87' lang='lat' dir='ltr'><strong>ergo,</strong></span> <span class='ocrx_word' id='word_1_61' title='bbox 1313 1253 1487 1317; x_wconf 86' lang='lat' dir='ltr'><strong>euius</strong></span> <span class='ocrx_word' id='word_1_62' title='bbox 1536 1253 1774 1317; x_wconf 86' lang='lat' dir='ltr'><strong>dietum</strong></span> <span class='ocrx_word' id='word_1_63' title='bbox 1821 1254 1940 1318; x_wconf 85' lang='lat' dir='ltr'><strong>hoe</strong></span> <span class='ocrx_word' id='word_1_64' title='bbox 1971 1255 2132 1319; x_wconf 89' lang='lat' dir='ltr'><strong>uelis</strong></span> <span class='ocrx_word' id='word_1_65' title='bbox 2166 1259 2346 1319; x_wconf 81' lang='lat' dir='ltr'><strong>esse?</strong></span> <span class='ocrx_word' id='word_1_66' title='bbox 2396 1255 2630 1320; x_wconf 76' lang='lat' dir='ltr'><strong>Christi</strong></span> <span class='ocrx_word' id='word_1_67' title='bbox 2661 1257 2884 1337; x_wconf 89' lang='lat' dir='ltr'><strong>utique</strong></span> 
     </span>
     <span class='ocr_line' id='line_1_9' title="bbox 579 1355 2882 1442; baseline 0.003 -24"><span class='ocrx_word' id='word_1_68' title='bbox 579 1355 815 1438; x_wconf 85' lang='lat' dir='ltr'><strong>absque</strong></span> <span class='ocrx_word' id='word_1_69' title='bbox 863 1356 1069 1421; x_wconf 89' lang='lat' dir='ltr'><strong>dubio.</strong></span> <span class='ocrx_word' id='word_1_70' title='bbox 1147 1360 1211 1420; x_wconf 91' lang='lat' dir='ltr'><strong>et</strong></span> <span class='ocrx_word' id='word_1_71' title='bbox 1254 1358 1582 1439; x_wconf 82' lang='lat' dir='ltr'><strong>quomode,</strong></span> <span class='ocrx_word' id='word_1_72' title='bbox 1647 1360 1752 1440; x_wconf 90' lang='lat' dir='ltr'><strong>qui</strong></span> <span class='ocrx_word' id='word_1_73' title='bbox 1799 1362 1987 1423; x_wconf 90' lang='lat' dir='ltr'><strong>natus</strong></span> <span class='ocrx_word' id='word_1_74' title='bbox 2034 1360 2271 1423; x_wconf 85' lang='lat' dir='ltr'><strong>recenti</strong></span> <span class='ocrx_word' id='word_1_75' title='bbox 2317 1365 2600 1442; x_wconf 91' lang='lat' dir='ltr'><strong>tempore</strong></span> <span class='ocrx_word' id='word_1_76' title='bbox 2647 1359 2882 1441; x_wconf 85' lang='lat' dir='ltr'><strong>fuerat,</strong></span> 
     </span>
     <span class='ocr_line' id='line_1_10' title="bbox 576 1461 2882 1547; baseline 0.001 -23"><span class='ocrx_word' id='word_1_77' title='bbox 576 1465 720 1525; x_wconf 89' lang='lat' dir='ltr'><strong>ante</strong></span> <span class='ocrx_word' id='word_1_78' title='bbox 767 1461 1093 1526; x_wconf 88' lang='lat' dir='ltr'><strong>Abraham</strong></span> <span class='ocrx_word' id='word_1_79' title='bbox 1142 1482 1207 1525; x_wconf 88' lang='lat' dir='ltr'><strong>se</strong></span> <span class='ocrx_word' id='word_1_80' title='bbox 1270 1482 1406 1526; x_wconf 87' lang='lat' dir='ltr'><strong>esse</strong></span> <span class='ocrx_word' id='word_1_81' title='bbox 1453 1463 1748 1527; x_wconf 78' lang='lat' dir='ltr'><strong>dicebat?</strong></span> <span class='ocrx_word' id='word_1_82' title='bbox 1808 1484 1919 1547; x_wconf 90' lang='lat' dir='ltr'><strong>per</strong></span> <span class='ocrx_word' id='word_1_83' title='bbox 1978 1465 2136 1528; x_wconf 90' lang='lat' dir='ltr'><strong>illud</strong></span> <span class='ocrx_word' id='word_1_84' title='bbox 2196 1465 2438 1528; x_wconf 83' lang='lat' dir='ltr'><strong>seilicet</strong></span> <span class='ocrx_word' id='word_1_85' title='bbox 2499 1465 2596 1528; x_wconf 85' lang='lat' dir='ltr'><strong>oui</strong></span> <span class='ocrx_word' id='word_1_86' title='bbox 2661 1466 2882 1530; x_wconf 90' lang='lat' dir='ltr'><strong>unitus</strong></span> 
     </span>
     <span class='ocr_line' id='line_1_11' title="bbox 576 1566 2884 1651; baseline 0.002 -22"><span class='ocrx_word' id='word_1_87' title='bbox 576 1570 709 1629; x_wconf 87' lang='lat' dir='ltr'><strong>erat</strong></span> <span class='ocrx_word' id='word_1_88' title='bbox 752 1568 1001 1649; x_wconf 90' lang='lat' dir='ltr'><strong>penitus</strong></span> <span class='ocrx_word' id='word_1_89' title='bbox 1048 1566 1313 1631; x_wconf 87' lang='lat' dir='ltr'><strong>uerbum</strong></span> <span class='ocrx_word' id='word_1_90' title='bbox 1362 1567 1479 1648; x_wconf 89' lang='lat' dir='ltr'><strong>dei,</strong></span> <span class='ocrx_word' id='word_1_91' title='bbox 1525 1571 1598 1632; x_wconf 90' lang='lat' dir='ltr'><strong>ut</strong></span> <span class='ocrx_word' id='word_1_92' title='bbox 1643 1568 2086 1651; x_wconf 76' lang='lat' dir='ltr'>intellegerent</span> <span class='ocrx_word' id='word_1_93' title='bbox 2133 1587 2354 1633; x_wconf 91' lang='lat' dir='ltr'><strong>omnes</strong></span> <span class='ocrx_word' id='word_1_94' title='bbox 2403 1573 2643 1651; x_wconf 87' lang='lat' dir='ltr'><strong>quanta</strong></span> <span class='ocrx_word' id='word_1_95' title='bbox 2705 1574 2884 1633; x_wconf 81' lang='lat' dir='ltr'><strong>esset·</strong></span> 
     </span>
     <span class='ocr_line' id='line_1_12' title="bbox 577 1671 2882 1755; baseline 0.001 -20"><span class='ocrx_word' id='word_1_96' title='bbox 577 1671 809 1735; x_wconf 78' lang='lat' dir='ltr'><strong>Christi</strong></span> <span class='ocrx_word' id='word_1_97' title='bbox 868 1689 939 1735; x_wconf 83' lang='lat' dir='ltr'><strong>ac</strong></span> <span class='ocrx_word' id='word_1_98' title='bbox 986 1672 1085 1735; x_wconf 91' lang='lat' dir='ltr'><strong>dei</strong></span> <span class='ocrx_word' id='word_1_99' title='bbox 1146 1673 1374 1752; x_wconf 72' lang='lat' dir='ltr'><strong>unit-as,</strong></span> <span class='ocrx_word' id='word_1_100' title='bbox 1438 1691 1602 1752; x_wconf 87' lang='lat' dir='ltr'><strong>eum,</strong></span> <span class='ocrx_word' id='word_1_101' title='bbox 1669 1674 1966 1755; x_wconf 86' lang='lat' dir='ltr'><strong>quidquid</strong></span> <span class='ocrx_word' id='word_1_102' title='bbox 2013 1674 2166 1737; x_wconf 88' lang='lat' dir='ltr'><strong>deus</strong></span> <span class='ocrx_word' id='word_1_103' title='bbox 2213 1675 2278 1737; x_wconf 93' lang='lat' dir='ltr'><strong>in</strong></span> <span class='ocrx_word' id='word_1_104' title='bbox 2327 1672 2577 1738; x_wconf 86' lang='lat' dir='ltr'><strong>Christo</strong></span> <span class='ocrx_word' id='word_1_105' title='bbox 2625 1674 2882 1755; x_wconf 78' lang='lat' dir='ltr'><strong>diceret,</strong></span> 
     </span>
     <span class='ocr_line' id='line_1_13' title="bbox 580 1776 2880 1843; baseline 0.001 -4"><span class='ocrx_word' id='word_1_106' title='bbox 580 1778 781 1839; x_wconf 91' lang='lat' dir='ltr'><strong>totum</strong></span> <span class='ocrx_word' id='word_1_107' title='bbox 842 1777 970 1840; x_wconf 87' lang='lat' dir='ltr'><strong>iam</strong></span> <span class='ocrx_word' id='word_1_108' title='bbox 1038 1776 1196 1841; x_wconf 90' lang='lat' dir='ltr'><strong>uniti</strong></span> <span class='ocrx_word' id='word_1_109' title='bbox 1258 1778 1547 1841; x_wconf 88' lang='lat' dir='ltr'><strong>diuinitas</strong></span> <span class='ocrx_word' id='word_1_110' title='bbox 1618 1778 1983 1842; x_wconf 84' lang='lat' dir='ltr'><strong>uindicaret.</strong></span> <span class='ocrx_word' id='word_1_111' title='bbox 2077 1778 2238 1842; x_wconf 89' lang='lat' dir='ltr'><strong>bene</strong></span> <span class='ocrx_word' id='word_1_112' title='bbox 2308 1782 2520 1843; x_wconf 88' lang='lat' dir='ltr'><strong>autem</strong></span> <span class='ocrx_word' id='word_1_113' title='bbox 2587 1779 2880 1843; x_wconf 85' lang='lat' dir='ltr'><strong>eonseius</strong></span> 
     </span>
     <span class='ocr_line' id='line_1_14' title="bbox 577 1881 2879 1966; baseline 0.002 -23"><span class='ocrx_word' id='word_1_114' title='bbox 577 1881 971 1945; x_wconf 82' lang='lat' dir='ltr'><strong>aeternitatis</strong></span> <span class='ocrx_word' id='word_1_115' title='bbox 1036 1900 1185 1945; x_wconf 87' lang='lat' dir='ltr'><strong>suae</strong></span> <span class='ocrx_word' id='word_1_116' title='bbox 1232 1882 1341 1945; x_wconf 87' lang='lat' dir='ltr'><strong>illa</strong></span> <span class='ocrx_word' id='word_1_117' title='bbox 1383 1883 1446 1946; x_wconf 94' lang='lat' dir='ltr'><strong>in</strong></span> <span class='ocrx_word' id='word_1_118' title='bbox 1510 1900 1763 1965; x_wconf 85' lang='lat' dir='ltr'><strong>corpore</strong></span> <span class='ocrx_word' id='word_1_119' title='bbox 1811 1887 1961 1947; x_wconf 85' lang='lat' dir='ltr'><strong>tunc</strong></span> <span class='ocrx_word' id='word_1_120' title='bbox 2007 1884 2254 1947; x_wconf 89' lang='lat' dir='ltr'><strong>Iudaeis</strong></span> <span class='ocrx_word' id='word_1_121' title='bbox 2315 1901 2469 1947; x_wconf 84' lang='lat' dir='ltr'><strong>uoee</strong></span> <span class='ocrx_word' id='word_1_122' title='bbox 2530 1884 2879 1966; x_wconf 86' lang='lat' dir='ltr'><strong>respondit,</strong></span> 
     </span>
     <span class='ocr_line' id='line_1_15' title="bbox 574 1986 2877 2072; baseline 0.001 -24"><span class='ocrx_word' id='word_1_123' title='bbox 574 2003 698 2066; x_wconf 87' lang='lat' dir='ltr'><strong>qua</strong></span> <span class='ocrx_word' id='word_1_124' title='bbox 745 1986 1056 2067; x_wconf 87' lang='lat' dir='ltr'><strong>quondam</strong></span> <span class='ocrx_word' id='word_1_125' title='bbox 1104 1986 1311 2069; x_wconf 84' lang='lat' dir='ltr'><strong>Moysi</strong></span> <span class='ocrx_word' id='word_1_126' title='bbox 1355 1988 1602 2051; x_wconf 86' lang='lat' dir='ltr'><strong>loeutus</strong></span> <span class='ocrx_word' id='word_1_127' title='bbox 1647 1988 1856 2052; x_wconf 84' lang='lat' dir='ltr'><strong>fuerat</strong></span> <span class='ocrx_word' id='word_1_128' title='bbox 1915 1988 1979 2051; x_wconf 92' lang='lat' dir='ltr'><strong>in</strong></span> <span class='ocrx_word' id='word_1_129' title='bbox 2042 1988 2281 2072; x_wconf 88' lang='lat' dir='ltr'><strong>spiritu.</strong></span> <span class='ocrx_word' id='word_1_130' title='bbox 2361 1988 2462 2051; x_wconf 87' lang='lat' dir='ltr'><strong>hie</strong></span> <span class='ocrx_word' id='word_1_131' title='bbox 2523 1988 2693 2051; x_wconf 91' lang='lat' dir='ltr'><strong>enim</strong></span> <span class='ocrx_word' id='word_1_132' title='bbox 2754 1988 2877 2051; x_wconf 88' lang='lat' dir='ltr'><strong>ait:</strong></span> 
     </span>
     <span class='ocr_line' id='line_1_16' title="bbox 572 2091 2877 2177; baseline 0 -22"><span class='ocrx_word' id='word_1_133' title='bbox 572 2092 1007 2173; x_wconf 88' lang='lat' dir='ltr'><strong>priusquam</strong></span> <span class='ocrx_word' id='word_1_134' title='bbox 1052 2091 1431 2156; x_wconf 88' lang='lat' dir='ltr'><strong>Abraham</strong></span> <span class='ocrx_word' id='word_1_135' title='bbox 1477 2094 1730 2173; x_wconf 89' lang='lat' dir='ltr'><strong>fieret,</strong></span> <span class='ocrx_word' id='word_1_136' title='bbox 1778 2112 1910 2177; x_wconf 86' lang='lat' dir='ltr'><strong>ego</strong></span> <span class='ocrx_word' id='word_1_137' title='bbox 1957 2112 2146 2174; x_wconf 90' lang='lat' dir='ltr'><strong>sum,</strong></span> <span class='ocrx_word' id='word_1_138' title='bbox 2194 2093 2401 2176; x_wconf 81' lang='lat' dir='ltr'><strong>Moysi</strong></span> <span class='ocrx_word' id='word_1_139' title='bbox 2447 2098 2689 2156; x_wconf 89' lang='lat' dir='ltr'><strong>autem:</strong></span> <span class='ocrx_word' id='word_1_140' title='bbox 2739 2110 2877 2175; x_wconf 86' lang='lat' dir='ltr'><strong>ego</strong></span> 
     </span>
     <span class='ocr_line' id='line_1_17' title="bbox 573 2198 2878 2279; baseline 0 -20"><span class='ocrx_word' id='word_1_141' title='bbox 573 2216 730 2259; x_wconf 90' lang='lat' dir='ltr'><strong>sum</strong></span> <span class='ocrx_word' id='word_1_142' title='bbox 778 2199 899 2279; x_wconf 90' lang='lat' dir='ltr'><strong>qui</strong></span> <span class='ocrx_word' id='word_1_143' title='bbox 948 2217 1125 2261; x_wconf 89' lang='lat' dir='ltr'><strong>sum.</strong></span> <span class='ocrx_word' id='word_1_144' title='bbox 1203 2198 1559 2262; x_wconf 83' lang='lat' dir='ltr'><strong>admirabili</strong></span> <span class='ocrx_word' id='word_1_145' title='bbox 1592 2199 1804 2279; x_wconf 88' lang='lat' dir='ltr'><strong>utique</strong></span> <span class='ocrx_word' id='word_1_146' title='bbox 1851 2199 2100 2263; x_wconf 87' lang='lat' dir='ltr'><strong>diuinae</strong></span> <span class='ocrx_word' id='word_1_147' title='bbox 2133 2202 2395 2263; x_wconf 83' lang='lat' dir='ltr'><strong>naturae</strong></span> <span class='ocrx_word' id='word_1_148' title='bbox 2427 2198 2878 2261; x_wconf 85' lang='lat' dir='ltr'><strong>aeternitatem</strong></span> 
     </span>
     <span class='ocr_line' id='line_1_18' title="bbox 572 2302 2874 2385; baseline 0.001 -22"><span class='ocrx_word' id='word_1_149' title='bbox 572 2302 877 2365; x_wconf 87' lang='lat' dir='ltr'><strong>sermonis</strong></span> <span class='ocrx_word' id='word_1_150' title='bbox 912 2302 1381 2385; x_wconf 83' lang='lat' dir='ltr'><strong>magnificentia</strong></span> <span class='ocrx_word' id='word_1_151' title='bbox 1426 2302 1830 2385; x_wconf 81' lang='lat' dir='ltr'><strong>praedicauit,</strong></span> <span class='ocrx_word' id='word_1_152' title='bbox 1879 2304 2026 2385; x_wconf 88' lang='lat' dir='ltr'><strong>quia</strong></span> <span class='ocrx_word' id='word_1_153' title='bbox 2069 2304 2224 2368; x_wconf 90' lang='lat' dir='ltr'><strong>nihil</strong></span> <span class='ocrx_word' id='word_1_154' title='bbox 2272 2303 2348 2367; x_wconf 91' lang='lat' dir='ltr'><strong>de</strong></span> <span class='ocrx_word' id='word_1_155' title='bbox 2396 2303 2510 2367; x_wconf 93' lang='lat' dir='ltr'><strong>deo</strong></span> <span class='ocrx_word' id='word_1_156' title='bbox 2555 2306 2688 2366; x_wconf 90' lang='lat' dir='ltr'><strong>tam</strong></span> <span class='ocrx_word' id='word_1_157' title='bbox 2721 2320 2874 2365; x_wconf 84' lang='lat' dir='ltr'><strong>eon-</strong></span> 
     </span>
     <span class='ocr_line' id='line_1_19' title="bbox 571 2408 2872 2493; baseline 0.001 -24"><span class='ocrx_word' id='word_1_158' title='bbox 571 2408 833 2472; x_wconf 91' lang='lat' dir='ltr'><strong>ueniens</strong></span> <span class='ocrx_word' id='word_1_159' title='bbox 880 2408 996 2472; x_wconf 86' lang='lat' dir='ltr'><strong>dici</strong></span> <span class='ocrx_word' id='word_1_160' title='bbox 1042 2411 1251 2493; x_wconf 90' lang='lat' dir='ltr'><strong>potest</strong></span> <span class='ocrx_word' id='word_1_161' title='bbox 1310 2427 1499 2492; x_wconf 90' lang='lat' dir='ltr'><strong>quam</strong></span> <span class='ocrx_word' id='word_1_162' title='bbox 1561 2411 1635 2471; x_wconf 92' lang='lat' dir='ltr'><strong>ut</strong></span> <span class='ocrx_word' id='word_1_163' title='bbox 1695 2428 1943 2492; x_wconf 86' lang='lat' dir='ltr'>semper</span> <span class='ocrx_word' id='word_1_164' title='bbox 2005 2428 2142 2473; x_wconf 89' lang='lat' dir='ltr'><strong>esse</strong></span> <span class='ocrx_word' id='word_1_165' title='bbox 2199 2408 2459 2489; x_wconf 83' lang='lat' dir='ltr'><strong>dicatur,</strong></span> <span class='ocrx_word' id='word_1_166' title='bbox 2522 2408 2670 2490; x_wconf 87' lang='lat' dir='ltr'><strong>quia</strong></span> <span class='ocrx_word' id='word_1_167' title='bbox 2729 2426 2872 2471; x_wconf 87' lang='lat' dir='ltr'><strong>esse</strong></span> 
     </span>
     <span class='ocr_line' id='line_1_20' title="bbox 570 2511 2871 2596; baseline -0 -20"><span class='ocrx_word' id='word_1_168' title='bbox 570 2531 686 2576; x_wconf 87' lang='lat' dir='ltr'><strong>nee</strong></span> <span class='ocrx_word' id='word_1_169' title='bbox 745 2514 1067 2596; x_wconf 89' lang='lat' dir='ltr'><strong>praeteriti</strong></span> <span class='ocrx_word' id='word_1_170' title='bbox 1136 2514 1388 2578; x_wconf 88' lang='lat' dir='ltr'><strong>initium</strong></span> <span class='ocrx_word' id='word_1_171' title='bbox 1457 2533 1573 2578; x_wconf 85' lang='lat' dir='ltr'><strong>nee</strong></span> <span class='ocrx_word' id='word_1_172' title='bbox 1631 2515 1824 2579; x_wconf 85' lang='lat' dir='ltr'><strong>futuri</strong></span> <span class='ocrx_word' id='word_1_173' title='bbox 1887 2515 2231 2579; x_wconf 87' lang='lat' dir='ltr'><strong>terminum</strong></span> <span class='ocrx_word' id='word_1_174' title='bbox 2292 2512 2503 2578; x_wconf 87' lang='lat' dir='ltr'><strong>habet.</strong></span> <span class='ocrx_word' id='word_1_175' title='bbox 2597 2515 2662 2576; x_wconf 90' lang='lat' dir='ltr'><strong>et</strong></span> <span class='ocrx_word' id='word_1_176' title='bbox 2727 2511 2871 2576; x_wconf 91' lang='lat' dir='ltr'><strong>ideo</strong></span> 
     </span>
     <span class='ocr_line' id='line_1_21' title="bbox 570 2617 2871 2700; baseline -0.001 -19"><span class='ocrx_word' id='word_1_177' title='bbox 570 2618 965 2699; x_wconf 85' lang='lat' dir='ltr'><strong>apertissime</strong></span> <span class='ocrx_word' id='word_1_178' title='bbox 1010 2620 1129 2683; x_wconf 87' lang='lat' dir='ltr'><strong>hoc</strong></span> <span class='ocrx_word' id='word_1_179' title='bbox 1175 2619 1249 2682; x_wconf 91' lang='lat' dir='ltr'><strong>de</strong></span> <span class='ocrx_word' id='word_1_180' title='bbox 1296 2619 1537 2683; x_wconf 88' lang='lat' dir='ltr'><strong>aeterni</strong></span> <span class='ocrx_word' id='word_1_181' title='bbox 1583 2619 1682 2682; x_wconf 92' lang='lat' dir='ltr'><strong>dei</strong></span> <span class='ocrx_word' id='word_1_182' title='bbox 1735 2623 1964 2684; x_wconf 86' lang='lat' dir='ltr'><strong>natura</strong></span> <span class='ocrx_word' id='word_1_183' title='bbox 2008 2619 2234 2683; x_wconf 86' lang='lat' dir='ltr'><strong>dieitur</strong></span> <span class='ocrx_word' id='word_1_184' title='bbox 2279 2618 2442 2700; x_wconf 90' lang='lat' dir='ltr'><strong>quod</strong></span> <span class='ocrx_word' id='word_1_185' title='bbox 2507 2617 2871 2682; x_wconf 83' lang='lat' dir='ltr'><strong>aeternitati</strong></span> 
     </span>
     <span class='ocr_line' id='line_1_22' title="bbox 571 2721 2870 2807; baseline -0.001 -22"><span class='ocrx_word' id='word_1_186' title='bbox 571 2723 803 2806; x_wconf 88' lang='lat' dir='ltr'><strong>optime</strong></span> <span class='ocrx_word' id='word_1_187' title='bbox 866 2727 1207 2806; x_wconf 83' lang='lat' dir='ltr'><strong>coaptatur.</strong></span> <span class='ocrx_word' id='word_1_188' title='bbox 1287 2742 1445 2804; x_wconf 90' lang='lat' dir='ltr'><strong>quae</strong></span> <span class='ocrx_word' id='word_1_189' title='bbox 1491 2725 1744 2805; x_wconf 89' lang='lat' dir='ltr'><strong>quidem</strong></span> <span class='ocrx_word' id='word_1_190' title='bbox 1807 2725 1939 2807; x_wconf 89' lang='lat' dir='ltr'><strong>ipse</strong></span> <span class='ocrx_word' id='word_1_191' title='bbox 1995 2724 2284 2788; x_wconf 87' lang='lat' dir='ltr'><strong>dominus</strong></span> <span class='ocrx_word' id='word_1_192' title='bbox 2331 2724 2510 2786; x_wconf 90' lang='lat' dir='ltr'><strong>Iesus</strong></span> <span class='ocrx_word' id='word_1_193' title='bbox 2557 2721 2870 2801; x_wconf 86' lang='lat' dir='ltr'><strong>Christus,</strong></span> 
     </span>
     <span class='ocr_line' id='line_1_23' title="bbox 568 2826 2867 2908; baseline -0.001 -17"><span class='ocrx_word' id='word_1_194' title='bbox 568 2845 711 2891; x_wconf 89' lang='lat' dir='ltr'><strong>cum</strong></span> <span class='ocrx_word' id='word_1_195' title='bbox 758 2828 833 2891; x_wconf 90' lang='lat' dir='ltr'><strong>de</strong></span> <span class='ocrx_word' id='word_1_196' title='bbox 864 2827 1189 2892; x_wconf 89' lang='lat' dir='ltr'><strong>Abraham</strong></span> <span class='ocrx_word' id='word_1_197' title='bbox 1238 2828 1491 2908; x_wconf 82' lang='lat' dir='ltr'><strong>diceret,</strong></span> <span class='ocrx_word' id='word_1_198' title='bbox 1540 2829 1910 2893; x_wconf 89' lang='lat' dir='ltr'><strong>diuersitate</strong></span> <span class='ocrx_word' id='word_1_199' title='bbox 1959 2830 2263 2894; x_wconf 89' lang='lat' dir='ltr'><strong>sermonis</strong></span> <span class='ocrx_word' id='word_1_200' title='bbox 2299 2827 2576 2892; x_wconf 89' lang='lat' dir='ltr'><strong>ostendit</strong></span> <span class='ocrx_word' id='word_1_201' title='bbox 2620 2826 2867 2889; x_wconf 84' lang='lat' dir='ltr'><strong>dicens:</strong></span> 
     </span>
     <span class='ocr_line' id='line_1_24' title="bbox 565 2929 2868 3017; baseline -0.001 -21"><span class='ocrx_word' id='word_1_202' title='bbox 565 2933 1003 3015; x_wconf 86' lang='lat' dir='ltr'><strong>priusquam</strong></span> <span class='ocrx_word' id='word_1_203' title='bbox 1048 2932 1430 2997; x_wconf 85' lang='lat' dir='ltr'><strong>Abraham</strong></span> <span class='ocrx_word' id='word_1_204' title='bbox 1476 2933 1730 3014; x_wconf 90' lang='lat' dir='ltr'><strong>fieret,</strong></span> <span class='ocrx_word' id='word_1_205' title='bbox 1778 2951 1910 3017; x_wconf 88' lang='lat' dir='ltr'><strong>ego</strong></span> <span class='ocrx_word' id='word_1_206' title='bbox 1958 2953 2134 2997; x_wconf 88' lang='lat' dir='ltr'><strong>sum.</strong></span> <span class='ocrx_word' id='word_1_207' title='bbox 2215 2933 2290 2997; x_wconf 91' lang='lat' dir='ltr'><strong>de</strong></span> <span class='ocrx_word' id='word_1_208' title='bbox 2336 2932 2662 2996; x_wconf 90' lang='lat' dir='ltr'><strong>Abraham</strong></span> <span class='ocrx_word' id='word_1_209' title='bbox 2709 2929 2868 2994; x_wconf 78' lang='lat' dir='ltr'><strong>dixit</strong></span> 
     </span>
     <span class='ocr_line' id='line_1_25' title="bbox 565 3033 2866 3121; baseline -0.001 -22"><span class='ocrx_word' id='word_1_210' title='bbox 565 3038 997 3119; x_wconf 88' lang='lat' dir='ltr'><strong>priusquam</strong></span> <span class='ocrx_word' id='word_1_211' title='bbox 1044 3038 1297 3117; x_wconf 89' lang='lat' dir='ltr'><strong>fieret,</strong></span> <span class='ocrx_word' id='word_1_212' title='bbox 1346 3037 1421 3100; x_wconf 91' lang='lat' dir='ltr'><strong>de</strong></span> <span class='ocrx_word' id='word_1_213' title='bbox 1468 3055 1535 3100; x_wconf 88' lang='lat' dir='ltr'><strong>se</strong></span> <span class='ocrx_word' id='word_1_214' title='bbox 1582 3041 1794 3101; x_wconf 89' lang='lat' dir='ltr'><strong>autem</strong></span> <span class='ocrx_word' id='word_1_215' title='bbox 1843 3055 1974 3121; x_wconf 87' lang='lat' dir='ltr'><strong>ego</strong></span> <span class='ocrx_word' id='word_1_216' title='bbox 2021 3057 2211 3119; x_wconf 87' lang='lat' dir='ltr'><strong>sum,</strong></span> <span class='ocrx_word' id='word_1_217' title='bbox 2260 3037 2496 3100; x_wconf 87' lang='lat' dir='ltr'><strong>scilieet</strong></span> <span class='ocrx_word' id='word_1_218' title='bbox 2539 3035 2687 3117; x_wconf 88' lang='lat' dir='ltr'><strong>quia</strong></span> <span class='ocrx_word' id='word_1_219' title='bbox 2729 3033 2866 3098; x_wconf 90' lang='lat' dir='ltr'><strong>fieri</strong></span> 
     </span>
     <span class='ocr_line' id='line_1_26' title="bbox 564 3140 2866 3223; baseline -0.001 -19"><span class='ocrx_word' id='word_1_220' title='bbox 564 3141 1045 3223; x_wconf 84' lang='lat' dir='ltr'><strong>temporalitatis</strong></span> <span class='ocrx_word' id='word_1_221' title='bbox 1116 3145 1239 3221; x_wconf 85' lang='lat' dir='ltr'><strong>est,</strong></span> <span class='ocrx_word' id='word_1_222' title='bbox 1307 3160 1447 3205; x_wconf 91' lang='lat' dir='ltr'><strong>esse</strong></span> <span class='ocrx_word' id='word_1_223' title='bbox 1516 3143 1922 3205; x_wconf 87' lang='lat' dir='ltr'><strong>aeternitatis.</strong></span> <span class='ocrx_word' id='word_1_224' title='bbox 2027 3145 2091 3206; x_wconf 91' lang='lat' dir='ltr'><strong>et</strong></span> <span class='ocrx_word' id='word_1_225' title='bbox 2155 3142 2291 3206; x_wconf 91' lang='lat' dir='ltr'><strong>ideo</strong></span> <span class='ocrx_word' id='word_1_226' title='bbox 2356 3141 2515 3204; x_wconf 90' lang='lat' dir='ltr'><strong>illud</strong></span> <span class='ocrx_word' id='word_1_227' title='bbox 2584 3140 2866 3203; x_wconf 80' lang='lat' dir='ltr'><strong>‘factum&#39;</strong></span> 
     </span>
     <span class='ocr_line' id='line_1_27' title="bbox 564 3245 2866 3326; baseline -0 -18"><span class='ocrx_word' id='word_1_228' title='bbox 564 3245 877 3309; x_wconf 89' lang='lat' dir='ltr'><strong>humanae</strong></span> <span class='ocrx_word' id='word_1_229' title='bbox 924 3245 1143 3309; x_wconf 87' lang='lat' dir='ltr'><strong>tribuit</strong></span> <span class='ocrx_word' id='word_1_230' title='bbox 1188 3245 1506 3326; x_wconf 86' lang='lat' dir='ltr'><strong>breuitati,</strong></span> <span class='ocrx_word' id='word_1_231' title='bbox 1552 3246 1707 3308; x_wconf 91' lang='lat' dir='ltr'><strong>illud</strong></span> <span class='ocrx_word' id='word_1_232' title='bbox 1755 3249 1968 3309; x_wconf 88' lang='lat' dir='ltr'><strong>autem</strong></span> <span class='ocrx_word' id='word_1_233' title='bbox 2017 3249 2201 3310; x_wconf 83' lang='lat' dir='ltr'><strong>‘sum&#39;</strong></span> <span class='ocrx_word' id='word_1_234' title='bbox 2249 3249 2510 3310; x_wconf 89' lang='lat' dir='ltr'><strong>naturae</strong></span> <span class='ocrx_word' id='word_1_235' title='bbox 2557 3263 2725 3308; x_wconf 87' lang='lat' dir='ltr'><strong>suae.</strong></span> <span class='ocrx_word' id='word_1_236' title='bbox 2797 3247 2866 3307; x_wconf 89' lang='lat' dir='ltr'><strong>et</strong></span> 
     </span>
     <span class='ocr_line' id='line_1_28' title="bbox 563 3348 2860 3432; baseline 0 -20"><span class='ocrx_word' id='word_1_237' title='bbox 563 3350 719 3413; x_wconf 87' lang='lat' dir='ltr'><strong>haec</strong></span> <span class='ocrx_word' id='word_1_238' title='bbox 750 3351 961 3414; x_wconf 88' lang='lat' dir='ltr'><strong>omnia</strong></span> <span class='ocrx_word' id='word_1_239' title='bbox 992 3349 1277 3413; x_wconf 85' lang='lat' dir='ltr'><strong>Christus</strong></span> <span class='ocrx_word' id='word_1_240' title='bbox 1310 3350 1544 3432; x_wconf 89' lang='lat' dir='ltr'><strong>utique,</strong></span> <span class='ocrx_word' id='word_1_241' title='bbox 1594 3351 1697 3432; x_wconf 90' lang='lat' dir='ltr'><strong>qui</strong></span> <span class='ocrx_word' id='word_1_242' title='bbox 1737 3371 1848 3432; x_wconf 88' lang='lat' dir='ltr'><strong>per</strong></span> <span class='ocrx_word' id='word_1_243' title='bbox 1879 3355 2346 3415; x_wconf 84' lang='lat' dir='ltr'><strong>sacramentum</strong></span> <span class='ocrx_word' id='word_1_244' title='bbox 2377 3350 2539 3414; x_wconf 89' lang='lat' dir='ltr'><strong>uniti</strong></span> <span class='ocrx_word' id='word_1_245' title='bbox 2585 3348 2860 3414; x_wconf 89' lang='lat' dir='ltr'><strong>hominis</strong></span> 
     </span>
     <span class='ocr_line' id='line_1_29' title="bbox 564 3454 2625 3538; baseline 0 -20"><span class='ocrx_word' id='word_1_246' title='bbox 564 3472 635 3518; x_wconf 86' lang='lat' dir='ltr'><strong>ac</strong></span> <span class='ocrx_word' id='word_1_247' title='bbox 684 3454 781 3518; x_wconf 90' lang='lat' dir='ltr'><strong>dei</strong></span> <span class='ocrx_word' id='word_1_248' title='bbox 827 3455 891 3518; x_wconf 91' lang='lat' dir='ltr'><strong>in</strong></span> <span class='ocrx_word' id='word_1_249' title='bbox 938 3455 1063 3536; x_wconf 86' lang='lat' dir='ltr'><strong>illo,</strong></span> <span class='ocrx_word' id='word_1_250' title='bbox 1112 3455 1216 3536; x_wconf 90' lang='lat' dir='ltr'><strong>qui</strong></span> <span class='ocrx_word' id='word_1_251' title='bbox 1263 3473 1511 3538; x_wconf 88' lang='lat' dir='ltr'><strong>semper</strong></span> <span class='ocrx_word' id='word_1_252' title='bbox 1558 3455 1786 3536; x_wconf 89' lang='lat' dir='ltr'><strong>fuerat,</strong></span> <span class='ocrx_word' id='word_1_253' title='bbox 1832 3458 1958 3519; x_wconf 90' lang='lat' dir='ltr'><strong>iam</strong></span> <span class='ocrx_word' id='word_1_254' title='bbox 2007 3474 2074 3519; x_wconf 90' lang='lat' dir='ltr'><strong>se</strong></span> <span class='ocrx_word' id='word_1_255' title='bbox 2120 3456 2313 3520; x_wconf 84' lang='lat' dir='ltr'><strong>fuisse</strong></span> <span class='ocrx_word' id='word_1_256' title='bbox 2361 3454 2625 3519; x_wconf 86' lang='lat' dir='ltr'><strong>dicebat.</strong></span> 
     </span>
    </p>
   </div>
   <div class='ocr_carea' id='block_1_5' title="bbox 770 3635 2013 3705">
    <p class='ocr_par' dir='ltr' id='par_1_5' title="bbox 770 3635 2013 3705">
     <span class='ocr_line' id='line_1_30' title="bbox 770 3635 2013 3705; baseline -0.001 -13"><span class='ocrx_word' id='word_1_257' title='bbox 770 3635 827 3705; x_wconf 89' lang='lat'><strong>3]</strong></span> <span class='ocrx_word' id='word_1_258' title='bbox 866 3635 899 3690; x_wconf 90' lang='lat'><strong>1.</strong></span> <span class='ocrx_word' id='word_1_259' title='bbox 929 3652 971 3690; x_wconf 78' lang='lat' dir='ltr'><strong>c.</strong></span> <span class='ocrx_word' id='word_1_260' title='bbox 1000 3639 1082 3692; x_wconf 88' lang='lat'><strong>57.</strong></span> <span class='ocrx_word' id='word_1_261' title='bbox 1190 3635 1247 3704; x_wconf 87' lang='lat'><strong>5]</strong></span> <span class='ocrx_word' id='word_1_262' title='bbox 1284 3635 1319 3690; x_wconf 92' lang='lat'><strong>1.</strong></span> <span class='ocrx_word' id='word_1_263' title='bbox 1345 3652 1388 3690; x_wconf 80' lang='lat' dir='ltr'><strong>e.</strong></span> <span class='ocrx_word' id='word_1_264' title='bbox 1416 3639 1498 3692; x_wconf 88' lang='lat'><strong>58.</strong></span> <span class='ocrx_word' id='word_1_265' title='bbox 1610 3636 1697 3705; x_wconf 88' lang='lat'><strong>15]</strong></span> <span class='ocrx_word' id='word_1_266' title='bbox 1735 3636 1902 3700; x_wconf 81' lang='lat' dir='ltr'><strong>E1.3‚</strong></span> <span class='ocrx_word' id='word_1_267' title='bbox 1933 3639 2013 3693; x_wconf 83' lang='lat'><strong>14.</strong></span> 
     </span>
    </p>
   </div>
   <div class='ocr_carea' id='block_1_6' title="bbox 558 3801 2858 4470">
    <p class='ocr_par' dir='ltr' id='par_1_6' title="bbox 558 3801 2858 4470">
     <span class='ocr_line' id='line_1_31' title="bbox 652 3801 2855 3873; baseline -0.001 -15"><span class='ocrx_word' id='word_1_268' title='bbox 652 3805 677 3858; x_wconf 94' lang='lat'>1</span> <span class='ocrx_word' id='word_1_269' title='bbox 719 3805 801 3856; x_wconf 87' lang='lat' dir='ltr'><strong>est</strong></span> <span class='ocrx_word' id='word_1_270' title='bbox 835 3819 1045 3871; x_wconf 84' lang='lat' dir='ltr'><strong>semper</strong></span> <span class='ocrx_word' id='word_1_271' title='bbox 1081 3801 1245 3856; x_wconf 88' lang='lat' dir='ltr'><strong>fuerit</strong></span> <span class='ocrx_word' id='word_1_272' title='bbox 1280 3803 1383 3872; x_wconf 73' lang='grc' dir='ltr'><strong>ΜΡ</strong></span> <span class='ocrx_word' id='word_1_273' title='bbox 1422 3803 1557 3870; x_wconf 77' lang='lat' dir='ltr'><strong>(non</strong></span> <span class='ocrx_word' id='word_1_274' title='bbox 1593 3803 1652 3870; x_wconf 85' lang='lat' dir='ltr'><strong>a)</strong></span> <span class='ocrx_word' id='word_1_275' title='bbox 1790 3805 1824 3858; x_wconf 86' lang='lat'>2</span> <span class='ocrx_word' id='word_1_276' title='bbox 1860 3820 1914 3857; x_wconf 88' lang='lat' dir='ltr'><strong>se</strong></span> <span class='ocrx_word' id='word_1_277' title='bbox 1949 3821 2053 3859; x_wconf 87' lang='lat' dir='ltr'><strong>om.</strong></span> <span class='ocrx_word' id='word_1_278' title='bbox 2091 3804 2175 3858; x_wconf 90' lang='lat' dir='ltr'><strong>N¹</strong></span> <span class='ocrx_word' id='word_1_279' title='bbox 2312 3805 2346 3858; x_wconf 83' lang='lat'>4</span> <span class='ocrx_word' id='word_1_280' title='bbox 2385 3802 2602 3857; x_wconf 83' lang='lat' dir='ltr'><strong>abraam</strong></span> <span class='ocrx_word' id='word_1_281' title='bbox 2633 3821 2694 3873; x_wconf 81' lang='lat' dir='ltr'><strong>p,</strong></span> <span class='ocrx_word' id='word_1_282' title='bbox 2731 3803 2855 3857; x_wconf 76' lang='lat' dir='ltr'><strong>item</strong></span> 
     </span>
     <span class='ocr_line' id='line_1_32' title="bbox 560 3890 2856 3960; baseline 0 -16"><span class='ocrx_word' id='word_1_283' title='bbox 560 3891 717 3959; x_wconf 78' lang='lat' dir='ltr'><strong>infra</strong></span> <span class='ocrx_word' id='word_1_284' title='bbox 744 3892 959 3960; x_wconf 75' lang='lat' dir='ltr'><strong>passim</strong></span> <span class='ocrx_word' id='word_1_285' title='bbox 1087 3894 1118 3945; x_wconf 87' lang='lat'>5</span> <span class='ocrx_word' id='word_1_286' title='bbox 1156 3891 1429 3944; x_wconf 86' lang='lat' dir='ltr'><strong>aetnitatis</strong></span> <span class='ocrx_word' id='word_1_287' title='bbox 1467 3891 1543 3946; x_wconf 89' lang='lat' dir='ltr'><strong><em>M</em></strong></span> <span class='ocrx_word' id='word_1_288' title='bbox 1649 3893 1681 3946; x_wconf 89' lang='lat'>6</span> <span class='ocrx_word' id='word_1_289' title='bbox 1718 3907 1874 3944; x_wconf 84' lang='lat' dir='ltr'><strong>amen</strong></span> <span class='ocrx_word' id='word_1_290' title='bbox 1909 3909 2011 3946; x_wconf 84' lang='lat' dir='ltr'><strong>om.</strong></span> <span class='ocrx_word' id='word_1_291' title='bbox 2051 3893 2127 3945; x_wconf 89' lang='lat' dir='ltr'><em>M</em></span> <span class='ocrx_word' id='word_1_292' title='bbox 2249 3893 2314 3946; x_wconf 91' lang='lat'><strong>10</strong></span> <span class='ocrx_word' id='word_1_293' title='bbox 2351 3890 2715 3959; x_wconf 72' lang='lat' dir='ltr'><strong>intelligerent</strong></span> <span class='ocrx_word' id='word_1_294' title='bbox 2749 3891 2856 3959; x_wconf 78' lang='grc' dir='ltr'><strong>ΜΡ</strong></span> 
     </span>
     <span class='ocr_line' id='line_1_33' title="bbox 562 3976 2854 4049; baseline -0.002 -15"><span class='ocrx_word' id='word_1_295' title='bbox 562 3980 624 4034; x_wconf 94' lang='grc'><strong>11</strong></span> <span class='ocrx_word' id='word_1_296' title='bbox 674 3977 925 4045; x_wconf 87' lang='lat' dir='ltr'><strong>quicquid</strong></span> <span class='ocrx_word' id='word_1_297' title='bbox 963 3996 1007 4049; x_wconf 77' lang='lat' dir='ltr'><strong>p</strong></span> <span class='ocrx_word' id='word_1_298' title='bbox 1188 3980 1251 4034; x_wconf 88' lang='lat'><strong>12</strong></span> <span class='ocrx_word' id='word_1_299' title='bbox 1296 3977 1435 4032; x_wconf 88' lang='lat' dir='ltr'><strong>uniti</strong></span> <span class='ocrx_word' id='word_1_300' title='bbox 1482 3978 1738 4031; x_wconf 83' lang='lat' dir='ltr'><strong>diuinitas</strong></span> <span class='ocrx_word' id='word_1_301' title='bbox 1780 3979 2004 4048; x_wconf 79' lang='lat' dir='ltr'><strong>scripsi.-</strong></span> <span class='ocrx_word' id='word_1_302' title='bbox 2048 3979 2243 4032; x_wconf 82' lang='lat' dir='ltr'><strong>unitati</strong></span> <span class='ocrx_word' id='word_1_303' title='bbox 2287 3979 2468 4032; x_wconf 84' lang='lat' dir='ltr'><strong>unitas</strong></span> <span class='ocrx_word' id='word_1_304' title='bbox 2513 3979 2636 4048; x_wconf 79' lang='lat' dir='ltr'><strong>N¹p</strong></span> <span class='ocrx_word' id='word_1_305' title='bbox 2716 3976 2854 4030; x_wconf 83' lang='lat' dir='ltr'><strong>uniti</strong></span> 
     </span>
     <span class='ocr_line' id='line_1_34' title="bbox 558 4064 2858 4135; baseline 0.001 -19"><span class='ocrx_word' id='word_1_306' title='bbox 558 4064 737 4118; x_wconf 72' lang='lat' dir='ltr'><strong>unitas</strong></span> <span class='ocrx_word' id='word_1_307' title='bbox 782 4067 848 4120; x_wconf 93' lang='lat' dir='ltr'><em>N</em></span> <span class='ocrx_word' id='word_1_308' title='bbox 848 4067 905 4120; x_wconf 85' lang='lat' dir='ltr'><strong>²a</strong></span> <span class='ocrx_word' id='word_1_309' title='bbox 1045 4064 1351 4119; x_wconf 84' lang='lat' dir='ltr'><strong>uendiearet</strong></span> <span class='ocrx_word' id='word_1_310' title='bbox 1390 4085 1430 4135; x_wconf 79' lang='lat' dir='ltr'><strong>p</strong></span> <span class='ocrx_word' id='word_1_311' title='bbox 1511 4065 1620 4118; x_wconf 85' lang='lat' dir='ltr'><strong>iam</strong></span> <span class='ocrx_word' id='word_1_312' title='bbox 1667 4064 1767 4118; x_wconf 87' lang='lat' dir='ltr'><strong>sibi</strong></span> <span class='ocrx_word' id='word_1_313' title='bbox 1815 4065 2114 4120; x_wconf 85' lang='lat' dir='ltr'><strong>diuinitatis</strong></span> <span class='ocrx_word' id='word_1_314' title='bbox 2157 4065 2334 4119; x_wconf 80' lang='lat' dir='ltr'><strong>unitas</strong></span> <span class='ocrx_word' id='word_1_315' title='bbox 2381 4064 2692 4119; x_wconf 85' lang='lat' dir='ltr'><strong>uendiearet</strong></span> <span class='ocrx_word' id='word_1_316' title='bbox 2733 4065 2858 4119; x_wconf 72' lang='lat' dir='ltr'><strong>Mo.-</strong></span> 
     </span>
     <span class='ocr_line' id='line_1_35' title="bbox 558 4151 2850 4222; baseline -0.001 -15"><span class='ocrx_word' id='word_1_317' title='bbox 558 4154 629 4220; x_wconf 82' lang='lat' dir='ltr'><strong>cf.</strong></span> <span class='ocrx_word' id='word_1_318' title='bbox 666 4153 713 4221; x_wconf 92' lang='lat'><strong>1,</strong></span> <span class='ocrx_word' id='word_1_319' title='bbox 747 4156 798 4221; x_wconf 74' lang='lat'><strong>2,</strong></span> <span class='ocrx_word' id='word_1_320' title='bbox 824 4155 859 4206; x_wconf 87' lang='grc'><em>5</em></span> <span class='ocrx_word' id='word_1_321' title='bbox 968 4155 1031 4207; x_wconf 90' lang='grc'><strong>13</strong></span> <span class='ocrx_word' id='word_1_322' title='bbox 1066 4151 1125 4205; x_wconf 91' lang='lat' dir='ltr'><strong>in</strong></span> <span class='ocrx_word' id='word_1_323' title='bbox 1162 4167 1288 4206; x_wconf 88' lang='lat' dir='ltr'><strong>uoce</strong></span> <span class='ocrx_word' id='word_1_324' title='bbox 1316 4171 1361 4222; x_wconf 79' lang='lat' dir='ltr'><strong>p</strong></span> <span class='ocrx_word' id='word_1_325' title='bbox 1473 4155 1535 4207; x_wconf 88' lang='lat'><strong>14</strong></span> <span class='ocrx_word' id='word_1_326' title='bbox 1572 4153 1699 4221; x_wconf 84' lang='lat' dir='ltr'><strong>quia</strong></span> <span class='ocrx_word' id='word_1_327' title='bbox 1726 4171 1771 4222; x_wconf 76' lang='lat' dir='ltr'><strong>p</strong></span> <span class='ocrx_word' id='word_1_328' title='bbox 1878 4153 2103 4206; x_wconf 86' lang='lat' dir='ltr'><strong>condam</strong></span> <span class='ocrx_word' id='word_1_329' title='bbox 2143 4154 2218 4207; x_wconf 89' lang='lat' dir='ltr'><em>M</em></span> <span class='ocrx_word' id='word_1_330' title='bbox 2315 4153 2450 4206; x_wconf 89' lang='lat' dir='ltr'><strong>mosi</strong></span> <span class='ocrx_word' id='word_1_331' title='bbox 2487 4153 2556 4208; x_wconf 89' lang='lat' dir='ltr'><strong><em>N</em></strong></span> <span class='ocrx_word' id='word_1_332' title='bbox 2661 4155 2724 4208; x_wconf 83' lang='lat'><strong>15</strong></span> <span class='ocrx_word' id='word_1_333' title='bbox 2757 4151 2850 4205; x_wconf 76' lang='lat' dir='ltr'><strong>ha-</strong></span> 
     </span>
     <span class='ocr_line' id='line_1_36' title="bbox 558 4237 2853 4309; baseline 0 -18"><span class='ocrx_word' id='word_1_334' title='bbox 558 4237 781 4292; x_wconf 87' lang='lat' dir='ltr'><strong>braham</strong></span> <span class='ocrx_word' id='word_1_335' title='bbox 818 4241 885 4294; x_wconf 89' lang='lat' dir='ltr'><em>N</em></span> <span class='ocrx_word' id='word_1_336' title='bbox 988 4242 1053 4295; x_wconf 88' lang='lat'><strong>16</strong></span> <span class='ocrx_word' id='word_1_337' title='bbox 1091 4239 1413 4293; x_wconf 84' lang='lat' dir='ltr'><strong>ammirabili</strong></span> <span class='ocrx_word' id='word_1_338' title='bbox 1451 4241 1517 4294; x_wconf 89' lang='lat' dir='ltr'><em>N</em></span> <span class='ocrx_word' id='word_1_339' title='bbox 1658 4243 1720 4295; x_wconf 89' lang='lat'><strong>17</strong></span> <span class='ocrx_word' id='word_1_340' title='bbox 1757 4240 1848 4308; x_wconf 89' lang='lat' dir='ltr'><strong>qui</strong></span> <span class='ocrx_word' id='word_1_341' title='bbox 1886 4242 1962 4294; x_wconf 89' lang='lat' dir='ltr'><strong><em>M</em></strong></span> <span class='ocrx_word' id='word_1_342' title='bbox 2092 4242 2156 4296; x_wconf 88' lang='lat'><strong>19</strong></span> <span class='ocrx_word' id='word_1_343' title='bbox 2191 4239 2462 4309; x_wconf 86' lang='lat' dir='ltr'><strong>preteritis</strong></span> <span class='ocrx_word' id='word_1_344' title='bbox 2491 4258 2533 4309; x_wconf 83' lang='lat' dir='ltr'><strong>p</strong></span> <span class='ocrx_word' id='word_1_345' title='bbox 2650 4242 2720 4294; x_wconf 84' lang='lat'><strong>20</strong></span> <span class='ocrx_word' id='word_1_346' title='bbox 2753 4239 2853 4293; x_wconf 84' lang='lat' dir='ltr'><strong>hoc</strong></span> 
     </span>
     <span class='ocr_line' id='line_1_37' title="bbox 558 4325 2852 4396; baseline 0 -17"><span class='ocrx_word' id='word_1_347' title='bbox 558 4327 891 4394; x_wconf 86' lang='lat' dir='ltr'><strong>apertissime</strong></span> <span class='ocrx_word' id='word_1_348' title='bbox 916 4326 1017 4380; x_wconf 85' lang='lat' dir='ltr'><strong>hoe</strong></span> <span class='ocrx_word' id='word_1_349' title='bbox 1041 4328 1108 4382; x_wconf 87' lang='lat' dir='ltr'><strong><em>N</em></strong></span> <span class='ocrx_word' id='word_1_350' title='bbox 1208 4329 1275 4381; x_wconf 85' lang='lat'><strong>25</strong></span> <span class='ocrx_word' id='word_1_351' title='bbox 1311 4326 1621 4396; x_wconf 85' lang='lat' dir='ltr'><strong>temporalis</strong></span> <span class='ocrx_word' id='word_1_352' title='bbox 1647 4328 1714 4382; x_wconf 90' lang='lat' dir='ltr'><em>N</em></span> <span class='ocrx_word' id='word_1_353' title='bbox 1813 4326 2228 4396; x_wconf 82' lang='lat' dir='ltr'><strong>temporalitatis</strong></span> <span class='ocrx_word' id='word_1_354' title='bbox 2264 4331 2346 4380; x_wconf 85' lang='lat' dir='ltr'><strong>est</strong></span> <span class='ocrx_word' id='word_1_355' title='bbox 2369 4325 2484 4380; x_wconf 84' lang='lat' dir='ltr'><strong>fieri</strong></span> <span class='ocrx_word' id='word_1_356' title='bbox 2509 4327 2612 4382; x_wconf 82' lang='lat' dir='ltr'><strong>Mv</strong></span> <span class='ocrx_word' id='word_1_357' title='bbox 2716 4326 2852 4394; x_wconf 81' lang='lat' dir='ltr'><strong>esse]</strong></span> 
     </span>
     <span class='ocr_line' id='line_1_38' title="bbox 558 4413 1457 4470; baseline 0.004 -4"><span class='ocrx_word' id='word_1_358' title='bbox 558 4418 612 4467; x_wconf 80' lang='lat' dir='ltr'><strong>et</strong></span> <span class='ocrx_word' id='word_1_359' title='bbox 646 4430 757 4467; x_wconf 87' lang='lat' dir='ltr'><strong>esse</strong></span> <span class='ocrx_word' id='word_1_360' title='bbox 796 4416 869 4469; x_wconf 85' lang='lat' dir='ltr'><strong><em>M</em></strong></span> <span class='ocrx_word' id='word_1_361' title='bbox 966 4413 1169 4467; x_wconf 84' lang='lat' dir='ltr'><strong>factum</strong></span> <span class='ocrx_word' id='word_1_362' title='bbox 1208 4430 1319 4466; x_wconf 85' lang='lat' dir='ltr'><strong>esse</strong></span> <span class='ocrx_word' id='word_1_363' title='bbox 1356 4416 1457 4470; x_wconf 83' lang='lat' dir='ltr'><strong>Mv</strong></span> 
     </span>
    </p>
   </div>
   <div class='ocr_carea' id='block_1_7' title="bbox 2939 2120 2994 2157">
    <p class='ocr_par' dir='ltr' id='par_1_7' title="bbox 2939 2120 2994 2157">
     <span class='ocr_line' id='line_1_39' title="bbox 2939 2120 2994 2157; baseline 0 0"><span class='ocrx_word' id='word_1_364' title='bbox 2939 2120 2994 2157; x_wconf 83' lang='lat'><strong>15</strong></span> 
     </span>
    </p>
   </div>
  </div>
 </body>
</html>
