3167 4975
1326 439 1484 492 lust.
1522 439 1722 507 praef.
2631 437 2668 500 7

376 635 417 680 a
462 617 697 680 sanctis
760 633 833 680 ac
878 615 1267 698 spiritalibus
1331 614 1618 698 patribus
1665 615 1928 678 fundata
1989 613 2372 678 monasteria
2425 613 2502 677 ad
2558 631 2672 677 nos

379 739 580 802 usque
611 721 969 802 perdurant.
1034 721 1209 784 illam
1258 737 1409 784 sane
1441 719 1935 784 moderationem
1965 719 2266 802 opusculo
2297 717 2444 782 huic
2475 717 2670 782 inter·
2718 727 2752 780 9

380 845 589 889 serere
618 843 1040 907 praesumam,
1087 827 1159 890 ut
1190 843 1283 905 ea,
1331 843 1491 907 quae
1523 825 1868 889 secundum
1899 823 2358 908 Aegyptiorum
2388 823 2673 906 regulam

379 949 493 994 seu
517 947 627 1012 pro
653 929 989 1012 asperitate
1012 933 1231 994 aerum
1262 948 1373 993 seu
1395 947 1509 1012 pro
1540 927 1912 993 difficultate
1939 946 2010 992 ac
2034 927 2401 992 diuersitate
2426 945 2673 992 morum

298 1056 325 1094 5
382 1033 779 1117 inpossibilia
824 1035 888 1098 in
934 1034 1035 1098 his
1064 1033 1427 1118 regionibus
1460 1034 1559 1097 uel
1608 1033 1764 1098 dura
1808 1033 1910 1096 uel
1957 1033 2154 1096 ardua
2185 1031 2674 1116 conprobauero‚

380 1139 693 1202 institutis
756 1139 1301 1219 monasteriorum,
1366 1157 1524 1220 quae
1591 1157 1700 1221 per
1745 1137 2174 1202 Palaestinam
2229 1137 2331 1200 uel
2384 1136 2676 1218 Mesopo-

383 1243 647 1307 tamiam
692 1243 1025 1324 habentur,
1084 1242 1481 1325 aliquatenus
1528 1247 1896 1325 temperem,
1959 1241 2124 1324 quia,
2173 1241 2226 1305 si
2283 1240 2674 1306 rationabilis

382 1346 781 1430 possibilium
848 1367 1145 1412 mensura
1212 1351 1516 1428 seruetur,
1589 1347 1805 1412 eadem
1868 1346 2308 1411 obseruantiae
2374 1346 2674 1429 perfectio

384 1455 487 1515 est
531 1452 721 1516 etiam
767 1452 833 1516 in
880 1452 1083 1535 inpari
1130 1452 1449 1517 facultate.

274 1790 325 1827 ιο
1155 1745 1453 1828 LIBER
1514 1744 1904 1827 PRIMUS.

874 1903 1001 1967 DE
1062 1901 1422 1968 HABITU
1482 1901 2176 1966 MONACHORUM.

1296 2061 1763 2113 CAPITULA.

476 2187 523 2250 Ι.
572 2187 665 2250 De
712 2185 963 2268 cingulo
1012 2183 1324 2248 monachi.

477 2291 559 2354 II.
609 2291 704 2354 De
752 2292 927 2354 ueste
974 2288 1284 2353 monachi.

277 2418 329 2456 15
478 2395 592 2460 III.
640 2395 737 2458 De
784 2393 1046 2458 cucullis
1092 2391 1567 2477 Aegyptiorum.

474 2502 623 2565 IIII.
670 2501 767 2564 De
813 2498 1071 2563 colobiis
1118 2498 1594 2582 Aegyptiorum.

478 2606 550 2669 V.
600 2606 695 2669 De
740 2604 1284 2669 rebracchiatoriis
1332 2622 1566 2667 eorum.

476 2710 583 2774 VI.
633 2710 729 2773 De
776 2708 1151 2773 mafortibus
1199 2726 1431 2772 eorum.

476 2814 615 2878 VII.
664 2815 759 2878 De
806 2814 1035 2877 melote
1083 2816 1145 2877 et
1188 2814 1353 2897 pelle
1400 2814 1672 2895 caprina.

272 2940 331 2979 20
478 2918 652 2983 VIII.
700 2919 797 2982 De
842 2918 1066 2982 baculo
1112 2916 1589 3001 Aegyptiorum.

476 3023 683 3087 VIIII.
732 3024 827 3087 De
874 3022 1305 3087 calciamentis
1354 3040 1588 3086 eorum.

476 3128 551 3192 X.
600 3128 695 3191 De
756 3130 1253 3211 temperamento
1315 3126 1774 3207 obseruantiae,
1837 3144 1997 3208 quae
2053 3126 2398 3191 secundum
2462 3132 2678 3191 aerum

388 3233 761 3315 qualitatem
807 3233 908 3295 uel
955 3250 1143 3295 usum
1187 3232 1546 3315 prouinciae
1595 3232 1678 3296 sit
1725 3232 2012 3297 tenenda.

476 3338 585 3402 XI.
634 3338 729 3401 De
776 3337 1027 3420 cingulo
1074 3336 1341 3419 spiritali
1387 3339 1450 3399 et
1496 3340 1890 3401 sacramento
1935 3336 2154 3419 ipsius,

480 3619 505 3673 1
546 3632 607 3669 ac
647 3616 788 3671 GH.-
824 3618 878 3668 et
913 3616 967 3669 L
1072 3618 1105 3669 2
1144 3614 1567 3669 modorationem
1606 3617 1658 3669 L
1771 3618 1802 3671 5
1842 3614 2168 3683 conprobato
2207 3616 2280 3669 L¹
2395 3620 2428 3671 6
2463 3615 2680 3669 institu-

390 3703 625 3759 tionibus
671 3705 740 3758 H
838 3701 1161 3771 palestinam
1205 3703 1358 3759 codd.
1469 3706 1499 3757 7
1546 3702 1871 3771 aliquatinus
1918 3705 1970 3757 L
2076 3706 2108 3759 9
2155 3702 2426 3759 facultate.
2533 3702 2682 3759 Finit

388 3790 661 3861 praefatio
700 3790 975 3859 Incipiunt
1000 3789 1235 3859 capitula
1259 3790 1527 3859 sequentis
1555 3789 1682 3843 libri
1711 3790 1762 3845 G
1833 3790 2064 3859 Explicit
2097 3790 2342 3861 prefatiO.
2405 3790 2680 3860 Incipiunt

388 3877 625 3947 capitula
669 3878 737 3933 H
871 3877 1147 3946 Incipiunt
1192 3878 1316 3946 capl'
1358 3875 1483 3931 libri
1530 3877 1692 3945 primi
1735 3878 1787 3932 L
1932 3881 1995 3933 15
2034 3877 2249 3931 cocullis
2287 3880 2354 3933 H
2493 3882 2558 3933 16
2595 3894 2680 3931 co-

386 3965 562 4035 laphis
598 3966 673 4020 L¹
820 3968 880 4020 17
919 3964 1347 4019 rebracchitoriis
1383 3966 1437 4019 L
1510 3964 1917 4019 rebrachiatoris
1954 3966 2023 4019 ll
2151 3968 2214 4021 18
2252 3964 2580 4019 mafontibus
2619 3967 2688 4021 H

388 4056 459 4108 20
494 4051 865 4122 aegyptiorum
901 4070 1003 4108 om.
1030 4054 1098 4107 H
1198 4054 1261 4107 21
1304 4052 1679 4105 calciamentas
1705 4054 1780 4105 L¹
1874 4055 1941 4107 22
1981 4068 2154 4105 aerem
2191 4054 2260 4107 H
2358 4056 2426 4108 23
2463 4053 2678 4121 prouin-

388 4140 495 4194 tiae
520 4140 589 4195 H
686 4142 755 4195 24
791 4140 958 4209 ipsius
994 4158 1095 4195 om.
1128 4140 1193 4193 ll
1290 4139 1491 4207 Incipit
1526 4138 1663 4193 liber
1698 4140 1904 4209 primus
1943 4138 2006 4192 de
2044 4138 2230 4195 habitu
2257 4140 2504 4195 mona-ehi
2529 4158 2678 4209 prac-

387 4225 491 4280 fati
533 4226 763 4279 auctoris
801 4227 853 4282 G
920 4226 1116 4295 Incipit
1159 4225 1295 4280 liber
1338 4226 1543 4295 primus
1592 4226 1656 4279 de
1701 4225 1888 4281 habitu
1933 4226 2316 4279 monachorum
2349 4228 2418 4281 H
2481 4226 2680 4295 Incipit

386 4312 525 4366 liber
564 4313 772 4382 primus
808 4313 872 4367 de
906 4312 1289 4367 monachorum
1322 4312 1510 4367 habitu
1546 4313 1603 4367 in
1631 4357 1641 4367 .
1672 4356 1682 4367 .
1709 4356 1721 4367 .
1751 4324 1802 4366 a⁰
1837 4313 2020 4381 regula
2056 4315 2112 4379 (?
2150 4315 2342 4369 litter-223
2383 4315 2678 4368 nummum

382 4408 597 4471 partem
632 4402 855 4457 adtritis
878 4406 927 4455 et
953 4402 1195 4467 detersis)
1220 4402 1273 4455 L
1382 4402 1579 4455 librum
1608 4403 1854 4471 Jm'mum
1885 4402 2212 4457 Cassianum
2236 4402 2574 4473 inscripsisse
2599 4398 2682 4457 ‘de
