3167 4975
1181 443 1340 497 Iust.
1379 442 1486 496 lib.
1511 442 1572 504 V,
1610 445 1833 498 22—24.
2530 442 2645 506 101

367 625 432 684 et
487 619 1006 684 esculentioribus
1068 619 1436 684 oblectatur.
1516 619 1777 700 ideoque
1838 618 2139 682 aduersus
2199 637 2339 682 eam
2400 637 2655 683 necesse

369 728 465 788 est
523 725 904 790 monachum
965 725 1435 790 obseruantiam
1497 723 1809 806 triplicem
1878 723 2220 803 custodire,
2290 723 2354 787 id
2422 727 2521 788 est
2584 727 2659 788 ut

366 815 641 913 primufn
701 829 1060 914 legitimum
1121 833 1372 913 tempus
1435 828 1849 893 absolutionis
1910 831 2223 910 expectet,
2294 829 2517 893 deinde
2586 832 2659 893 ut

369 934 717 1018 castigatiS,
778 935 964 999 tertio
1028 939 1099 1000 ut
1155 932 1719 1016 qualibuscumque
1782 933 1941 997 escis
2004 933 2455 1014 uilioribusque
2508 952 2657 999 con-

289 1055 316 1094 ⁵
369 1041 581 1103 tentus
630 1039 729 1102 sit.
810 1039 1112 1122 quidquid
1160 1043 1372 1104 autem
1420 1043 1595 1103 extra
1654 1038 2175 1103 consuetudinem
2235 1038 2661 1122 praesumitur
2710 1047 2745 1102 2

369 1162 678 1226 usumque
711 1162 1132 1225 communem,
1180 1148 1253 1208 ut
1296 1144 1598 1209 uanit-atis
1634 1147 1697 1209 et
1726 1143 1959 1228 gloriae
1993 1147 2179 1225 atque
2212 1144 2655 1208 ostentationis

369 1247 584 1312 morbo
629 1249 942 1332 pollutum
989 1249 1431 1330 antiquissima
1461 1253 1714 1332 patrum
1746 1247 2001 1312 traditio
2034 1251 2229 1312 notat.
2296 1267 2411 1311 nec
2442 1266 2658 1330 quem-

368 1371 559 1435 quam
621 1372 694 1416 ex
753 1353 874 1434 his,
937 1371 1090 1435 quos
1153 1353 1376 1418 merito
1441 1353 1741 1417 scientiae
1798 1370 1870 1416 ac
1917 1352 2309 1417 discretionis
2357 1353 2658 1417 enituisse

365 1458 752 1542 peruidimus
797 1460 900 1524 uel
949 1477 1104 1542 quos
1152 1459 1230 1524 ad
1276 1459 1657 1524 imitandum
1687 1458 1891 1542 gratia
1936 1455 2176 1522 Christi
2222 1459 2399 1522 uelut
2450 1459 2659 1542 splen-

261 1583 315 1624 ιο
367 1563 696 1628 didissima
738 1563 1077 1628 luminaria
1120 1564 1414 1629 omnibus
1459 1564 1865 1646 praelocauit‚
1929 1581 2041 1626 esu
2085 1563 2290 1646 paniS,
2337 1563 2442 1644 qui
2493 1564 2657 1646 apud

369 1685 472 1732 eos
503 1667 650 1732 uilis
691 1667 961 1733 habetur
1008 1687 1080 1732 ac
1124 1668 1349 1749 faciliS,
1397 1667 1781 1732 abstinuisse
1813 1667 2248 1752 cognouimUS,
2294 1685 2409 1732 nec
2442 1686 2659 1733 eorum

367 1771 748 1855 quempiam,
811 1775 916 1855 qui
977 1773 1141 1837 hanc
1201 1775 1486 1857 regulam
1547 1774 1935 1837 declinantes
1985 1773 2430 1856 praetermisso
2475 1773 2657 1856 panis

367 1895 484 1941 usu
529 1878 926 1962 leguminum
970 1878 1070 1942 uel
1117 1879 1404 1942 holerum
1454 1897 1564 1942 seu
1610 1895 1939 1962 pomorum
1984 1877 2393 1942 refectionem
2435 1877 2660 1943 sectati

369 1985 536 2060 sunt,
583 1982 746 2046 inter
790 1983 1267 2066 probatissimos
1312 1983 1607 2047 habitum
1654 1983 1987 2064 aliquando
2034 1983 2495 2066 conspeximuS,
2550 1983 2658 2047 sed

264 2105 316 2146 15
368 2105 446 2150 ne
492 2086 884 2152 discretionis
933 2088 1184 2170 quidem
1233 2091 1340 2152 aut
1387 2087 1687 2152 scientiae
1730 2088 2000 2172 gratiam
2036 2094 2467 2153 consecutum.
2538 2106 2663 2152 non
2713 2095 2747 2150 3

368 2192 571 2255 solum
619 2192 788 2257 enim
834 2193 1058 2258 cet-eris
1105 2193 1441 2258 inusitatas
1505 2211 1680 2256 escas
1743 2197 2029 2276 expetere
2090 2192 2472 2258 monachum
2534 2212 2659 2258 non

367 2295 592 2360 debere
639 2296 1003 2377 decernunt,
1065 2317 1143 2362 ne
1189 2298 1483 2363 uidelicet
1527 2316 1748 2361 cursus
1796 2298 1929 2361 eius
1986 2298 2161 2362 uelut
2219 2298 2287 2362 in
2330 2298 2659 2382 propatulo

367 2402 610 2466 cunctis
659 2402 976 2485 expositus
1037 2401 1242 2467 inanis
1305 2403 1512 2467 factus
1575 2421 1649 2467 ac
1708 2421 1945 2467 uacuus
2007 2403 2380 2469 cenodoxiae
2440 2402 2660 2468 morbo

367 2508 678 2591 depereat,
727 2509 834 2572 sed
881 2528 958 2573 ne
1004 2508 1210 2593 ipsam
1257 2509 1511 2591 quidem
1557 2509 1931 2573 ieiuniorum
1976 2509 2459 2593 castigationem
2490 2527 2679 2593 com--

259 2630 312 2671 20
367 2631 626 2677 munem
672 2614 964 2695 cuiquam
1012 2613 1194 2678 facile
1255 2614 1538 2697 patefieri
1599 2618 1883 2697 oportere
1943 2615 2376 2697 pronuntiant,
2438 2632 2659 2679 uerum

368 2724 673 2800 quantum
719 2718 856 2781 fieri
899 2722 1110 2801 potest
1142 2720 1389 2803 contegi
1420 2719 1656 2803 pariter
1688 2723 1752 2783 et
1782 2718 2101 2783 abscondi.
2168 2718 2659 2783 aduentantibus

367 2826 581 2887 autem
625 2822 927 2887 fratribus
974 2824 1178 2907 magis
1224 2824 1643 2888 humanitatis
1690 2842 1763 2887 ac
1808 2824 2162 2888 dilectionis
2195 2823 2403 2888 offerri
2435 2823 2661 2887 debere

367 2927 691 3009 uirtutem,
738 2946 928 3011 quam
975 2929 1398 2993 continent-iae
1445 2929 1903 2993 districtionem
1936 2933 1999 2993 et
2030 2929 2326 2993 cotidiani
2356 2928 2661 3012 propositi

365 3033 638 3115 rigorem
683 3033 1076 3097 manifestari
1121 3032 1510 3117 probabilius
1559 3037 1961 3115 censuerunt,
2010 3052 2124 3097 nec
2169 3034 2319 3116 quid
2364 3033 2660 3098 uoluntas

259 3158 313 3201 25
367 3137 734 3219 utilitasque
780 3143 996 3202 nostra
1043 3157 1152 3201 seu
1201 3139 1492 3203 desiderii
1540 3139 1722 3203 ardor
1778 3143 2073 3223 exposcat
2132 3138 2488 3219 adtendere,
2553 3138 2660 3201 sed

367 3242 532 3323 quod
580 3242 972 3308 aduenientis
1033 3242 1281 3325 requies
1345 3244 1446 3308 uel
1507 3243 1843 3308 infirmitas
1906 3243 2099 3327 exigit
2158 3262 2537 3327 praeponere
2599 3248 2664 3308 et

369 3349 692 3431 gratanter
739 3348 994 3430 inplere.

455 3451 726 3515 XXIHI.
778 3451 938 3517 Cum
985 3452 1060 3516 de
1108 3452 1320 3536 Syriae
1366 3454 1653 3537 partibus
1703 3454 2019 3518 seniorum
2068 3453 2225 3517 scita
2271 3454 2507 3517 discere
2554 3471 2661 3516 cu-

369 3556 613 3639 pientes
643 3555 920 3641 Aegypti
949 3558 1340 3641 prouinciam
1385 3558 1765 3641 petissemus
1813 3558 2023 3640 ibique
2070 3562 2251 3622 tanta
2296 3558 2499 3622 cordis
2532 3558 2661 3622 ala-

477 3760 500 3813 1
533 3757 974 3811 excolentioribus
1001 3760 1128 3813 AL¹
1217 3762 1251 3813 3
1277 3757 1625 3812 absolutionis
1662 3762 1871 3827 tempus
1896 3760 1950 3813 A
2032 3762 2297 3827 exspectet
2330 3760 2397 3813 H
2469 3762 2501 3813 4
2529 3758 2663 3811 escis

372 3862 472 3898 om.
499 3846 552 3899 A
649 3846 914 3899 contentis
944 3846 1016 3901 θ’
1112 3850 1143 3901 5
1170 3845 1421 3914 quiequid
1447 3847 1647 3901 AH²L
1742 3846 1943 3915 autem]
1972 3846 2113 3899 enim
2139 3847 2251 3901 Ar:
2275 3864 2375 3903 om.
2402 3847 2451 3901 T
2540 3862 2661 3899 con-

374 3931 701 3985 suitudinem
727 3933 802 3985 ΑΙ
911 3934 943 3987 6
980 3933 1235 3986 uanitatis
1275 3934 1350 4001 et]
1379 3950 1545 3987 uanae
1571 3934 1665 3988 Ην
1774 3937 1836 3989 10
1876 3938 2005 4001 aput
2032 3934 2085 3987 A
2198 3936 2255 3989 11
2297 3931 2559 3987 habea-tur
2588 3933 2659 3987 G¹

371 4018 634 4115 habeatur
658 4064 726 4118 H
814 4062 1126 4116 sustinuisse
1151 4066 1204 4117 L
1304 4066 1366 4120 12
1403 4064 1805 4133 praetermissos
1840 4080 2004 4132 panes
2032 4064 2104 4117 L¹
2205 4066 2270 4118 13
2298 4062 2583 4116 refectione
2610 4064 2662 4117 L

374 4150 436 4203 17
475 4148 746 4202 uidellicet
783 4151 834 4203 A
947 4152 1012 4205 18
1049 4151 1394 4204 coenodoxiae
1437 4152 1556 4206 GH
1625 4150 1809 4221 equod.
1850 4152 1901 4205 L
2012 4154 2075 4205 19
2112 4149 2327 4217 quidem
2358 4151 2495 4203 AG:
2532 4165 2661 4217 quo-

374 4252 472 4303 que
510 4237 710 4291 HLTv
814 4240 882 4291 20
927 4238 1141 4307 uerum]
1181 4238 1272 4291 sed
1309 4240 1364 4293 A
1471 4241 1538 4294 22
1586 4238 1791 4306 autem]
1840 4238 2027 4290 ducem
2076 4239 2130 4290 A
2236 4236 2561 4290 humilitatis
2608 4239 2660 4291 A

373 4325 442 4377 23
497 4323 898 4377 destrictionem
960 4326 1032 4379 G¹
1183 4326 1473 4394 praepositi
1526 4328 1580 4379 L
1732 4329 1799 4380 ‘28
1855 4324 2040 4378 xxm
2100 4326 2167 4378 H
2310 4324 2463 4376 siriae
2525 4325 2667 4378 G¹H

383 4412 452 4465 29
489 4411 722 4479 aegyptii
761 4412 830 4465 H
927 4412 1254 4480 prouintiam
1292 4413 1345 4466 L
1449 4411 1759 4481 petissimus
1796 4414 1877 4466 11¹
1988 4410 2183 4480 ubique
2221 4411 2275 4466 L
