3167 4975
431 409 519 473 50

1242 405 1559 460 Iohannis
1607 406 1904 460 Cassiani

435 589 497 648 et
557 584 634 647 ab
700 583 1011 647 uniuersis
1058 583 1135 645 de
1180 582 1492 646 industria
1534 582 1848 645 refutatus
1895 585 2082 663 atque
2144 581 2498 664 despectus,
2559 584 2724 643 tam-

434 707 625 770 quam
670 689 774 770 qui
822 706 947 752 non
992 687 1313 770 religionis
1362 687 1469 750 sed
1518 686 1913 750 necessitatis
1961 685 2222 750 obtentu
2271 685 2724 750 monasterium

434 797 609 876 optet
665 793 922 872 intrare,

982 792 1228 856 iniuriis
1295 809 1539 873 quoque
1589 795 1652 854 et
1712 789 2294 874 exprobrationibus
2351 791 2570 854 multis
2618 791 2725 854 ad·

438 901 637 962 sectus
670 896 1167 981 experimentum
1201 896 1441 959 dederit
1472 895 1862 960 constantiae
1896 913 2065 975 suae,
2114 895 2442 977 qualisque
2476 896 2724 960 futurus

436 1004 519 1069 sit
586 1003 651 1068 in
720 1000 1264 1086 temptationibus,
1342 999 1816 1085 obprobriorum
1893 1000 2225 1064 tolerantia
2292 1001 2724 1082 deelarauerit,
2805 1019 2831 1057 ⁵

437 1112 625 1190 atque
689 1108 778 1171 ita
830 1106 1024 1171 fuerit
1070 1107 1387 1189 explorato
1434 1105 1668 1169 mentis
1716 1105 1930 1169 ardore
1988 1107 2339 1188 suscethS,
2402 1105 2728 1189 diligentia

438 1231 689 1278 summa
732 1211 1136 1294 perquiritur,
1184 1231 1260 1274 ne
1309 1211 1383 1274 de
1429 1210 1715 1293 pristinis
1763 1208 2174 1274 facultatibus
2223 1210 2352 1273 suis
2385 1210 2728 1275 inhaeserit

356 1342 369 1362 ι
440 1318 495 1382 ei
542 1317 643 1381 uel
691 1297 876 1380 unius
924 1317 1167 1380 nummi
1216 1315 1525 1398 contagio.
1578 1315 1787 1378 sciunt
1833 1315 2000 1378 enim
2035 1333 2179 1378 eum
2212 1315 2328 1378 sub
2363 1316 2728 1380 monasterii

437 1421 771 1505 disciplina
810 1421 1179 1484 diuturnum
1212 1439 1350 1482 esse
1384 1437 1505 1483 non
1540 1437 1747 1502 posse,
1797 1419 1904 1482 sed
1939 1438 2015 1482 ne
2061 1419 2442 1483 humilitatis
2476 1420 2728 1501 quidem

440 1529 549 1590 aut
588 1525 1020 1591 oboedientiae
1055 1524 1594 1606 adprehensurum
1627 1543 1763 1586 esse
1795 1523 2098 1586 uirtutem
2146 1542 2260 1586 uec
2305 1523 2415 1587 illa
2446 1523 2727 1588 coenobii

436 1633 811 1714 paupertate
860 1647 933 1693 ac
974 1629 1364 1692 districtione
1397 1631 1764 1692 contentum
1799 1627 1948 1708 fore,
1998 1628 2051 1690 si
2083 1628 2148 1691 in
2181 1628 2566 1693 conscientia
2597 1630 2728 1692 eius

438 1735 741 1818 pecuniae
776 1734 1423 1816 quantulumcumque
1463 1733 1835 1809 latitauerit,
1885 1733 1990 1796 sed
2039 1732 2148 1796 ubi
2194 1733 2470 1815 primum
2519 1737 2730 1799 exorta

442 1839 627 1903 fuerit
688 1838 974 1921 qualibet
1034 1839 1359 1902 occasione
1407 1837 1766 1920 commotiO,
1829 1835 2058 1901 fiducia
2119 1838 2301 1920 stipis
2363 1837 2535 1903 illius
2597 1840 2730 1903 ani-

440 1949 683 2008 matum.
717 1943 1016 2008 continuo
1050 1944 1125 2004 de
1172 1943 1552 2006 monasterio
1600 1942 1778 2006 uelut
1823 1943 2020 2006 funda
2065 1947 2310 2007 rotante
2357 1943 2726 2027 fugiturum.

525 2049 673 2113 IIII.
737 2049 819 2112 Et
865 2047 1091 2112 idcirco
1140 2067 1218 2111 ne.
1266 2047 1487 2110 usibus
1534 2047 1788 2128 quidem
1836 2047 2116 2110 coenobii
2171 2048 2531 2131 profuturas
2594 2069 2732 2114 sus-

440 2155 643 2238 cipere
714 2153 793 2216 ab
864 2171 934 2216 eo
1004 2153 1302 2236 pecunias
1365 2152 1800 2233 adquiescunt,
1876 2152 2154 2235 primum
2216 2173 2293 2217 ne
2355 2153 2733 2219 confidentia

438 2261 628 2324 huius
676 2257 1012 2324 oblationis
1058 2257 1315 2322 inflatus
1364 2275 1760 2338 nequaquam
1811 2276 1876 2320 se
1923 2257 2398 2340 pauperioribus
2435 2258 2731 2324 fratribus

441 2381 781 2446 coaequare
828 2363 1141 2447 dignetur,
1188 2367 1326 2427 tum
1374 2381 1451 2426 ne.
1497 2380 1607 2445 per
1653 2362 1818 2426 hanc
1863 2362 2200 2425 elationem
2247 2363 2607 2428 nullatenus
2657 2365 2733 2428 ad

440 2468 867 2534 humilitatem
916 2467 1151 2533 Christi
1214 2467 1619 2547 descendenS,
1683 2485 1828 2531 cuni
1891 2465 2006 2531 sub
2070 2467 2398 2551 disciplina
2452 2468 2732 2533 coenobii

443 2594 564 2639 non
612 2574 887 2658 potuerit
931 2574 1289 2657 perdurare,
1346 2590 1638 2655 egressus
1686 2572 1904 2635 exinde
1951 2592 2044 2652 ea,
2105 2590 2264 2653 quae
2313 2573 2376 2637 111
2430 2574 2734 2657 principio

442 2679 927 2744 renuntiationis
976 2696 1125 2741 suae
1173 2677 1439 2761 spiritali
1486 2678 1730 2740 feruore
1779 2695 2118 2740 succensus
2181 2677 2503 2757 intulerat,
2565 2684 2735 2762 tepe-

444 2786 647 2848 factus
693 2788 915 2867 postea

961 2802 1085 2847 non
1133 2783 1267 2846 sine
1314 2782 1543 2846 iniuria
1591 2781 1958 2845 monasterii
2005 2782 2308 2865 sacrilego
2371 2782 2592 2864 spiritu
2641 2803 2737 2847 re-

444 2889 647 2971 cipere
694 2892 879 2969 atque
927 2888 1169 2972 exigere
1218 2887 1531 2951 moliatur.
1610 2885 1772 2967 quod
1835 2886 2212 2950 omnimodis
2266 2884 2584 2951 obseruari
2633 2889 2738 2952 de-

446 2994 589 3057 bere
637 2993 855 3057 multis
904 2996 1053 3056 sunt
1098 2991 1541 3075 experimentis
1591 2991 1949 3072 frequenter
1996 2990 2215 3055 edocti.
2295 3008 2442 3055 nam
2475 3012 2585 3074 per
2617 2992 2739 3057 alia

446 3099 655 3162 minus
716 3100 901 3161 cauta

962 3096 1345 3161 monasteria
1407 3095 1778 3179 simpliciter
1839 3095 2092 3176 quidam
2156 3096 2434 3179 suscepti
2503 3115 2737 3177 eorum,

445 3222 605 3285 quae
652 3202 996 3266 intulerant
1040 3220 1323 3283 quaeque
1370 3201 1433 3264 in
1482 3200 1582 3264 dei
1629 3218 1812 3283 opere
1858 3200 2111 3264 fuerant
2155 3200 2539 3284 dispensata,
2595 3220 2739 3266 cum

448 3308 689 3391 ingenti
736 3309 879 3390 post
932 3305 1325 3389 blasphemia
1384 3304 1870 3369 redhibitionem
1931 3324 2186 3387 poscere
2247 3310 2738 3390 temptauerunt.

534 3412 608 3474 V.
660 3410 1084 3491 Quamobrem
1144 3412 1233 3473 ita
1294 3410 1565 3475 nudatur
1627 3409 1912 3491 quisque,
1975 3428 2118 3474 cum
2180 3414 2468 3493 receptus
2529 3412 2740 3491 fuerit,

450 3516 619 3581 omni
666 3516 935 3598 pristina
979 3515 1299 3594 facultate,
1363 3518 1433 3579 ut
1478 3534 1555 3579 ne.
1604 3516 1814 3599 ipsum
1875 3513 2128 3596 quidem
2177 3534 2296 3597 quo
2345 3520 2598 3599 opertus
2646 3520 2738 3581 est

540 3718 565 3771 1
604 3714 886 3769 reffutatus
924 3716 997 3769 L¹
1106 3714 1374 3783 dispectus
1411 3715 1477 3769 Η
1480 3718 1494 3750 ¹
1603 3719 1636 3770 3
1673 3714 2136 3785 exprobationibus
2178 3716 2250 3771 (1¹¹
2369 3720 2400 3771 5
2439 3714 2742 3771 tollar-antia

454 3803 611 3858 G¹H¹
686 3801 996 3855 tolerantia-c
1041 3804 1094 3856 L
1201 3804 1231 3856 7
1268 3802 1606 3870 persequitur
1641 3804 1724 3856 Η1
1795 3802 2132 3871 perqueritur
2163 3804 2238 3857 L¹
2345 3802 2632 3874 inhesserit
2658 3805 2742 3859 Η1

451 3894 482 3945 8
520 3889 720 3942 nomini
756 3889 830 3943 L¹

944 3892 1007 3943 10
1046 3888 1101 3941 111
1136 3888 1229 3941 illa
1267 3888 1431 3941 coebii
1460 3890 1512 3943 L
1623 3892 1683 3945 11
1726 3888 2069 3943 destrictiouc
2110 3890 2184 3945 G¹
2296 3892 2358 3945 12
2395 3888 2644 3958 languerit
2683 3893 2750 3946 ΙΙ

452 3981 515 4033 15
553 3995 665 4033 non
702 3977 991 4045 distinyuit
1028 3978 1093 4031 Η
1196 3975 1406 4029 ussibus
1445 3976 1528 4030 Η1
1664 3978 1726 4031 17
1763 3975 2084 4045 pauperibus
2126 3978 2197 4031 G¹
2327 3980 2390 4033 19
2430 3976 2742 4031 discendens

450 4066 610 4119 11¹L¹
734 4067 803 4119 20
838 4064 1036 4133 poterit
1072 4065 1125 4118 L
1231 4066 1293 4117 21
1336 4068 1614 4133 susceptus
1651 4065 1704 4118 L
1811 4066 1878 4119 22
1916 4080 1976 4117 ea
2013 4066 2195 4132 postca
2234 4066 2286 4119 L
2393 4066 2462 4120 23
2499 4065 2636 4118 exire
2670 4066 2740 4119 θ’

452 4194 720 4248 obseruari
772 4196 850 4249 G.-
894 4194 1173 4248 obseruare
1220 4196 1335 4249 HL
1476 4198 1543 4250 25
1583 4210 1764 4247 eorum
1808 4195 1885 4249 G.-
1932 4162 2150 4248 debrum
2187 4196 2258 4250 H
2322 4195 2386 4248 de
2423 4210 2606 4247 eorum
2642 4196 2742 4263 (se-

452 4284 639 4350 quitur
663 4300 767 4337 ras.
797 4287 935 4337 7-8
960 4282 1086 4347 litt.)
1122 4282 1175 4335 L
1286 4285 1351 4336 27
1391 4286 1509 4351 post
1546 4281 1679 4335 haec
1713 4280 2025 4335 blasfemiae
2061 4284 2130 4337 H
2239 4282 2650 4336 reddibitionem
2694 4284 2744 4335 (ἶ

452 4367 824 4435 redibitionem
870 4370 929 4421 H

1042 4371 1109 4423 25<
1147 4368 1261 4421 1111
1304 4370 1367 4423 H

2786 1541 2834 1576 10

2789 2062 2838 2100 15

2789 2596 2842 2635 20

2793 3128 2844 3167 25
