3167 4975
314 1076 341 1114 5

286 1600 341 1638 10

282 2122 336 2161 15

270 2651 337 2690 20

272 3169 334 3209 25

994 456 1224 507 contra
1261 453 1642 507 Nestorium
1679 453 1788 507 lib.
1827 454 1907 517 ΙΙ,
1945 457 2096 509 5-6,
2555 455 2682 519 259

398 650 467 694 ac
513 630 745 695 donum
804 631 1271 695 munificentiae
1332 632 1698 715 gratiarum.
1777 632 2074 714 temporis
2135 650 2282 715 ergo
2341 632 2507 696 inter
2566 650 2680 696 nos
2729 642 2765 695 2

396 737 605 799 forsan
650 739 906 818 putetur
939 736 1139 819 magis
1178 754 1369 817 quam
1399 736 1489 799 rei
1522 754 1658 799 esse
1704 736 2022 817 distantia,
2071 736 2220 818 quia
2264 736 2682 817 diuinitatem,

394 859 585 921 quam
637 858 751 904 nos
812 859 957 903 cum
1003 840 1255 905 domino
1302 841 1445 903 Iesu
1492 843 1729 921 natam,
1793 844 1861 905 tu
1905 844 2124 923 postea
2169 840 2340 905 dicas
2385 840 2678 905 infusam.

395 946 503 1008 sed
550 944 704 1009 illud
749 948 845 1008 est
890 945 1056 1027 quod
1101 948 1319 1009 natam
1358 964 1503 1009 cum
1550 945 1802 1009 domino
1848 946 2244 1009 diuinitatem
2289 964 2527 1029 negans
2569 964 2684 1009 nec

392 1054 611 1133 postea
654 1050 921 1114 fideliter
966 1050 1248 1115 confiteri
1292 1053 1491 1133 poteS,
1550 1050 1700 1132 quia
1744 1068 1868 1114 non
1911 1052 2124 1133 potest
2167 1068 2295 1113 una
2340 1051 2683 1131 eademque

392 1174 491 1218 res
538 1153 603 1219 in
648 1158 825 1237 parte
871 1174 1009 1218 esse
1053 1154 1249 1238 impia
1294 1158 1356 1219 et
1399 1156 1467 1219 in
1511 1158 1692 1237 parte
1735 1154 1988 1237 probari
2033 1154 2154 1236 pia,
2217 1157 2282 1217 et
2341 1154 2560 1218 eadem
2617 1155 2682 1219 in

393 1259 673 1342 portione
716 1258 861 1323 fidei
909 1262 972 1323 et
1020 1258 1085 1323 in
1128 1260 1411 1342 portione
1458 1278 1596 1322 esse
1639 1259 1952 1341 perfidiae.
2031 1258 2306 1342 primum
2339 1276 2484 1341 ergo
2529 1259 2682 1323 illud

396 1382 433 1427 a
476 1367 537 1427 te
581 1364 851 1446 requiro,
898 1363 1221 1428 dominum
1268 1364 1481 1427 Iesum
1528 1362 1870 1444 Christum,
1917 1362 2024 1445 qui
2072 1382 2144 1426 ex
2188 1363 2394 1427 Maria
2439 1363 2682 1447 uirgine

394 1471 577 1532 natus
640 1472 755 1549 est,
816 1467 1089 1532 hominis
1136 1471 1385 1532 tantum
1431 1467 1634 1531 filium
1697 1486 1776 1531 an
1839 1468 2032 1531 etiam
2077 1467 2176 1531 dei
2223 1466 2422 1531 filium
2469 1468 2682 1531 dicas?

394 1591 505 1637 nos
567 1573 766 1653 enim,
826 1572 889 1635 id
949 1575 1045 1636 est
1104 1572 1559 1637 catholicorum
1611 1572 1896 1636 omnium
1950 1572 2134 1652 fides,
2195 1589 2336 1652 noS,
2399 1572 2678 1653 inquam,

394 1696 610 1741 omnes
656 1680 995 1759 utrumque
1041 1678 1159 1741 hoc
1204 1680 1266 1740 et-
1310 1678 1624 1741 credimus
1672 1680 1736 1741 et
1779 1677 2206 1761 intellegimus
2254 1680 2319 1741 et
2357 1676 2588 1741 scimus
2621 1679 2684 1740 et

393 1780 783 1861 confitemur,
846 1783 1011 1864 quod
1073 1782 1448 1845 et.hominis
1498 1784 1594 1845 est
1640 1782 1824 1861 filius,
1887 1782 2032 1863 quia
2078 1800 2152 1844 ex
2195 1780 2448 1845 homine
2497 1784 2681 1845 natus

393 1891 509 1967 est,
557 1890 621 1950 et
666 1886 765 1949 dei
808 1886 995 1967 filius,
1041 1887 1189 1968 quia
1234 1905 1306 1949 ex
1352 1886 1684 1949 diuinitate
1731 1888 2087 1968 conceptus
2157 1888 2228 1949 tu
2261 1903 2407 1969 ergo
2439 1888 2683 1949 utrum-

392 2010 511 2073 que
556 1991 693 2072 hoc,
738 1990 803 2053 id
849 1994 946 2055 est
992 1991 1093 2054 dei
1138 1990 1339 2054 filium
1400 1993 1590 2072 atque
1635 1990 1926 2071 hominiS,
1989 2008 2070 2054 an
2116 1993 2366 2054 tantum
2411 1990 2682 2053 hominis

393 2115 529 2159 esse
590 2095 859 2159 asseris?
921 2095 977 2159 si
1022 2098 1271 2159 tantum
1314 2094 1610 2175 hominiS,
1671 2095 2020 2158 reclamant
2065 2093 2178 2159 tibi
2239 2094 2524 2177 apostoli,
2586 2114 2682 2158 re-

390 2202 669 2264 clamant
714 2200 1073 2283 prophetae,
1118 2201 1422 2265 reclamat
1467 2199 1734 2281 denique
1779 2200 1934 2283 ipse,
1979 2219 2090 2283 per
2135 2218 2324 2281 quem
2373 2204 2471 2263 est
2517 2199 2683 2263 facta

390 2305 731 2389 conceptio,
780 2305 1035 2388 spiritus
1076 2307 1349 2369 sanctus
1420 2304 1703 2369 obruitur
1747 2304 2346 2388 inpudentissimum
2387 2322 2456 2367 os
2502 2306 2682 2367 tuum

389 2410 629 2473 cunctis
676 2409 1031 2474 diuinorum
1078 2410 1325 2492 apicum
1370 2408 1773 2490 testimoniis,
1819 2407 2102 2472 obruitur
2149 2407 2309 2472 sacri
2341 2407 2680 2471 uoluminis

390 2515 623 2579 sanctis
655 2515 943 2595 testibuS‚
984 2514 1269 2578 obruitur
1300 2514 1565 2596 denique
1598 2514 1733 2597 ipso
1765 2514 1863 2577 dei
1897 2513 2224 2597 euangelio
2255 2513 2435 2595 quasi
2467 2513 2684 2577 diuina

389 2638 601 2700 manu,
664 2622 727 2683 et
772 2617 1069 2684 Gabrihel
1127 2619 1233 2683 ille
1296 2637 1585 2702 magum,
1649 2619 1755 2700 qui
1801 2620 1869 2682 in
1915 2618 2252 2682 Zaccharia
2302 2636 2524 2682 uocem
2583 2618 2680 2681 in-

391 2724 709 2788 credulam
757 2723 990 2788 uirtute
1038 2723 1214 2787 uerbi
1261 2723 1357 2787 sui
1402 2723 1740 2803 cohercuit,
1795 2724 1995 2787 multo
2043 2722 2246 2806 magis
2291 2722 2356 2785 in
2403 2725 2464 2786 te
2509 2721 2681 2786 blas-

388 2829 685 2912 phemam
718 2831 907 2910 atque
938 2828 1175 2911 inpiam
1206 2847 1319 2892 suo
1363 2828 1498 2911 ipso
1538 2847 1642 2892 ore
1689 2827 2016 2892 damnauit
2059 2827 2268 2891 dicens
2302 2826 2379 2890 ad
2409 2826 2680 2890 Mariam

390 2934 703 3017 uirginem
772 2933 869 2997 dei
936 2936 1234 2997 matrem:
1313 2933 1660 3015 spirituS,
1735 2932 1969 3013 inquit,
2047 2934 2354 2996 sanctus
2431 2951 2681 3013 super-

388 3039 647 3102 ueniet
690 3038 764 3102 in
813 3041 910 3119 te,
960 3041 1033 3101 et
1078 3039 1319 3100 uirtus
1369 3036 1731 3101 altissimi
1777 3035 2258 3100 obumbrabit
2303 3034 2470 3099 tibi:
2517 3035 2679 3099 ideo

392 3147 466 3207 et
508 3143 699 3226 quod
762 3147 1113 3206 nascetur
1174 3161 1255 3206 ex
1301 3146 1372 3206 te
1435 3145 1782 3206 sanctum
1841 3141 2237 3206 uocabitur
2281 3141 2494 3205 filius
2541 3141 2676 3204 dei.

390 3248 567 3312 uides
628 3247 813 3330 quod,
873 3251 945 3311 ut
1006 3247 1351 3311 secundum
1412 3266 1664 3311 carnem
1727 3246 2000 3311 hominis
2060 3246 2224 3310 filius
2279 3246 2456 3309 fieret
2499 3245 2678 3309 Iesus

392 3352 697 3432 ChristuS,
746 3355 892 3416 ante
939 3355 1035 3415 est
1081 3351 1181 3414 dei
1226 3351 1389 3415 filius
1434 3350 1861 3433 praedicatus:
1926 3351 2210 3433 paritura
2267 3350 2434 3414 enim
2481 3349 2678 3414 domi-

390 3477 543 3520 num
590 3457 767 3540 uirgo
812 3456 1015 3520 Maria
1060 3459 1277 3520 sancto
1322 3457 1388 3520 111
1449 3475 1515 3519 50
1578 3456 1798 3538 spiritu
1846 3455 2261 3519 descendente
2325 3459 2388 3520 et
2449 3454 2677 3518 uirtute

599 3637 691 3707 20]
730 3637 797 3691 cs.
823 3637 951 3691 Luc.
980 3639 1027 3701 1,
1056 3640 1275 3693 19—20.
1384 3637 1476 3706 23]
1513 3636 1640 3690 Luc.
1673 3639 1716 3700 1,
1743 3640 1826 3690 35.

480 3807 505 3858 1
553 3802 922 3856 munificentia
964 3821 996 3856 υ
1136 3805 1169 3856 2
1214 3801 1324 3854 sors
1373 3804 1682 3871 amputetur
1726 3803 1792 3856 N
1935 3801 2192 3855 distantia
2235 3803 2334 3870 ΝΡ
2477 3804 2510 3854 3
2555 3801 2677 3853 Iesu

388 3890 605 3946 Christo
628 3908 662 3944 v
766 3893 798 3944 5
830 3889 1029 3958 potest]
1056 3892 1207 3957 potes
1231 3891 1297 3944 N
1399 3891 1431 3943 6
1466 3889 1694 3958 imparte
1721 3905 1831 3942 esse
1856 3890 1922 3943 N
2025 3892 2055 3943 7
2093 3888 2218 3941 fidei
2257 3891 2311 3942 et
2343 3888 2402 3941 in
2433 3888 2678 3956 portione

386 3997 491 4034 om.
517 3978 593 4032 M
724 3977 971 4046 portione
1010 3992 1121 4029 esse
1157 3977 1224 4030 N
1359 3978 1393 4031 8
1439 3975 1718 4030 (1011111111111
1755 3979 1997 4028 nostrum
2033 3993 2065 4029 v
2205 3979 2238 4028 9
2279 3974 2453 4028 filium
2491 3974 2574 4027 dei
2612 3976 2687 4029 M

390 4068 452 4121 11
485 4067 773 4132 utrumque
797 4080 980 4118 omnes
1005 4081 1049 4132 p
1158 4065 1213 4117 et
1239 4071 1369 4133 post
1400 4063 1502 4118 hoc
1530 4082 1631 4120 om.
1658 4083 1695 4118 α
1799 4062 2154 4130 intelligimus
2179 4065 2284 4131 ΜΡ
2395 4065 2459 4117 13
2496 4061 2586 4129 qui
2612 4063 2686 4116 M

390 4155 457 4209 18
493 4153 629 4206 sacri
662 4151 950 4204 uoluminis
993 4152 1220 4220 scripsi.-
1266 4150 1427 4204 sacris
1462 4150 1828 4204 uoluminibus
1865 4151 2019 4206 codd.
2055 4169 2088 4204 v
2123 4152 2192 4218 cf.
2235 4151 2366 4216 VII,
2403 4153 2488 4216 14,
2525 4153 2558 4202 4
2595 4165 2676 4201 re-

388 4245 563 4294 serata
608 4240 743 4294 sacri
790 4237 1081 4292 uoluminis
1126 4239 1257 4292 serie
1294 4245 1344 4293 et
1380 4240 1532 4305 1111,
1578 4243 1629 4306 1,
1675 4243 1815 4292 1—-2
1927 4240 1996 4292 20
2039 4235 2245 4304 gabriel
2275 4254 2318 4304 p
2433 4235 2678 4288 zacharia

388 4329 527 4396 Mpv
632 4329 695 4382 21
734 4326 969 4380 coercuit
993 4327 1068 4380 M
1165 4325 1552 4393 blasphemiam
1588 4327 1664 4379 M
1761 4326 1828 4379 22
1865 4323 2184 4394 dampnauit
2215 4324 2382 4392 NMp
2487 4325 2555 4378 23
2586 4339 2677 4376 ue-

387 4414 501 4468 niet
538 4415 638 4469 Mv
743 4417 809 4469 27
847 4413 990 4466 filius
1028 4413 1111 4466 dei
1150 4414 1249 4468 Mv

2729 1581 2764 1635 3

2732 2312 2768 2366 4
