3167 4975
285 1609 334 1647 10

290 2131 340 2169 15

291 2654 346 2691 ΞΟ

298 3178 350 3217 25

1167 459 1328 512 lust.
1366 456 1475 510 lib.
1502 453 1627 516 VII,
1669 453 1886 509 17—19.
2548 447 2671 510 143

384 643 601 707 scitis
673 641 864 705 enim
934 642 1007 703 et
1075 656 1236 718 u05‚
1303 635 1871 716 Philippenses,
1941 632 2113 713 quia
2171 631 2242 694 in
2304 628 2673 712 principio

383 745 788 830 euangelii,
853 743 1144 826 quando
1200 742 1589 826 profectus
1652 757 1807 802 sum
1858 755 1895 800 a
1938 736 2405 816 Macedonia,
2466 735 2676 798 nulla

383 851 561 915 mihi
607 850 933 914 ecclesia
977 846 1561 912 communicauit
1606 845 1679 907 in
1725 843 2015 906 ratione
2062 840 2219 904 (lati
2268 843 2339 904 et
2386 838 2677 920 accepti

383 957 532 1020 nisi
591 973 722 1018 uos
785 954 954 1033 soli,
1018 953 1188 1035 quia
1251 955 1322 1014 et
1369 949 1989 1014 Thessalonicam
2051 949 2122 1010 et
2166 945 2397 1009 semel
2446 948 2517 1007 et
2562 943 2675 1006 bis

387 1060 460 1124 in
491 1078 706 1123 usum
747 1057 928 1121 mihi
975 1056 1342 1139 misistis),
1386 1059 1572 1118 erunt
1603 1053 1951 1117 secundum
1980 1052 2246 1116 istorum
2278 1048 2677 1128 sententiani,

386 1183 578 1247 quam
624 1166 834 1227 mente
881 1162 1092 1245 tepida
1133 1164 1568 1243 conceperunt,
1617 1164 1679 1222 et
1712 1159 1814 1222 isti
1844 1157 2150 1222 beatiores
2184 1156 2487 1239 apostolo,
2534 1155 2681 1236 quia

385 1269 462 1333 de
510 1268 638 1332 suis
684 1268 1089 1332 inueniuntur
1137 1265 1192 1328 ei
1241 1264 1609 1329 substantiis
1654 1264 2032 1347 inpertisse‘?
2100 1261 2263 1342 quod
2295 1279 2511 1324 amens
2544 1259 2681 1340 qui-

384 1374 540 1438 libet
584 1373 788 1436 dicere
835 1391 960 1436 non
1007 1369 1278 1436 audebit.

473 1477 708 1542 XVIII.
743 1475 1167 1557 Quamobrem
1212 1477 1267 1539 si
1313 1474 1673 1558 euangelieo
1706 1476 2036 1558 praecepto
2068 1473 2361 1536 uolumus
2394 1471 2681 1536 oboedire

392 1588 454 1647 et
497 1583 760 1666 apostoli
805 1600 876 1646 ac
921 1583 1109 1646 totius
1158 1581 1454 1644 ecclesiae
1498 1580 1668 1644 illius
1713 1579 2067 1662 primitiuae
2116 1597 2225 1641 seu
2259 1581 2530 1660 patrum,
2577 1576 2684 1657 qui

391 1687 724 1752 uirtutibus
773 1705 844 1750 ac
889 1686 1252 1769 perfectioni
1291 1703 1504 1749 eorum
1539 1685 1767 1748 nostris
1801 1683 2191 1766 temporibus
2225 1686 2681 1762 successerunt,

390 1793 732 1856 imitatores
779 1791 1096 1870 exsistere,
1143 1807 1268 1853 non
1301 1790 1528 1854 nostris
1563 1789 2027 1854 definitionibus
2062 1787 2559 1868 adquiescamu8‚
2608 1787 2683 1850 de

393 1897 510 1960 hoc
555 1896 764 1979 tepido
812 1913 882 1960 ac
929 1894 1271 1958 miserabili
1318 1898 1485 1958 statu
1533 1893 1979 1977 perfectionem
2027 1893 2205 1956 nobis
2255 1892 2687 1976 euangelicam

393 2002 776 2084 pollicenteS‚
825 2001 931 2064 sed
975 2002 1225 2064 illorum
1273 2002 1586 2064 sectantes
1633 1999 1900 2082 uestigia
1945 1998 2395 2063 circumuenire
2436 2001 2687 2062 nosmet

395 2106 563 2188 ipsos
613 2107 866 2169 minime
913 2105 1280 2169 studeamus
1329 2109 1392 2168 et
1437 2107 1524 2168 ita
1571 2104 1933 2168 monasterii
1988 2103 2378 2186 disciplinam
2438 2103 2687 2166 institu-

394 2211 752 2292 tionemque
798 2211 1030 2293 pariter
1076 2213 1462 2292 expetamuS‚
1524 2214 1597 2273 ut
1641 2211 1702 2272 in
1751 2209 2014 2273 ueritate
2061 2208 2493 2272 renuntiemus
2542 2207 2687 2271 huic

397 2315 652 2394 mundo,
708 2314 860 2378 nihil
909 2333 982 2377 ex
1027 2314 1123 2378 his
1171 2333 1330 2396 quae
1378 2314 1873 2397 contempsimus
1920 2312 2285 2377 infidelitate
2334 2331 2445 2377 nos
2493 2314 2689 2377 retra-

396 2421 584 2483 hente
631 2423 978 2501 seruanteS,
1026 2419 1407 2483 cotidianum
1453 2421 1691 2483 uictum
1738 2437 1860 2482 non
1902 2419 2218 2482 recondita
2248 2418 2531 2502 pecunia,
2580 2417 2689 2482 sed

398 2542 581 2607 opere
627 2524 872 2607 proprio
918 2525 1378 2608 conquiramus

485 2628 757 2692 XVIIII.
809 2628 1029 2693 Fertur
1077 2630 1390 2694 sententia
1443 2630 1643 2693 sancti
1689 2630 1885 2695 Basili
1933 2630 2354 2695 Caesariensis
2418 2628 2691 2712 episcopi

401 2734 476 2797 ad
523 2732 840 2814 quendam
884 2735 1126 2817 prolata
1171 2734 1556 2817 Syncletium
1612 2736 1722 2799 tali
1781 2753 1903 2817 quo
1965 2734 2230 2798 diximus
2293 2738 2505 2816 tepore
2564 2736 2692 2797 tor-

399 2842 673 2921 pentem.
739 2838 845 2919 qui
890 2857 1032 2902 cum
1080 2858 1147 2901 se
1195 2840 1589 2902 renuntiasse
1636 2838 1867 2903 diceret
1896 2840 2039 2903 huic
2080 2839 2334 2918 mund0‚
2382 2822 2691 2920 quaedam

401 2942 476 3006 de
544 2943 808 3026 propriis
878 2941 1282 3007 facultatibus
1353 2943 1605 3007 sibimet
1672 2944 2046 3025 reseruauit‚
2116 2945 2335 3008 nolens
2406 2942 2692 3005 exercitio

403 3066 660 3111 suarum
724 3066 1026 3111 manuum
1097 3048 1436 3112 sustentari
1506 3053 1568 3111 et
1634 3049 2057 3113 humilitatem
2127 3068 2341 3112 ueram
2412 3050 2693 3113 nuditate

405 3156 468 3216 et
527 3153 728 3236 operis
791 3152 1158 3217 contritione
1205 3153 1690 3235 monasteriique
1737 3154 2118 3218 subiectione
2166 3156 2546 3237 conquirere.
2635 3159 2697 3218 et

618 3308 671 3376 1]
709 3308 849 3362 Phil.
877 3310 926 3371 4,
958 3312 1020 3363 15
1044 3312 1174 3364 —1c.

497 3467 522 3519 1
571 3464 873 3534 filippenses
917 3466 963 3519 G
1073 3468 1106 3521 2
1143 3482 1368 3535 euuaug.
1409 3468 1462 3523 L
1568 3484 1690 3521 sum
1728 3468 2133 3522 machedoniam
2179 3468 2232 3523 L
2340 3472 2373 3523 3
2419 3467 2608 3522 eclesia
2644 3470 2698 3523 A

407 3551 699 3620 accipiendi
737 3554 820 3607 Η1
945 3554 978 3607 4
1016 3552 1446 3607 thessallonicam
1489 3556 1535 3609 Ο
1615 3555 1969 3610 thessalonica
2006 3556 2137 3611 AL¹
2218 3555 2600 3609 thesalonicam
2638 3556 2706 3611 H

409 3641 462 3691 et
495 3646 622 3693 ante
657 3638 820 3692 semel
857 3658 958 3695 om.
987 3640 1055 3695 H
1084 3659 1205 3695 cum
1251 3642 1405 3711 Uala.
1550 3646 1582 3696 5
1620 3659 1746 3696 usus
1788 3644 1909 3698 GH
2033 3643 2215 3697 usibus
2257 3645 2306 3698 Τ
2438 3646 2470 3697 6
2507 3660 2611 3712 qua
2646 3644 2700 3698 L

409 3730 758 3795 conceperant
799 3726 844 3780 (J
957 3729 987 3781 7
1026 3728 1100 3779 eis
1136 3727 1486 3781 inueniuntur
1518 3730 1564 3783 C
1650 3730 2001 3783 inueniuntur
2038 3731 2110 3783 eis
2148 3732 2201 3786 L
2326 3730 2579 3797 quislibet
2616 3732 2700 3785 ΙΙι

409 3816 442 3866 9
478 3812 902 3881 quamobrem..
935 3857 945 3867 .
975 3818 1253 3883 praecepto
1299 3834 1455 3870 euan.
1503 3818 1565 3870 in
1618 3818 1664 3869 C
1802 3834 2026 3884 euuang.
2076 3819 2127 3871 L
2274 3821 2339 3874 10
2384 3818 2599 3871 eclesia-e
2647 3820 2699 3872 A

411 3898 553 3952 illius
579 3918 678 3955 om.
701 3902 811 3955 AT
828 3904 897 3969 cf.
921 3902 1002 3970 11,
1023 3906 1072 3970 5,
1092 3907 1127 3955 3
1230 3902 1473 3971 patribus
1498 3903 1543 3957 0
1652 3906 1717 3959 12
1742 3904 2047 3957 emitatores
2070 3906 2137 3958 H
2138 3909 2151 3940 ¹
2260 3906 2478 3959 existere
2510 3906 2701 3959 G2HL

415 3988 478 4041 13
515 4003 738 4055 euuang.
766 3989 817 4041 L
952 3991 1018 4044 16
1055 3989 1348 4057 expetimus
1385 3992 1468 4045 Η1
1543 3995 1881 4061 expectamus
1913 3993 1988 4047 L¹
2118 3993 2244 4046 huic
2280 3992 2481 4046 mundo
2519 4010 2619 4047 om.
2648 3994 2703 4047 A

414 4076 476 4129 17
514 4074 580 4127 iis
617 4076 700 4128 Ηι
840 4076 1222 4130 contemsimus
1259 4080 1312 4131 A
1457 4081 1641 4132 nostra
1676 4086 1724 4133 et
1763 4082 1828 4137 18
1866 4084 2195 4133 reseruantes
2234 4082 2302 4135 H
2329 4084 2457 4149 fort.
2486 4098 2701 4134 seruan-

412 4167 491 4213 tes
528 4164 620 4227 (et)
715 4165 782 4217 20
819 4161 975 4215 basili
1000 4164 1082 4217 A:
1117 4163 1292 4217 basilii
1329 4167 1443 4221 rell.
1555 4167 1889 4236 cessariensis
1916 4168 1984 4223 H
2093 4171 2156 4223 21
2199 4169 2505 4223 sincletium
2538 4171 2711 4225 HLT

412 4248 551 4316 quod
599 4250 738 4304 H¹L
897 4252 1134 4319 tempore
1181 4254 1265 4306 H¹
1417 4256 1484 4309 22
1531 4255 1861 4308 renuntiasse
1907 4273 1961 4309 se
2009 4258 2094 4313 Ac
2232 4257 2359 4309 huic
2407 4257 2607 4310 diceret
2651 4258 2705 4311 L

412 4336 672 4403 quaedam
709 4336 810 4390 sibi
850 4340 936 4392 Av
1076 4342 1144 4393 23
1181 4338 1398 4393 sibimet
1433 4360 1534 4396 om.
1571 4345 1659 4397 Av
1799 4346 1865 4398 24
1904 4348 1958 4397 et
1996 4342 2293 4397 nuditatem
2334 4350 2387 4396 et
2422 4346 2475 4398 L
2549 4344 2705 4398 nudi-

415 4425 684 4489 tatemque
721 4430 841 4487 (om.
880 4426 953 4494 et)
993 4427 1060 4479 H
1177 4428 1244 4479 25
1283 4430 1589 4482 monasterii
1636 4448 1841 4498 quoque
1880 4433 1956 4486 A¹

2301 4520 2392 4571 17*
