3167 4975
565 435 816 493 XLIIII

563 602 887 667 uictoriae
908 602 1319 688 triumphum
1343 608 1414 668 ut
1435 603 1707 684 XVIIII,
1738 602 1838 684 12,
1857 602 1899 665 2
1920 602 2391 665 uiuacissimae
2416 601 2851 687 inpatientiae

551 707 870 794 fomitem.
939 746 1025 753 —
1070 708 1154 788 H,
1187 705 1248 788 8,
1280 706 1322 770 2
1368 706 1438 769 in
1487 706 1753 792 quantis
1798 706 2250 791 perniciosum
2293 707 2383 770 sit
2438 705 2851 769 discretionis

561 812 849 899 qratiam
891 832 1022 875 non
1069 810 1322 874 habere.
1400 813 1592 896 uulgo
1639 810 1711 873 in
1759 820 2093 895 quantum.
2143 816 2209 876 at
2253 812 2331 876 cf.
2368 812 2527 875 Inst.
2559 812 2638 893 X,
2669 810 2775 891 21,
2813 810 2846 872 1

566 916 920 980 otiositatis
967 916 1216 979 uitium
1263 914 1570 980 Salomon
1624 925 1808 978 notat
1854 916 1927 977 in
1950 912 2199 979 'multis
2264 914 2511 978 dicens:
2570 915 2685 1000 qui
2728 936 2851 977 sec-

563 1030 750 1084 tatur
781 1021 1005 1099 otium,
1053 1020 1421 1107 replebitur
1443 1030 1866 1107 paupertate.
1916 1021 2089 1087 Conl.
2126 1022 2397 1101 XXIIII,
2430 1020 2490 1102 8,
2522 1020 2565 1084 5
2610 1020 2683 1083 in
2730 1022 2853 1083 hac

563 1125 818 1212 reqione
864 1125 1058 1210 quasi
1108 1136 1420 1189 naturam
1455 1126 1734 1211 patriae
1778 1135 2037 1188 uestrae
2076 1126 2151 1187 in
2195 1124 2423 1187 multis
2476 1125 2851 1212 inpuqnare

563 1229 909 1293 conamini.
967 1250 1114 1315 ergo
1147 1230 1220 1293 in
1267 1230 1530 1316 quantis
1577 1232 1745 1295 idem
1778 1236 1877 1295 est
1923 1232 2089 1312 quod
2134 1230 2207 1292 in
2238 1252 2433 1314 quam
2470 1228 2715 1293 multis.
2768 1267 2849 1277 —

563 1336 646 1416 H,
679 1333 740 1416 8,
771 1334 813 1397 2
859 1356 1000 1397 cum
1033 1334 1271 1420 Moysi,
1307 1333 1753 1420 patriarchis,
1792 1334 2137 1420 prophetis
2184 1339 2256 1399 ut
2287 1335 2395 1415 VI,
2427 1334 2489 1416 3,
2527 1335 2558 1396 1
2597 1333 2849 1413 bonum,

561 1437 828 1516 mlum,
873 1437 1172 1501 medium..
1230 1476 1314 1485 —-
1360 1439 1445 1520 H,
1479 1438 1537 1503 9.
1588 1438 1755 1501 satis
1796 1437 2177 1522 abundeque
2223 1439 2413 1503 etiam
2460 1440 2616 1503 Inst.
2651 1440 2847 1522 praef.

560 1544 617 1626 ᾗ.
660 1543 700 1606 3
757 1549 820 1609 et
865 1544 1186 1624 Oon1.X1,
1226 1542 1270 1606 5
1313 1543 1562 1627 legitur.
1642 1579 1728 1589 -—
1774 1544 1858 1623 ΙΙ,
1905 1542 2005 1623 13,
2051 1542 2133 1606 10
2188 1563 2379 1628 opere
2432 1564 2510 1605 ac
2563 1542 2851 1605 uirtute:

564 1650 643 1713 cf.
678 1649 872 1713 etiam
931 1649 1070 1729 XX,
1105 1646 1164 1729 7,
1207 1646 1248 1711 2
1301 1648 1560 1710 uirtute
1620 1646 1829 1710 animi
1888 1657 2079 1732 atque
2141 1668 2331 1732 opere
2383 1646 2849 1731 proclamas-it.

561 1755 718 1818 Inst.
751 1754 896 1834 XII,
934 1752 1014 1816 13
1061 1774 1131 1816 re
1185 1762 1244 1815 et
1309 1773 1500 1836 opere
1559 1774 1636 1815 ac
1696 1752 1949 1815 uirtute
1995 1751 2302 1837 spiritus.
2378 1789 2464 1797 —
2510 1753 2594 1832 Π,
2630 1750 2730 1833 13,
2768 1752 2849 1815 12

559 1878 720 1942 qua:
781 1858 858 1922 cf.
908 1858 1044 1922 Ind.
1095 1857 1212 1921 sub
1269 1857 1540 1922 'relatiui
1584 1857 1973 1942 pronominis
2023 1858 2354 1921 attracti0.‘
2438 1894 2511 1903 —-
2558 1856 2677 1938 ΙΠ,
2711 1854 2773 1938 8,
2810 1857 2842 1919 1

553 1962 880 2047 propriae
919 1970 1179 2024 nostrae
1209 1970 1395 2023 sunt:
1440 1962 1519 2025 cf.
1553 1962 1747 2025 ctiam
1778 1962 1895 2041 HI,
1928 1958 1967 2023 8
2000 1962 2098 2026 tit.
2134 1959 2210 2023 de
2232 1960 2543 2046 propriis
2578 1960 2847 2024 diuitiis

560 2072 624 2132 et
668 2066 728 2148 9,
761 2065 802 2130 2
847 2066 1175 2152 propriae
1222 2064 1509 2129 diuitiae
1555 2066 1768 2149 (Pron.
1807 2066 1905 2146 13,
1940 2063 2025 2149 8).
2104 2102 2191 2112 —-
2234 2066 2353 2146 HI,
2392 2065 2491 2146 10,
2524 2064 2567 2129 2
2610 2065 2850 2129 inuisi-

561 2169 808 2233 bilibus
855 2172 1020 2253 quod
1064 2171 1415 2254 recepimus
1461 2190 1685 2234 uerum
1724 2190 1862 2235 esse
1908 2189 2053 2235 cum
2100 2173 2269 2235 totus
2314 2174 2494 2235 tenor
2539 2172 2639 2251 ἐξ.
2678 2169 2848 2233 1--3

559 2276 740 2339 docet
771 2280 908 2340 tum
941 2276 1058 2357 ΠΙ,
1091 2274 1152 2355 6,
1190 2274 1219 2336 1
1255 2274 1542 2337 secunda
1578 2273 2130 2360 (abrenuntiatio)
2166 2295 2297 2359 qua
2326 2295 2531 2337 mores
2562 2296 2640 2337 ac
2668 2274 2849 2337 uitia

559 2378 950 2465 affectusque
986 2378 1313 2464 pristinos
1379 2378 1592 2441 animi
1646 2379 1991 2464 carnisque
2046 2378 2420 2464 respuimus
2468 2383 2531 2443 et
2576 2377 2637 2459 8,
2674 2378 2705 2441 1
2741 2377 2848 2463 fe-

557 2482 808 2547 stinare
865 2481 1180 2561 debemus,
1241 2494 1316 2546 ut
1362 2482 1645 2547 interior
1697 2505 1942 2569 quoque
2000 2493 2217 2546 noster
2276 2484 2456 2546 homo
2519 2482 2848 2546 uitiorum

557 2610 828 2652 suorum
859 2587 1143 2652 diuitias
1175 2587 1442 2652 abiciat.
1489 2627 1574 2636 -——
1616 2590 1767 2670 IIII,
1806 2588 1879 2651 11
1918 2590 2012 2653 tit..
2062 2587 2320 2651 carnis:
2364 2590 2440 2653 cf.
2478 2608 2610 2672 cap.
2651 2589 2751 2670 11,
2789 2590 2843 2654 1.

554 2731 640 2739 -
693 2694 845 2775 IIII,
886 2692 926 2755 2
983 2692 1136 2778 ipsa
1187 2713 1465 2779 quoque:
1524 2695 1604 2758 cf.
1646 2695 1732 2774 II,
1772 2693 1834 2774 2,
1869 2693 1909 2756 3
1964 2691 2339 2770 secedentes,
2393 2693 2849 2778 priuationem

556 2819 803 2883 quoque
837 2846 848 2859 .
880 2845 894 2860 .
924 2845 938 2858 .
965 2806 1290 2860 sectantes.
1339 2798 1458 2878 HI,
1487 2798 1589 2878 15,
1621 2798 1652 2859 1
1689 2795 2088 2860 intellectum
2111 2795 2512 2883 possidebat,
2544 2796 2851 2861 notitiam

558 2924 802 2990 quoque
847 2901 1308 2964 mandatorum
1355 2901 1480 2965 dei.
1537 2895 1719 2987 plura
1764 2904 2049 2986 exempla
2094 2904 2159 2967 in
2206 2903 2409 2967 indice
2456 2904 2843 2988 collegimus·

559 3045 646 3053 —-
703 3008 855 3087 IIII,
901 3005 1001 3088 19,
1055 3007 1086 3068 1
1151 3005 1540 3070 carnalibus
1615 3005 1676 3069 V
1726 3013 1911 3088 recte,
1975 3009 2124 3089 quia
2182 3009 2246 3071 in
2306 3009 2440 3072 loco
2504 3007 2847 3091 scripturae

559 3113 842 3195 sequitur
907 3113 1169 3196 pluralis
1231 3131 1530 3176 numerus
1601 3113 1753 3174 estis
1814 3109 2133 3174 carnales.
2222 3112 2515 3176 similiter
2581 3131 2712 3196 cap.
2767 3112 2848 3176 10

556 3218 833 3299 loquitur
863 3217 1232 3281 Cassianus:
1281 3236 1766 3300 nonnumquam
1795 3215 2121 3302 siqnificat
2153 3215 2471 3278 hominem
2500 3215 2846 3302 inteqrum,

561 3368 574 3383 .
603 3367 617 3383 .
646 3367 661 3383 .
684 3341 1168 3404 nonnumquam
1191 3319 1473 3383 homines
1495 3329 1866 3406 peccatores
1898 3330 2088 3404 atque
2119 3319 2441 3382 carnales.
2474 3358 2559 3368 -—
2590 3321 2667 3402 V,
2689 3321 2791 3402 11,
2810 3321 2846 3384 7

557 3424 729 3510 quod
765 3445 896 3488 non
925 3434 1000 3487 ut
1033 3423 1162 3486 illa
1193 3424 1508 3511 efferuens
1538 3424 1633 3487 ad
1662 3425 1893 3486 Ito-ram
1923 3423 2272 3511 diglat-itur,
2319 3426 2383 3489 id
2415 3429 2539 3490 est:
2586 3427 2847 3491 tertium

557 3549 758 3614 genus
805 3531 972 3611 quod
1017 3534 1115 3594 est
1162 3536 1323 3606 μῆνις
1370 3549 1494 3595 non
1539 3535 1613 3594 ut
1658 3530 1769 3594 illa
1812 3531 2038 3613 priora,
2094 3533 2265 3606 θυμὸς
2312 3535 2375 3594 et
2420 3533 2577 3612 ὀργή,
2636 3531 2848 3596 subito

559 3634 818 3698 efferuet
862 3635 1110 3717 citoque
1155 3635 1476 3718 digeritur.
1549 3635 1625 3698 de
1672 3634 1864 3699 uerbo
1928 3631 2241 3718 efferuere
2287 3636 2365 3698 cf.
2400 3635 2558 3698 Inst.
2595 3635 2772 3716 VIII,
2806 3635 2847 3700 6

562 3737 958 3801 iracundiae
1017 3748 1226 3800 motus
1289 3736 1627 3823 efferuens.
1688 3775 1770 3784 --
1829 3739 1937 3818 VI,
1984 3739 2040 3819 1,
2086 3737 2117 3800 1
2184 3737 2456 3802 Thecue:
2518 3739 2596 3804 cf.
2648 3739 2847 3805 Amos

563 3841 620 3922 1,
657 3842 690 3904 1
727 3845 793 3902 ἐκ
823 3843 1057 3923 Θεκουὲ,
1091 3843 1211 3907 IoS.
1249 3843 1486 3925 antiqu,
1515 3843 1692 3922 VIII,
1729 3841 1831 3922 10,
1862 3842 1893 3903 1
1929 3843 2148 3923 Θεκωὲ,
2182 3842 2461 3927 Uulgata
2488 3843 2687 3908 Amos
2723 3844 2781 3925 1,
2810 3844 2841 3906 1

559 3945 637 4008 de
679 3945 943 4010 Thecue.
976 3985 1060 3992 —
1095 3947 1237 4028 VII,
1275 3945 1374 4027 19,
1406 3946 1448 4009 2
1479 3967 1738 4010 emerere
1769 3946 2307 4032 inpuqnationes:
2346 3949 2426 4012 cf.
2460 3947 2636 4029 VIII,
2672 3947 2775 4028 14,
2812 3948 2843 4011 1

559 4060 829 4113 exerant
879 4050 1332 4137 principatus.
1397 4089 1482 4097 —-
1543 4051 1720 4133 VIII,
1768 4049 1829 4131 3,
1870 4051 1911 4114 3
1956 4050 2303 4114 sanitatem
2360 4049 2421 4113 V
2454 4057 2658 4118 recte:
2720 4072 2848 4119 non

559 4155 727 4220 enim
791 4156 997 4240 agitur
1059 4156 1133 4219 de
1195 4156 1330 4220 sola
1390 4157 1743 4237 saturitate,
1808 4157 1916 4220 sed
1976 4157 2051 4220 de
2098 4155 2257 4221 cibis
2322 4155 2679 4220 salubribus
2740 4158 2849 4239 qui

557 4262 822 4342 pascant
867 4277 940 4323 ac
985 4259 1286 4324 nutriant.
1337 4260 1414 4323 cf.
1451 4263 1508 4340 ξ.
1541 4260 1586 4323 4
1631 4259 1723 4322 ad
1766 4257 2132 4323 salutarem
2176 4258 2519 4323 interioris
2568 4260 2851 4324 hominis

557 4361 790 4425 cibum.
837 4401 924 4408 —
971 4363 1147 4444 VIH,
1178 4362 1283 4442 21,
1319 4361 1352 4425 7
1379 4363 2037 4449 praestrinqendum:
2068 4367 2146 4430 cf.
2182 4364 2393 4446 VIIH,
2430 4363 2483 4429 1.
2518 4365 2660 4447 XX,
2698 4366 2756 4448 1,
2792 4367 2851 4432 1.
