3167 4975
291 1607 346 1645 10

292 2129 342 2168 15

289 2654 344 2693 20

1144 460 1306 516 Inst.
1343 461 1454 516 lib.
1493 462 1558 526 X,
1597 465 1821 519 22—25.
1858 463 1951 518 XI.
2562 463 2687 526 193

401 658 440 704 a
483 643 684 704 semet
731 639 864 722 ipso
909 639 1140 723 iugiter
1186 638 1492 724 exigebat.
1572 658 1841 722 eumque
1888 657 2071 723 opere
2116 639 2309 704 totius
2370 641 2519 705 anni
2579 657 2690 704 an-

399 748 568 808 trum
617 745 746 808 eius
793 743 1018 808 fuisset
1061 745 1414 827 impletum,
1470 744 1533 808 id
1579 745 1744 826 quod
1791 744 2057 810 sollicita
2102 761 2251 808 cura
2293 743 2689 810 laborauerat

401 849 582 912 annis
629 849 894 933 singulis
943 849 1087 933 igne
1134 849 1456 932 subposito
1502 848 1963 930 concremabat,
2008 849 2075 914 in
2122 852 2371 914 tantum
2415 848 2687 932 probans

401 953 535 1018 sine
581 972 766 1036 opere
811 971 1115 1018 manuum
1170 971 1284 1018 nec
1343 955 1411 1019 in
1469 953 1605 1018 1000
1666 972 1851 1036 posse
1912 953 2291 1018 monachum
2352 954 2688 1036 perdurare

400 1077 514 1122 nec
561 1059 638 1122 ad
684 1058 1080 1141 perfectionis
1127 1059 1377 1124 culmen
1409 1058 1745 1141 aliquando
1778 1058 2211 1138 conscendere,
2259 1062 2349 1138 ut,
2396 1076 2541 1122 011111
2572 1058 2689 1122 1100

398 1163 535 1227 fieri
580 1181 978 1245 nequaquam
1025 1164 1365 1228 necessitas
1415 1164 1620 1228 uictus
1664 1163 1959 1247 exigeret,
2004 1181 2117 1246 pro
2156 1163 2289 1228 sola
2318 1163 2688 1246 purgatione

399 1269 601 1332 cordis
663 1271 726 1332 et
785 1269 1236 1352 cogitationum
1295 1268 1613 1332 soliditate
1674 1286 1746 1332 ac
1803 1267 2277 1351 perseuerantia
2332 1267 2525 1331 cellae
2586 1268 2687 1331 uel

400 1373 650 1438 acediae
695 1373 890 1456 ipsius
936 1373 1201 1437 uictoria
1247 1376 1310 1436 et
1352 1373 1814 1456 expugnatione
1858 1372 2205 1453 perficeret.

485 1477 682 1543 XXV.
748 1477 906 1543 Cum
967 1478 1274 1561 incipiens
1335 1479 1398 1542 in
1461 1478 1717 1542 heremo
1777 1476 2149 1541 commorari
2209 1475 2424 1540 abbati
2484 1475 2690 1560 Moysi

401 1583 684 1648 omnium
739 1587 1099 1648 sanctorum
1161 1600 1410 1647 summo
1467 1581 1763 1646 dixissem
1825 1599 1927 1644 1110
1988 1581 2379 1665 aegritudine
2440 1581 2690 1645 acediae

399 1688 695 1751 hesterno
741 1687 838 1751 die
883 1687 1258 1771 grauissime
1303 1687 1498 1750 fuisse
1545 1685 1901 1750 confectum
1962 1703 2081 1750 nec
2142 1683 2219 1749 ab
2283 1703 2357 1748 ea
2409 1686 2689 1768 potuisse

400 1793 556 1857 alias
601 1791 877 1873 liberari,
939 1792 1061 1856 nisi
1123 1792 1201 1855 ad
1263 1791 1560 1856 abbatem
1606 1791 1877 1855 Paulum
1922 1790 2205 1874 protinus
2252 1790 2689 1869 cucurrissem,

397 1897 534 1962 ille:
595 1915 722 1962 non
767 1900 851 1977 te,
913 1897 1023 1976 ait,
1085 1894 1162 1960 ab
1221 1915 1296 1960 ea
1338 1895 1644 1976 liberasti,
1706 1895 1815 1958 sed
1862 1895 2064 1978 magis
2113 1896 2169 1958 01
2214 1897 2277 1958 te
2324 1893 2690 1959 dediticium

400 2021 472 2068 ac
534 2000 858 2066 subditum
919 1999 1284 2084 praebuisti.
1375 2000 1633 2084 grauius
1696 2001 1863 2064 enim
1924 2003 1997 2064 ut
2053 2000 2431 2063 desertorem
2495 2003 2557 2063 te
2620 2017 2691 2062 ac

399 2107 739 2191 fugitiuum
786 2106 1078 2188 deinceps
1126 2105 1522 2170 aduersarius
1569 2103 1967 2188 inpugnabit,
2028 2123 2217 2186 quern
2280 2103 2355 2166 de
2401 2102 2688 2168 conflictu

401 2216 767 2294 superatum
798 2211 1082 2294 protinus
1116 2209 1436 2293 aufugisse
1469 2211 1809 2291 conspexit,
1854 2208 1975 2272 nisi
2007 2209 2083 2272 de
2114 2211 2321 2272 cetero
2353 2209 2692 2273 commissa

399 2316 840 2400 congressione
885 2333 1010 2380 non
1042 2315 1391 2378 desertione
1439 2315 1633 2378 cellae
1664 2315 1767 2378 uel
1801 2313 2005 2378 somni
2045 2316 2291 2395 torpore
2323 2313 2689 2396 ingruentes

401 2425 614 2486 aestus
663 2420 796 2484 eius
845 2420 924 2484 ad
966 2419 1188 2484 horam
1221 2437 1558 2503 euaporare
1594 2418 1910 2500 malueriS,
1960 2418 2069 2482 sed
2100 2417 2437 2482 tolerantia
2478 2418 2688 2500 potius

401 2530 466 2591 et
509 2525 800 2590 conflictu
847 2526 1135 2589 didiceris
1181 2524 1594 2607 triumphare.
1674 2523 1836 2587 unde
1885 2522 2307 2607 experimento
2354 2522 2689 2605 probatum

402 2635 500 2696 est
537 2631 789 2695 acediae
820 2631 1340 2714 inpugnationem
1372 2647 1496 2694 nen
1544 2628 1913 2693 declinando
1960 2627 2346 2712 fugiendam,
2394 2627 2504 2692 sed
2534 2628 2689 2692 resi-

400 2738 622 2803 stendo
668 2736 1102 2819 superandam.

1082 2940 1368 3025 LIBER
1421 2939 2000 3024 UNDEOIMUS.

925 3064 1054 3129 DE
1102 3064 1485 3131 SPIRITU
1530 3060 2211 3129 GENODOX1AE.·

1320 3188 1774 3240 CAPITULA.

486 3295 536 3358 Ι.
585 3293 762 3375 Quod
809 3292 1152 3376 septimum
1199 3296 1518 3357 certamen
1565 3291 1867 3355 aduersus
1915 3289 2319 3355 cenodoxiam
2365 3290 2468 3370 sit,
2516 3292 2579 3353 et
2616 3288 2690 3351 de

401 3403 627 3463 natura
673 3398 824 3463 eius.

487 3558 520 3610 8
558 3553 788 3607 accidiae
815 3554 882 3609 ΙΙ
947 3552 1147 3606 acidiae
1173 3554 1226 3607 L
1335 3552 1523 3621 ipsius]
1561 3552 1730 3621 ipsius
1769 3551 2031 3605 doemone*
2066 3552 2117 3606 G
2188 3550 2441 3604 uictoriae
2479 3550 2532 3603 L
2639 3554 2693 3602 et

399 3624 707 3711 plargatione
741 3642 819 3710 H,
857 3658 958 3697 om.
997 3642 1050 3695 L
1157 3643 1190 3695 o
1227 3640 1444 3693 xxlm
1481 3641 1558 3708 H,
1598 3658 1697 3695 om.
1743 3640 1793 3695 G
1900 3638 2033 3692 mosi
2076 3640 2147 3694 G'
2259 3640 2324 3693 10
2361 3636 2592 3690 accidiae
2631 3636 2698 3690 H

401 3729 602 3783 acidiae
639 3730 690 3784 L
835 3730 894 3785 11
948 3732 1160 3781 externo
1207 3728 1260 3781 L
1404 3730 1468 3783 13
1507 3742 1614 3779 non
1652 3725 1727 3796 te]
1766 3730 1918 3779 nocte
1956 3727 2031 3780 L¹
2164 3724 2335 3793 magis
2382 3739 2503 3777 eum
2552 3722 2690 3775 didi-

401 3818 543 3870 cium
581 3818 648 3871 H
751 3820 802 3870 to
840 3834 940 3872 om.
980 3817 1033 3870 L
1144 3818 1207 3871 15
1244 3814 1567 3884 inpugnauit
1604 3815 1679 3868 L¹
1806 3815 2090 3881 conspectu
2134 3814 2205 3868 G¹
2318 3813 2383 3866 16
2421 3808 2689 3878 conspexi-

401 3920 522 3957 mus
559 3905 635 3958 L¹
779 3906 842 3959 17
881 3902 1288 3971 congregatione
1328 3903 1381 3956 L
1523 3902 1933 3969 incongruentes
1970 3901 2023 3954 L
2169 3901 2233 3953 18
2270 3896 2577 3951 tollerantia
2617 3898 2690 3951 G¹

402 3994 468 4047 19
505 3990 583 4059 et]
621 3989 713 4043 sed
750 3991 803 4044 L
945 3988 1086 4043 unde
1124 4008 1224 4045 om.
1253 3990 1306 4043 L
1413 3988 1781 4057 experimentii
1804 3988 1879 4041 L¹
1986 3988 2055 4041 20
2092 3984 2321 4039 accidiae
2360 3985 2429 4038 H
2492 3982 2692 4036 acidiae

401 4076 544 4145 unde
591 4079 644 4132 L
759 4076 1054 4145 fugandam
1092 4078 1160 4131 H
1265 4080 1326 4131 21
1371 4075 1742 4144 superanda-m.
1814 4073 2045 4142 Explicit
2082 4073 2145 4125 de
2184 4070 2281 4141 sp‘u
2320 4069 2528 4125 acediae
2566 4068 2691 4137 (aci-

401 4164 522 4218 diae
546 4166 620 4233 L)
656 4148 792 4217 liber
825 4164 937 4217 ·X·
973 4166 1078 4219 GL
1186 4163 1386 4233 Incipit
1422 4162 1486 4216 de
1525 4163 1625 4232 spu
1664 4160 2010 4215 caenodoxiae
2046 4160 2180 4214 liber
2216 4158 2309 4212 XI.
2416 4156 2694 4226 Incipiunt

402 4252 550 4306 tituli
589 4251 824 4305 eiusdem
863 4250 988 4304 libri
1025 4252 1108 4305 L.-
1144 4269 1244 4306 om.
1290 4253 1340 4306 G
1433 4249 1667 4319 Explicit
1701 4247 1837 4302 liber
1875 4248 1940 4301 de
1977 4248 2077 4317 spu
2116 4245 2362 4300 accidiae.
2418 4244 2559 4299 Item
2595 4240 2695 4312 cap

402 4339 468 4393 de
503 4338 642 4393 libro
678 4338 771 4391 XI·
845 4337 1046 4406 Incipit
1082 4337 1146 4391 de
1183 4340 1282 4407 spu
1321 4336 1554 4391 cenodox
1592 4338 1745 4403 (3101)
1780 4335 1918 4389 111101·
1954 4334 2031 4389 xl
2068 4336 2137 4389 H

491 4430 558 4484 25
595 4424 879 4481 cenodoxia
915 4427 968 4481 L
