<?xml version="1.0" encoding="UTF-8"?>
<!DOCTYPE html PUBLIC "-//W3C//DTD XHTML 1.0 Transitional//EN"
    "http://www.w3.org/TR/xhtml1/DTD/xhtml1-transitional.dtd">
<html xmlns="http://www.w3.org/1999/xhtml" xml:lang="en" lang="en">
 <head>
  <title>
</title>
<meta http-equiv="Content-Type" content="text/html;charset=utf-8" />
  <meta name='ocr-system' content='tesseract 3.04.00' />
  <meta name='ocr-capabilities' content='ocr_page ocr_carea ocr_par ocr_line ocrx_word'/>
</head>
<body>
  <div class='ocr_page' id='page_1' title='image "./corpusscriptoru28wissgoog_0362.png"; bbox 0 0 3167 4975; ppageno 0'>
   <div class='ocr_carea' id='block_1_1' title="bbox 545 428 2013 494">
    <p class='ocr_par' dir='ltr' id='par_1_1' title="bbox 545 428 2013 494">
     <span class='ocr_line' id='line_1_1' title="bbox 545 428 2013 494; baseline -0.007 0"><span class='ocrx_word' id='word_1_1' title='bbox 545 429 673 494; x_wconf 83' lang='grc'><strong>230</strong></span> <span class='ocrx_word' id='word_1_2' title='bbox 1349 429 1665 484; x_wconf 83' lang='lat' dir='ltr'>Iohannis</span> <span class='ocrx_word' id='word_1_3' title='bbox 1712 428 2013 484; x_wconf 85' lang='lat' dir='ltr'><strong>Cassiani</strong></span> 
     </span>
    </p>
   </div>
   <div class='ocr_carea' id='block_1_2' title="bbox 542 605 2851 3622">
    <p class='ocr_par' dir='ltr' id='par_1_2' title="bbox 542 605 2851 3622">
     <span class='ocr_line' id='line_1_2' title="bbox 546 605 2835 688; baseline -0 -17"><span class='ocrx_word' id='word_1_4' title='bbox 546 627 766 671; x_wconf 88' lang='lat' dir='ltr'><strong>uerum</strong></span> <span class='ocrx_word' id='word_1_5' title='bbox 813 607 1023 688; x_wconf 85' lang='lat' dir='ltr'><strong>etiam,</strong></span> <span class='ocrx_word' id='word_1_6' title='bbox 1085 606 1138 670; x_wconf 87' lang='lat' dir='ltr'><strong>si</strong></span> <span class='ocrx_word' id='word_1_7' title='bbox 1199 607 1344 688; x_wconf 89' lang='lat' dir='ltr'><strong>quid</strong></span> <span class='ocrx_word' id='word_1_8' title='bbox 1403 607 1657 670; x_wconf 88' lang='lat' dir='ltr'><strong>uirtutis</strong></span> <span class='ocrx_word' id='word_1_9' title='bbox 1710 605 1945 670; x_wconf 90' lang='lat' dir='ltr'><strong>habere</strong></span> <span class='ocrx_word' id='word_1_10' title='bbox 1989 605 2296 687; x_wconf 90' lang='lat' dir='ltr'><strong>uideatur,</strong></span> <span class='ocrx_word' id='word_1_11' title='bbox 2355 606 2543 670; x_wconf 90' lang='lat' dir='ltr'><strong>huius</strong></span> <span class='ocrx_word' id='word_1_12' title='bbox 2588 625 2835 670; x_wconf 87' lang='lat' dir='ltr'><strong>ueneno</strong></span> 
     </span>
     <span class='ocr_line' id='line_1_3' title="bbox 544 711 2835 794; baseline -0.001 -18"><span class='ocrx_word' id='word_1_13' title='bbox 544 713 856 794; x_wconf 79' lang='lat' dir='ltr'>depereat.</span> <span class='ocrx_word' id='word_1_14' title='bbox 934 713 1106 778; x_wconf 92' lang='lat' dir='ltr'><strong>nullo</strong></span> <span class='ocrx_word' id='word_1_15' title='bbox 1153 711 1321 775; x_wconf 89' lang='lat' dir='ltr'><strong>enim</strong></span> <span class='ocrx_word' id='word_1_16' title='bbox 1369 711 1552 775; x_wconf 90' lang='lat' dir='ltr'><strong>modo</strong></span> <span class='ocrx_word' id='word_1_17' title='bbox 1596 711 1826 793; x_wconf 89' lang='lat' dir='ltr'><strong>poterit</strong></span> <span class='ocrx_word' id='word_1_18' title='bbox 1868 711 1932 774; x_wconf 88' lang='lat' dir='ltr'><strong>in</strong></span> <span class='ocrx_word' id='word_1_19' title='bbox 1980 711 2193 774; x_wconf 87' lang='lat' dir='ltr'><strong>anima</strong></span> <span class='ocrx_word' id='word_1_20' title='bbox 2252 711 2467 774; x_wconf 85' lang='lat' dir='ltr'><strong>nostra</strong></span> <span class='ocrx_word' id='word_1_21' title='bbox 2526 712 2835 775; x_wconf 88' lang='lat' dir='ltr'><strong>uirtutum</strong></span> 
     </span>
     <span class='ocr_line' id='line_1_4' title="bbox 547 814 2837 900; baseline 0 -20"><span class='ocrx_word' id='word_1_22' title='bbox 547 821 861 882; x_wconf 82' lang='lat' dir='ltr'><strong>structura</strong></span> <span class='ocrx_word' id='word_1_23' title='bbox 906 835 1298 900; x_wconf 77' lang='lat' dir='ltr'>consurgere,</span> <span class='ocrx_word' id='word_1_24' title='bbox 1359 817 1480 880; x_wconf 89' lang='lat' dir='ltr'><strong>nisi</strong></span> <span class='ocrx_word' id='word_1_25' title='bbox 1523 817 1696 898; x_wconf 85' lang='lat' dir='ltr'><strong>prius</strong></span> <span class='ocrx_word' id='word_1_26' title='bbox 1742 816 1904 880; x_wconf 87' lang='lat' dir='ltr'><strong>iacta</strong></span> <span class='ocrx_word' id='word_1_27' title='bbox 1948 814 2185 879; x_wconf 87' lang='lat' dir='ltr'><strong>fuerint</strong></span> <span class='ocrx_word' id='word_1_28' title='bbox 2228 833 2416 880; x_wconf 88' lang='lat' dir='ltr'><strong>uerae</strong></span> <span class='ocrx_word' id='word_1_29' title='bbox 2462 817 2837 880; x_wconf 89' lang='lat' dir='ltr'><strong>humilitatis</strong></span> 
     </span>
     <span class='ocr_line' id='line_1_5' title="bbox 542 919 2836 1004; baseline -0.001 -17"><span class='ocrx_word' id='word_1_30' title='bbox 542 924 608 987; x_wconf 91' lang='lat' dir='ltr'><strong>in</strong></span> <span class='ocrx_word' id='word_1_31' title='bbox 633 925 842 986; x_wconf 88' lang='lat' dir='ltr'><strong>nostro</strong></span> <span class='ocrx_word' id='word_1_32' title='bbox 874 921 1056 986; x_wconf 88' lang='lat' dir='ltr'><strong>corde</strong></span> <span class='ocrx_word' id='word_1_33' title='bbox 1086 921 1472 1001; x_wconf 80' lang='lat' dir='ltr'><strong>fundamina,</strong></span> <span class='ocrx_word' id='word_1_34' title='bbox 1507 939 1665 1002; x_wconf 85' lang='lat' dir='ltr'><strong>quae</strong></span> <span class='ocrx_word' id='word_1_35' title='bbox 1695 919 2057 984; x_wconf 89' lang='lat' dir='ltr'><strong>firmissime</strong></span> <span class='ocrx_word' id='word_1_36' title='bbox 2091 921 2411 985; x_wconf 89' lang='lat' dir='ltr'><strong>conlocata</strong></span> <span class='ocrx_word' id='word_1_37' title='bbox 2440 921 2836 1004; x_wconf 88' lang='lat' dir='ltr'><strong>perfectionis</strong></span> 
     </span>
     <span class='ocr_line' id='line_1_6' title="bbox 545 1023 2838 1108; baseline -0 -18"><span class='ocrx_word' id='word_1_38' title='bbox 545 1032 609 1092; x_wconf 88' lang='lat' dir='ltr'><strong>et</strong></span> <span class='ocrx_word' id='word_1_39' title='bbox 655 1027 930 1090; x_wconf 86' lang='lat' dir='ltr'><strong>caritatis</strong></span> <span class='ocrx_word' id='word_1_40' title='bbox 978 1026 1228 1090; x_wconf 89' lang='lat' dir='ltr'><strong>culmen</strong></span> <span class='ocrx_word' id='word_1_41' title='bbox 1274 1023 1528 1090; x_wconf 87' lang='lat' dir='ltr'><strong>ualeant</strong></span> <span class='ocrx_word' id='word_1_42' title='bbox 1574 1025 1910 1106; x_wconf 87' lang='lat' dir='ltr'><strong>sustinere,</strong></span> <span class='ocrx_word' id='word_1_43' title='bbox 1955 1027 2043 1089; x_wconf 88' lang='lat' dir='ltr'><strong>ita</strong></span> <span class='ocrx_word' id='word_1_44' title='bbox 2089 1026 2342 1106; x_wconf 90' lang='lat' dir='ltr'><strong>scilicet,</strong></span> <span class='ocrx_word' id='word_1_45' title='bbox 2406 1028 2480 1089; x_wconf 91' lang='lat' dir='ltr'><strong>ut</strong></span> <span class='ocrx_word' id='word_1_46' title='bbox 2538 1025 2838 1108; x_wconf 88' lang='lat' dir='ltr'><strong>quemad-</strong></span> 
     </span>
     <span class='ocr_line' id='line_1_7' title="bbox 544 1129 2840 1212; baseline -0.001 -16"><span class='ocrx_word' id='word_1_47' title='bbox 544 1132 800 1196; x_wconf 86' lang='lat' dir='ltr'><strong>modum</strong></span> <span class='ocrx_word' id='word_1_48' title='bbox 862 1131 1128 1196; x_wconf 81' lang='lat' dir='ltr'><strong>diximus</strong></span> <span class='ocrx_word' id='word_1_49' title='bbox 1187 1133 1464 1212; x_wconf 90' lang='lat' dir='ltr'><strong>primum</strong></span> <span class='ocrx_word' id='word_1_50' title='bbox 1521 1129 1821 1194; x_wconf 82' lang='lat' dir='ltr'><strong>fratribus</strong></span> <span class='ocrx_word' id='word_1_51' title='bbox 1876 1131 2103 1194; x_wconf 89' lang='lat' dir='ltr'><strong>nostris</strong></span> <span class='ocrx_word' id='word_1_52' title='bbox 2148 1129 2575 1194; x_wconf 78' lang='lat' dir='ltr'><strong>humilitatem</strong></span> <span class='ocrx_word' id='word_1_53' title='bbox 2621 1149 2840 1194; x_wconf 85' lang='lat' dir='ltr'><strong>ueram</strong></span> 
     </span>
     <span class='ocr_line' id='line_1_8' title="bbox 544 1235 2840 1317; baseline -0.001 -17"><span class='ocrx_word' id='word_1_54' title='bbox 544 1237 765 1300; x_wconf 87' lang='lat' dir='ltr'><strong>intimo</strong></span> <span class='ocrx_word' id='word_1_55' title='bbox 813 1236 1010 1300; x_wconf 91' lang='lat' dir='ltr'><strong>cordis</strong></span> <span class='ocrx_word' id='word_1_56' title='bbox 1058 1235 1461 1300; x_wconf 81' lang='lat' dir='ltr'><strong>exhibeamus</strong></span> <span class='ocrx_word' id='word_1_57' title='bbox 1505 1236 1755 1316; x_wconf 87' lang='lat' dir='ltr'><strong>affectu,</strong></span> <span class='ocrx_word' id='word_1_58' title='bbox 1802 1235 1866 1299; x_wconf 91' lang='lat' dir='ltr'><strong>in</strong></span> <span class='ocrx_word' id='word_1_59' title='bbox 1899 1235 2071 1299; x_wconf 82' lang='lat' dir='ltr'><strong>nullo</strong></span> <span class='ocrx_word' id='word_1_60' title='bbox 2104 1235 2337 1299; x_wconf 89' lang='lat' dir='ltr'><strong>scilicet</strong></span> <span class='ocrx_word' id='word_1_61' title='bbox 2368 1235 2840 1317; x_wconf 83' lang='lat' dir='ltr'><strong>adquiescentes</strong></span> 
     </span>
     <span class='ocr_line' id='line_1_9' title="bbox 549 1339 2839 1422; baseline -0.001 -17"><span class='ocrx_word' id='word_1_62' title='bbox 549 1361 652 1406; x_wconf 85' lang='lat' dir='ltr'><strong>eos</strong></span> <span class='ocrx_word' id='word_1_63' title='bbox 700 1343 1066 1405; x_wconf 79' lang='lat' dir='ltr'><strong>contristare</strong></span> <span class='ocrx_word' id='word_1_64' title='bbox 1099 1341 1200 1403; x_wconf 90' lang='lat' dir='ltr'><strong>uel</strong></span> <span class='ocrx_word' id='word_1_65' title='bbox 1244 1339 1508 1404; x_wconf 89' lang='lat' dir='ltr'><strong>laedere.</strong></span> <span class='ocrx_word' id='word_1_66' title='bbox 1580 1340 1744 1421; x_wconf 89' lang='lat' dir='ltr'><strong>quod</strong></span> <span class='ocrx_word' id='word_1_67' title='bbox 1790 1341 2149 1404; x_wconf 87' lang='lat' dir='ltr'><strong>nullatenus</strong></span> <span class='ocrx_word' id='word_1_68' title='bbox 2181 1340 2525 1421; x_wconf 87' lang='lat' dir='ltr'><strong>poterimus</strong></span> <span class='ocrx_word' id='word_1_69' title='bbox 2558 1340 2839 1422; x_wconf 89' lang='lat' dir='ltr'><strong>implere,</strong></span> 
     </span>
     <span class='ocr_line' id='line_1_10' title="bbox 546 1445 2840 1526; baseline -0 -17"><span class='ocrx_word' id='word_1_70' title='bbox 546 1447 668 1510; x_wconf 85' lang='lat' dir='ltr'><strong>nisi</strong></span> <span class='ocrx_word' id='word_1_71' title='bbox 728 1445 1185 1509; x_wconf 87' lang='lat' dir='ltr'><strong>abrenuntiatio</strong></span> <span class='ocrx_word' id='word_1_72' title='bbox 1248 1463 1427 1525; x_wconf 88' lang='lat' dir='ltr'><strong>uera,</strong></span> <span class='ocrx_word' id='word_1_73' title='bbox 1490 1463 1649 1526; x_wconf 87' lang='lat' dir='ltr'><strong>quae</strong></span> <span class='ocrx_word' id='word_1_74' title='bbox 1708 1446 1773 1508; x_wconf 93' lang='lat' dir='ltr'><strong>in</strong></span> <span class='ocrx_word' id='word_1_75' title='bbox 1834 1445 2241 1526; x_wconf 82' lang='lat' dir='ltr'><strong>expoliatione</strong></span> <span class='ocrx_word' id='word_1_76' title='bbox 2302 1445 2585 1508; x_wconf 90' lang='lat' dir='ltr'><strong>omnium</strong></span> <span class='ocrx_word' id='word_1_77' title='bbox 2642 1445 2840 1508; x_wconf 88' lang='lat' dir='ltr'><strong>facul-</strong></span> 
     </span>
     <span class='ocr_line' id='line_1_11' title="bbox 546 1548 2841 1629; baseline -0.001 -14"><span class='ocrx_word' id='word_1_78' title='bbox 546 1554 748 1616; x_wconf 88' lang='lat' dir='ltr'><strong>tatum</strong></span> <span class='ocrx_word' id='word_1_79' title='bbox 797 1569 870 1614; x_wconf 86' lang='lat' dir='ltr'><strong>ac</strong></span> <span class='ocrx_word' id='word_1_80' title='bbox 915 1550 1194 1614; x_wconf 90' lang='lat' dir='ltr'><strong>nuditate</strong></span> <span class='ocrx_word' id='word_1_81' title='bbox 1242 1550 1544 1629; x_wconf 88' lang='lat' dir='ltr'><strong>consistit,</strong></span> <span class='ocrx_word' id='word_1_82' title='bbox 1591 1551 1656 1612; x_wconf 91' lang='lat' dir='ltr'><strong>in</strong></span> <span class='ocrx_word' id='word_1_83' title='bbox 1702 1549 1882 1613; x_wconf 89' lang='lat' dir='ltr'><strong>nobis</strong></span> <span class='ocrx_word' id='word_1_84' title='bbox 1928 1549 2115 1613; x_wconf 89' lang='lat' dir='ltr'><strong>fuerit</strong></span> <span class='ocrx_word' id='word_1_85' title='bbox 2161 1548 2393 1614; x_wconf 86' lang='lat' dir='ltr'><strong>Christi</strong></span> <span class='ocrx_word' id='word_1_86' title='bbox 2436 1567 2651 1613; x_wconf 88' lang='lat' dir='ltr'><strong>amore</strong></span> <span class='ocrx_word' id='word_1_87' title='bbox 2696 1549 2841 1612; x_wconf 84' lang='lat' dir='ltr'><strong>fun—</strong></span> 
     </span>
     <span class='ocr_line' id='line_1_12' title="bbox 549 1653 2844 1737; baseline -0 -19"><span class='ocrx_word' id='word_1_88' title='bbox 549 1657 714 1736; x_wconf 90' lang='lat' dir='ltr'><strong>data,</strong></span> <span class='ocrx_word' id='word_1_89' title='bbox 777 1655 996 1718; x_wconf 89' lang='lat' dir='ltr'><strong>deinde</strong></span> <span class='ocrx_word' id='word_1_90' title='bbox 1043 1653 1466 1718; x_wconf 84' lang='lat' dir='ltr'><strong>oboedientiae</strong></span> <span class='ocrx_word' id='word_1_91' title='bbox 1510 1654 1727 1737; x_wconf 85' lang='lat' dir='ltr'><strong>iugum</strong></span> <span class='ocrx_word' id='word_1_92' title='bbox 1776 1657 1841 1718; x_wconf 93' lang='lat' dir='ltr'><strong>et</strong></span> <span class='ocrx_word' id='word_1_93' title='bbox 1886 1653 2185 1718; x_wconf 90' lang='lat' dir='ltr'><strong>subiectio</strong></span> <span class='ocrx_word' id='word_1_94' title='bbox 2231 1654 2495 1736; x_wconf 88' lang='lat' dir='ltr'><strong>simplici</strong></span> <span class='ocrx_word' id='word_1_95' title='bbox 2540 1655 2721 1718; x_wconf 88' lang='lat' dir='ltr'><strong>corde</strong></span> <span class='ocrx_word' id='word_1_96' title='bbox 2768 1673 2844 1718; x_wconf 91' lang='lat' dir='ltr'><strong>ac</strong></span> 
     </span>
     <span class='ocr_line' id='line_1_13' title="bbox 549 1757 2841 1840; baseline -0.001 -16"><span class='ocrx_word' id='word_1_97' title='bbox 549 1763 680 1826; x_wconf 86' lang='lat' dir='ltr'><strong>sine</strong></span> <span class='ocrx_word' id='word_1_98' title='bbox 741 1760 870 1823; x_wconf 88' lang='lat' dir='ltr'><strong>ulla</strong></span> <span class='ocrx_word' id='word_1_99' title='bbox 928 1759 1115 1823; x_wconf 89' lang='lat' dir='ltr'><strong>fuerit</strong></span> <span class='ocrx_word' id='word_1_100' title='bbox 1177 1759 1572 1822; x_wconf 90' lang='lat' dir='ltr'><strong>simulatione</strong></span> <span class='ocrx_word' id='word_1_101' title='bbox 1636 1762 1951 1840; x_wconf 87' lang='lat' dir='ltr'><strong>suscepta,</strong></span> <span class='ocrx_word' id='word_1_102' title='bbox 2012 1759 2099 1822; x_wconf 90' lang='lat' dir='ltr'><strong>ita</strong></span> <span class='ocrx_word' id='word_1_103' title='bbox 2160 1761 2229 1822; x_wconf 90' lang='lat' dir='ltr'><strong>ut</strong></span> <span class='ocrx_word' id='word_1_104' title='bbox 2284 1760 2533 1840; x_wconf 87' lang='lat' dir='ltr'><strong>praeter</strong></span> <span class='ocrx_word' id='word_1_105' title='bbox 2594 1757 2841 1822; x_wconf 88' lang='lat' dir='ltr'><strong>abbatis</strong></span> 
     </span>
     <span class='ocr_line' id='line_1_14' title="bbox 547 1861 2843 1946; baseline -0.001 -17"><span class='ocrx_word' id='word_1_106' title='bbox 547 1865 917 1930; x_wconf 88' lang='lat' dir='ltr'><strong>mandatum</strong></span> <span class='ocrx_word' id='word_1_107' title='bbox 979 1863 1152 1928; x_wconf 81' lang='lat' dir='ltr'><strong>nulla</strong></span> <span class='ocrx_word' id='word_1_108' title='bbox 1207 1865 1455 1946; x_wconf 83' lang='lat' dir='ltr'><strong>penitus</strong></span> <span class='ocrx_word' id='word_1_109' title='bbox 1517 1864 1811 1927; x_wconf 86' lang='lat' dir='ltr'><strong>uoluntas</strong></span> <span class='ocrx_word' id='word_1_110' title='bbox 1873 1863 2046 1926; x_wconf 89' lang='lat' dir='ltr'><strong>uiuat</strong></span> <span class='ocrx_word' id='word_1_111' title='bbox 2079 1862 2168 1927; x_wconf 81' lang='lat' dir='ltr'><strong>&#39;in</strong></span> <span class='ocrx_word' id='word_1_112' title='bbox 2229 1861 2426 1926; x_wconf 80' lang='lat' dir='ltr'><strong>nobis,</strong></span> <span class='ocrx_word' id='word_1_113' title='bbox 2508 1863 2669 1945; x_wconf 91' lang='lat' dir='ltr'><strong>quod</strong></span> <span class='ocrx_word' id='word_1_114' title='bbox 2714 1883 2843 1927; x_wconf 90' lang='lat' dir='ltr'><strong>non</strong></span> 
     </span>
     <span class='ocr_line' id='line_1_15' title="bbox 549 1968 2845 2052; baseline -0.002 -18"><span class='ocrx_word' id='word_1_115' title='bbox 549 1971 728 2034; x_wconf 84' lang='lat' dir='ltr'><strong>aliter</strong></span> <span class='ocrx_word' id='word_1_116' title='bbox 773 1969 998 2052; x_wconf 85' lang='lat' dir='ltr'><strong>poterit</strong></span> <span class='ocrx_word' id='word_1_117' title='bbox 1042 1968 1378 2049; x_wconf 87' lang='lat' dir='ltr'><strong>obseruari,</strong></span> <span class='ocrx_word' id='word_1_118' title='bbox 1439 1969 1558 2031; x_wconf 92' lang='lat' dir='ltr'><strong>nisi</strong></span> <span class='ocrx_word' id='word_1_119' title='bbox 1619 1969 1752 2049; x_wconf 91' lang='lat' dir='ltr'><strong>quis</strong></span> <span class='ocrx_word' id='word_1_120' title='bbox 1800 1986 1924 2031; x_wconf 89' lang='lat' dir='ltr'><strong>non</strong></span> <span class='ocrx_word' id='word_1_121' title='bbox 1972 1968 2175 2032; x_wconf 87' lang='lat' dir='ltr'><strong>solum</strong></span> <span class='ocrx_word' id='word_1_122' title='bbox 2223 1987 2290 2031; x_wconf 88' lang='lat' dir='ltr'><strong>se</strong></span> <span class='ocrx_word' id='word_1_123' title='bbox 2337 1971 2653 2031; x_wconf 90' lang='lat' dir='ltr'><strong>mortuum</strong></span> <span class='ocrx_word' id='word_1_124' title='bbox 2697 1968 2845 2032; x_wconf 86' lang='lat' dir='ltr'><strong>huic</strong></span> 
     </span>
     <span class='ocr_line' id='line_1_16' title="bbox 551 2072 2842 2155; baseline -0.001 -16"><span class='ocrx_word' id='word_1_125' title='bbox 551 2075 802 2154; x_wconf 87' lang='lat' dir='ltr'><strong>mundo,</strong></span> <span class='ocrx_word' id='word_1_126' title='bbox 849 2093 1068 2138; x_wconf 90' lang='lat' dir='ltr'><strong>uerum</strong></span> <span class='ocrx_word' id='word_1_127' title='bbox 1117 2074 1306 2137; x_wconf 87' lang='lat' dir='ltr'><strong>etiam</strong></span> <span class='ocrx_word' id='word_1_128' title='bbox 1351 2073 1745 2155; x_wconf 84' lang='lat' dir='ltr'><strong>insipientem</strong></span> <span class='ocrx_word' id='word_1_129' title='bbox 1777 2072 2060 2136; x_wconf 90' lang='lat' dir='ltr'><strong>iudicarit</strong></span> <span class='ocrx_word' id='word_1_130' title='bbox 2090 2091 2163 2136; x_wconf 88' lang='lat' dir='ltr'><strong>ac</strong></span> <span class='ocrx_word' id='word_1_131' title='bbox 2194 2073 2479 2152; x_wconf 87' lang='lat' dir='ltr'><strong>stultum,</strong></span> <span class='ocrx_word' id='word_1_132' title='bbox 2526 2073 2842 2152; x_wconf 84' lang='lat' dir='ltr'><strong>uniuersa,</strong></span> 
     </span>
     <span class='ocr_line' id='line_1_17' title="bbox 550 2177 2843 2262; baseline -0.001 -18"><span class='ocrx_word' id='word_1_133' title='bbox 550 2199 706 2262; x_wconf 88' lang='lat' dir='ltr'><strong>quae</strong></span> <span class='ocrx_word' id='word_1_134' title='bbox 755 2178 870 2243; x_wconf 89' lang='lat' dir='ltr'><strong>sibi</strong></span> <span class='ocrx_word' id='word_1_135' title='bbox 914 2179 1146 2244; x_wconf 83' lang='lat' dir='ltr'><strong>fuerint</strong></span> <span class='ocrx_word' id='word_1_136' title='bbox 1190 2197 1228 2242; x_wconf 89' lang='lat' dir='ltr'><strong>a</strong></span> <span class='ocrx_word' id='word_1_137' title='bbox 1287 2177 1631 2242; x_wconf 84' lang='lat' dir='ltr'><strong>senioribus</strong></span> <span class='ocrx_word' id='word_1_138' title='bbox 1692 2178 2017 2260; x_wconf 81' lang='lat' dir='ltr'><strong>imperata,</strong></span> <span class='ocrx_word' id='word_1_139' title='bbox 2081 2177 2212 2240; x_wconf 88' lang='lat' dir='ltr'><strong>sine</strong></span> <span class='ocrx_word' id='word_1_140' title='bbox 2273 2178 2401 2242; x_wconf 88' lang='lat' dir='ltr'><strong>ulla</strong></span> <span class='ocrx_word' id='word_1_141' title='bbox 2461 2177 2843 2241; x_wconf 87' lang='lat' dir='ltr'><strong>discussione</strong></span> 
     </span>
     <span class='ocr_line' id='line_1_18' title="bbox 548 2283 2677 2368; baseline -0.001 -19"><span class='ocrx_word' id='word_1_142' title='bbox 548 2285 894 2368; x_wconf 65' lang='lat' dir='ltr'><strong>perficiem,</strong></span> <span class='ocrx_word' id='word_1_143' title='bbox 943 2287 1337 2347; x_wconf 88' lang='lat' dir='ltr'><strong>sacrosancta</strong></span> <span class='ocrx_word' id='word_1_144' title='bbox 1384 2303 1456 2347; x_wconf 91' lang='lat' dir='ltr'><strong>ea</strong></span> <span class='ocrx_word' id='word_1_145' title='bbox 1502 2283 1760 2347; x_wconf 90' lang='lat' dir='ltr'><strong>credens</strong></span> <span class='ocrx_word' id='word_1_146' title='bbox 1809 2301 1881 2347; x_wconf 93' lang='lat' dir='ltr'><strong>ac</strong></span> <span class='ocrx_word' id='word_1_147' title='bbox 1926 2283 2217 2347; x_wconf 87' lang='lat' dir='ltr'><strong>diuinitus</strong></span> <span class='ocrx_word' id='word_1_148' title='bbox 2264 2283 2677 2365; x_wconf 85' lang='lat' dir='ltr'><strong>promulgata.</strong></span> 
     </span>
     <span class='ocr_line' id='line_1_19' title="bbox 636 2386 2845 2469; baseline -0.002 -15"><span class='ocrx_word' id='word_1_149' title='bbox 636 2389 932 2454; x_wconf 90' lang='lat' dir='ltr'><strong>XXXIII.</strong></span> <span class='ocrx_word' id='word_1_150' title='bbox 981 2389 1055 2452; x_wconf 92' lang='lat' dir='ltr'><strong>In</strong></span> <span class='ocrx_word' id='word_1_151' title='bbox 1104 2407 1224 2469; x_wconf 89' lang='lat' dir='ltr'><strong>qua</strong></span> <span class='ocrx_word' id='word_1_152' title='bbox 1270 2386 1753 2452; x_wconf 87' lang='lat' dir='ltr'><strong>consistentibus</strong></span> <span class='ocrx_word' id='word_1_153' title='bbox 1801 2387 2097 2469; x_wconf 83' lang='lat' dir='ltr'><strong>qualitate</strong></span> <span class='ocrx_word' id='word_1_154' title='bbox 2149 2388 2364 2469; x_wconf 89' lang='lat' dir='ltr'><strong>procul</strong></span> <span class='ocrx_word' id='word_1_155' title='bbox 2410 2386 2595 2451; x_wconf 87' lang='lat' dir='ltr'><strong>dubio</strong></span> <span class='ocrx_word' id='word_1_156' title='bbox 2643 2391 2845 2451; x_wconf 81' lang='lat' dir='ltr'><strong>status</strong></span> 
     </span>
     <span class='ocr_line' id='line_1_20' title="bbox 551 2492 2847 2575; baseline -0.001 -16"><span class='ocrx_word' id='word_1_157' title='bbox 551 2496 653 2560; x_wconf 90' lang='lat' dir='ltr'><strong>ille</strong></span> <span class='ocrx_word' id='word_1_158' title='bbox 698 2495 1066 2559; x_wconf 82' lang='lat' dir='ltr'><strong>humilitatis</strong></span> <span class='ocrx_word' id='word_1_159' title='bbox 1115 2514 1259 2557; x_wconf 91' lang='lat' dir='ltr'><strong>uere</strong></span> <span class='ocrx_word' id='word_1_160' title='bbox 1305 2494 1676 2575; x_wconf 86' lang='lat' dir='ltr'><strong>tranquillus</strong></span> <span class='ocrx_word' id='word_1_161' title='bbox 1724 2497 1908 2575; x_wconf 86' lang='lat' dir='ltr'><strong>atque</strong></span> <span class='ocrx_word' id='word_1_162' title='bbox 1948 2493 2261 2557; x_wconf 87' lang='lat' dir='ltr'><strong>inmobilis</strong></span> <span class='ocrx_word' id='word_1_163' title='bbox 2294 2492 2725 2575; x_wconf 85' lang='lat' dir='ltr'><strong>subsequetur,</strong></span> <span class='ocrx_word' id='word_1_164' title='bbox 2774 2498 2847 2557; x_wconf 91' lang='lat' dir='ltr'><strong>ut</strong></span> 
     </span>
     <span class='ocr_line' id='line_1_21' title="bbox 551 2597 2843 2681; baseline -0.001 -17"><span class='ocrx_word' id='word_1_165' title='bbox 551 2604 798 2665; x_wconf 80' lang='lat' dir='ltr'><strong>nosmet</strong></span> <span class='ocrx_word' id='word_1_166' title='bbox 841 2601 1008 2681; x_wconf 85' lang='lat' dir='ltr'><strong>ipsos</strong></span> <span class='ocrx_word' id='word_1_167' title='bbox 1053 2600 1374 2663; x_wconf 83' lang='lat' dir='ltr'><strong>inferiores</strong></span> <span class='ocrx_word' id='word_1_168' title='bbox 1419 2599 1709 2663; x_wconf 89' lang='lat' dir='ltr'><strong>omnibus</strong></span> <span class='ocrx_word' id='word_1_169' title='bbox 1740 2599 2081 2662; x_wconf 81' lang='lat' dir='ltr'><strong>iudica-ntes</strong></span> <span class='ocrx_word' id='word_1_170' title='bbox 2114 2598 2425 2678; x_wconf 89' lang='lat' dir='ltr'><strong>uniuersa,</strong></span> <span class='ocrx_word' id='word_1_171' title='bbox 2474 2617 2632 2679; x_wconf 87' lang='lat' dir='ltr'><strong>quae</strong></span> <span class='ocrx_word' id='word_1_172' title='bbox 2664 2597 2843 2662; x_wconf 88' lang='lat' dir='ltr'><strong>nobis</strong></span> 
     </span>
     <span class='ocr_line' id='line_1_22' title="bbox 550 2703 2843 2787; baseline -0.002 -18"><span class='ocrx_word' id='word_1_173' title='bbox 550 2706 780 2769; x_wconf 87' lang='lat' dir='ltr'><strong>fuerint</strong></span> <span class='ocrx_word' id='word_1_174' title='bbox 825 2706 1126 2787; x_wconf 84' lang='lat' dir='ltr'><strong>inrogata,</strong></span> <span class='ocrx_word' id='word_1_175' title='bbox 1173 2704 1425 2767; x_wconf 85' lang='lat' dir='ltr'><strong>tametsi</strong></span> <span class='ocrx_word' id='word_1_176' title='bbox 1467 2704 1762 2767; x_wconf 89' lang='lat' dir='ltr'><strong>iniuriosa</strong></span> <span class='ocrx_word' id='word_1_177' title='bbox 1808 2703 1933 2766; x_wconf 90' lang='lat' dir='ltr'><strong>sint</strong></span> <span class='ocrx_word' id='word_1_178' title='bbox 1980 2704 2079 2767; x_wconf 88' lang='lat' dir='ltr'><strong>uel</strong></span> <span class='ocrx_word' id='word_1_179' title='bbox 2127 2703 2325 2766; x_wconf 89' lang='lat' dir='ltr'><strong>tristia</strong></span> <span class='ocrx_word' id='word_1_180' title='bbox 2370 2703 2470 2766; x_wconf 92' lang='lat' dir='ltr'><strong>uel</strong></span> <span class='ocrx_word' id='word_1_181' title='bbox 2520 2703 2843 2783; x_wconf 86' lang='lat' dir='ltr'><strong>damnosa,</strong></span> 
     </span>
     <span class='ocr_line' id='line_1_23' title="bbox 549 2807 2840 2891; baseline -0.001 -18"><span class='ocrx_word' id='word_1_182' title='bbox 549 2814 872 2891; x_wconf 82' lang='lat' dir='ltr'><strong>tamquam</strong></span> <span class='ocrx_word' id='word_1_183' title='bbox 918 2828 956 2873; x_wconf 89' lang='lat' dir='ltr'><strong>a</strong></span> <span class='ocrx_word' id='word_1_184' title='bbox 1002 2808 1418 2890; x_wconf 86' lang='lat' dir='ltr'><strong>superioribus</strong></span> <span class='ocrx_word' id='word_1_185' title='bbox 1465 2809 1695 2872; x_wconf 88' lang='lat' dir='ltr'><strong>nostris</strong></span> <span class='ocrx_word' id='word_1_186' title='bbox 1742 2809 1937 2871; x_wconf 88' lang='lat' dir='ltr'><strong>inlata</strong></span> <span class='ocrx_word' id='word_1_187' title='bbox 1981 2807 2435 2889; x_wconf 85' lang='lat' dir='ltr'><strong>patientissime</strong></span> <span class='ocrx_word' id='word_1_188' title='bbox 2480 2807 2840 2871; x_wconf 76' lang='lat' dir='ltr'><strong>toleremus,</strong></span> 
     </span>
     <span class='ocr_line' id='line_1_24' title="bbox 550 2911 2843 2997; baseline -0.001 -20"><span class='ocrx_word' id='word_1_189' title='bbox 550 2935 706 2997; x_wconf 89' lang='lat' dir='ltr'><strong>quae</strong></span> <span class='ocrx_word' id='word_1_190' title='bbox 755 2914 1001 2995; x_wconf 86' lang='lat' dir='ltr'><strong>quidem</strong></span> <span class='ocrx_word' id='word_1_191' title='bbox 1048 2932 1086 2977; x_wconf 91' lang='lat' dir='ltr'><strong>a</strong></span> <span class='ocrx_word' id='word_1_192' title='bbox 1131 2912 1308 2976; x_wconf 90' lang='lat' dir='ltr'><strong>nobis</strong></span> <span class='ocrx_word' id='word_1_193' title='bbox 1357 2931 1480 2976; x_wconf 88' lang='lat' dir='ltr'><strong>non</strong></span> <span class='ocrx_word' id='word_1_194' title='bbox 1528 2912 1731 2976; x_wconf 88' lang='lat' dir='ltr'><strong>solum</strong></span> <span class='ocrx_word' id='word_1_195' title='bbox 1778 2912 2071 2975; x_wconf 85' lang='lat' dir='ltr'><strong>facillime</strong></span> <span class='ocrx_word' id='word_1_196' title='bbox 2118 2911 2568 2991; x_wconf 79' lang='lat' dir='ltr'><strong>tolerabunttu·‚</strong></span> <span class='ocrx_word' id='word_1_197' title='bbox 2624 2932 2843 2975; x_wconf 87' lang='lat' dir='ltr'><strong>uerum</strong></span> 
     </span>
     <span class='ocr_line' id='line_1_25' title="bbox 551 3017 2845 3100; baseline -0.002 -16"><span class='ocrx_word' id='word_1_198' title='bbox 551 3021 738 3084; x_wconf 84' lang='lat' dir='ltr'><strong>etiam</strong></span> <span class='ocrx_word' id='word_1_199' title='bbox 785 3037 981 3100; x_wconf 88' lang='lat' dir='ltr'><strong>parua</strong></span> <span class='ocrx_word' id='word_1_200' title='bbox 1025 3018 1460 3081; x_wconf 80' lang='lat' dir='ltr'><strong>iudicabuntur</strong></span> <span class='ocrx_word' id='word_1_201' title='bbox 1507 3037 1580 3081; x_wconf 85' lang='lat' dir='ltr'><strong>ac</strong></span> <span class='ocrx_word' id='word_1_202' title='bbox 1626 3018 1820 3097; x_wconf 89' lang='lat' dir='ltr'><strong>nulla,</strong></span> <span class='ocrx_word' id='word_1_203' title='bbox 1869 3018 1921 3080; x_wconf 88' lang='lat' dir='ltr'><strong>si</strong></span> <span class='ocrx_word' id='word_1_204' title='bbox 1965 3021 2178 3081; x_wconf 84' lang='lat' dir='ltr'><strong>mente</strong></span> <span class='ocrx_word' id='word_1_205' title='bbox 2226 3017 2449 3100; x_wconf 84' lang='lat' dir='ltr'><strong>iugiter</strong></span> <span class='ocrx_word' id='word_1_206' title='bbox 2495 3018 2845 3081; x_wconf 86' lang='lat' dir='ltr'><strong>recolamus</strong></span> 
     </span>
     <span class='ocr_line' id='line_1_26' title="bbox 550 3122 2843 3204; baseline -0.003 -15"><span class='ocrx_word' id='word_1_207' title='bbox 550 3127 650 3189; x_wconf 89' lang='lat' dir='ltr'><strong>uel</strong></span> <span class='ocrx_word' id='word_1_208' title='bbox 677 3124 907 3188; x_wconf 90' lang='lat' dir='ltr'><strong>domini</strong></span> <span class='ocrx_word' id='word_1_209' title='bbox 932 3123 1130 3187; x_wconf 84' lang='lat' dir='ltr'><strong>nostri</strong></span> <span class='ocrx_word' id='word_1_210' title='bbox 1163 3123 1264 3185; x_wconf 91' lang='lat' dir='ltr'><strong>uel</strong></span> <span class='ocrx_word' id='word_1_211' title='bbox 1298 3126 1657 3187; x_wconf 85' lang='lat' dir='ltr'><strong>sanctorum</strong></span> <span class='ocrx_word' id='word_1_212' title='bbox 1690 3123 1969 3186; x_wconf 88' lang='lat' dir='ltr'><strong>omnium</strong></span> <span class='ocrx_word' id='word_1_213' title='bbox 2003 3123 2343 3204; x_wconf 74' lang='lat' dir='ltr'><strong>passione-S,</strong></span> <span class='ocrx_word' id='word_1_214' title='bbox 2378 3122 2843 3185; x_wconf 84' lang='lat' dir='ltr'><strong>considerantes</strong></span> 
     </span>
     <span class='ocr_line' id='line_1_27' title="bbox 552 3225 2845 3308; baseline -0.003 -14"><span class='ocrx_word' id='word_1_215' title='bbox 552 3233 726 3294; x_wconf 85' lang='lat' dir='ltr'><strong>tanto</strong></span> <span class='ocrx_word' id='word_1_216' title='bbox 772 3227 1107 3292; x_wconf 89' lang='lat' dir='ltr'><strong>leuioribus</strong></span> <span class='ocrx_word' id='word_1_217' title='bbox 1142 3245 1254 3290; x_wconf 89' lang='lat' dir='ltr'><strong>nos</strong></span> <span class='ocrx_word' id='word_1_218' title='bbox 1287 3227 1520 3291; x_wconf 89' lang='lat' dir='ltr'><strong>iniuriis</strong></span> <span class='ocrx_word' id='word_1_219' title='bbox 1553 3227 1949 3308; x_wconf 84' lang='lat' dir='ltr'><strong>adtemptari,</strong></span> <span class='ocrx_word' id='word_1_220' title='bbox 1998 3228 2227 3308; x_wconf 88' lang='lat' dir='ltr'><strong>quanto</strong></span> <span class='ocrx_word' id='word_1_221' title='bbox 2258 3226 2505 3308; x_wconf 88' lang='lat' dir='ltr'><strong>longius</strong></span> <span class='ocrx_word' id='word_1_222' title='bbox 2536 3244 2575 3288; x_wconf 92' lang='lat' dir='ltr'><strong>a</strong></span> <span class='ocrx_word' id='word_1_223' title='bbox 2604 3225 2845 3289; x_wconf 86' lang='lat' dir='ltr'><strong>meritis</strong></span> 
     </span>
     <span class='ocr_line' id='line_1_28' title="bbox 552 3330 2843 3413; baseline -0.002 -16"><span class='ocrx_word' id='word_1_224' title='bbox 552 3353 766 3397; x_wconf 88' lang='lat' dir='ltr'><strong>eorum</strong></span> <span class='ocrx_word' id='word_1_225' title='bbox 815 3337 878 3397; x_wconf 90' lang='lat' dir='ltr'><strong>et</strong></span> <span class='ocrx_word' id='word_1_226' title='bbox 923 3332 1391 3397; x_wconf 87' lang='lat' dir='ltr'><strong>conuersatione</strong></span> <span class='ocrx_word' id='word_1_227' title='bbox 1439 3332 1769 3411; x_wconf 74' lang='lat' dir='ltr'><strong>distamuS,</strong></span> <span class='ocrx_word' id='word_1_228' title='bbox 1829 3332 2062 3413; x_wconf 87' lang='lat' dir='ltr'><strong>pariter</strong></span> <span class='ocrx_word' id='word_1_229' title='bbox 2124 3332 2311 3395; x_wconf 85' lang='lat' dir='ltr'><strong>etiam</strong></span> <span class='ocrx_word' id='word_1_230' title='bbox 2373 3330 2717 3413; x_wconf 82' lang='lat' dir='ltr'><strong>cogitantes</strong></span> <span class='ocrx_word' id='word_1_231' title='bbox 2778 3330 2843 3393; x_wconf 90' lang='lat' dir='ltr'><strong>in</strong></span> 
     </span>
     <span class='ocr_line' id='line_1_29' title="bbox 549 3433 2847 3519; baseline -0.002 -16"><span class='ocrx_word' id='word_1_232' title='bbox 549 3439 724 3503; x_wconf 86' lang='lat' dir='ltr'><strong>breui</strong></span> <span class='ocrx_word' id='word_1_233' title='bbox 773 3455 883 3501; x_wconf 91' lang='lat' dir='ltr'><strong>nos</strong></span> <span class='ocrx_word' id='word_1_234' title='bbox 931 3437 1006 3500; x_wconf 93' lang='lat' dir='ltr'><strong>de</strong></span> <span class='ocrx_word' id='word_1_235' title='bbox 1052 3437 1170 3501; x_wconf 92' lang='lat' dir='ltr'><strong>hoc</strong></span> <span class='ocrx_word' id='word_1_236' title='bbox 1215 3437 1460 3501; x_wconf 88' lang='lat' dir='ltr'><strong>saeculo</strong></span> <span class='ocrx_word' id='word_1_237' title='bbox 1507 3436 1883 3519; x_wconf 84' lang='lat' dir='ltr'><strong>migraturos</strong></span> <span class='ocrx_word' id='word_1_238' title='bbox 1931 3453 2265 3516; x_wconf 88' lang='lat' dir='ltr'><strong>eorumque</strong></span> <span class='ocrx_word' id='word_1_239' title='bbox 2312 3452 2426 3498; x_wconf 89' lang='lat' dir='ltr'><strong>nos</strong></span> <span class='ocrx_word' id='word_1_240' title='bbox 2462 3434 2647 3498; x_wconf 90' lang='lat' dir='ltr'><strong>celeri</strong></span> <span class='ocrx_word' id='word_1_241' title='bbox 2679 3433 2847 3498; x_wconf 88' lang='lat' dir='ltr'><strong>uitae</strong></span> 
     </span>
     <span class='ocr_line' id='line_1_30' title="bbox 555 3540 2851 3622; baseline -0.001 -16"><span class='ocrx_word' id='word_1_242' title='bbox 555 3544 738 3607; x_wconf 90' lang='lat' dir='ltr'><strong>huius</strong></span> <span class='ocrx_word' id='word_1_243' title='bbox 785 3541 908 3606; x_wconf 90' lang='lat' dir='ltr'><strong>fine</strong></span> <span class='ocrx_word' id='word_1_244' title='bbox 954 3560 1097 3606; x_wconf 85' lang='lat' dir='ltr'><strong>mox</strong></span> <span class='ocrx_word' id='word_1_245' title='bbox 1141 3542 1382 3606; x_wconf 87' lang='lat' dir='ltr'><strong>futuros</strong></span> <span class='ocrx_word' id='word_1_246' title='bbox 1425 3560 1561 3604; x_wconf 90' lang='lat' dir='ltr'><strong>esse</strong></span> <span class='ocrx_word' id='word_1_247' title='bbox 1594 3543 1931 3605; x_wconf 83' lang='lat' dir='ltr'><strong>consortes,</strong></span> <span class='ocrx_word' id='word_1_248' title='bbox 1999 3540 2417 3622; x_wconf 89' lang='lat' dir='ltr'><strong>peremptoria</strong></span> <span class='ocrx_word' id='word_1_249' title='bbox 2449 3558 2719 3621; x_wconf 87' lang='lat' dir='ltr'><strong>namque</strong></span> <span class='ocrx_word' id='word_1_250' title='bbox 2752 3542 2851 3603; x_wconf 90' lang='lat' dir='ltr'><strong>est</strong></span> 
     </span>
    </p>
   </div>
   <div class='ocr_carea' id='block_1_3' title="bbox 555 3738 2849 4232">
    <p class='ocr_par' dir='ltr' id='par_1_3' title="bbox 555 3738 2849 4232">
     <span class='ocr_line' id='line_1_31' title="bbox 639 3738 2847 3797; baseline -0.003 0"><span class='ocrx_word' id='word_1_251' title='bbox 639 3745 666 3797; x_wconf 94' lang='lat'>1</span> <span class='ocrx_word' id='word_1_252' title='bbox 694 3741 910 3794; x_wconf 89' lang='lat' dir='ltr'><strong>uidetur</strong></span> <span class='ocrx_word' id='word_1_253' title='bbox 942 3742 996 3796; x_wconf 89' lang='lat' dir='ltr'><strong><em>L</em></strong></span> <span class='ocrx_word' id='word_1_254' title='bbox 1103 3744 1137 3795; x_wconf 85' lang='lat'>4</span> <span class='ocrx_word' id='word_1_255' title='bbox 1175 3739 1527 3793; x_wconf 86' lang='lat' dir='ltr'><strong>fundamenta</strong></span> <span class='ocrx_word' id='word_1_256' title='bbox 1563 3740 1707 3794; x_wconf 85' lang='grc' dir='ltr'><strong>ΗΤυ</strong></span> <span class='ocrx_word' id='word_1_257' title='bbox 1815 3739 2071 3793; x_wconf 87' lang='lat' dir='ltr'><strong>collocata</strong></span> <span class='ocrx_word' id='word_1_258' title='bbox 2108 3740 2277 3793; x_wconf 77' lang='lat' dir='ltr'><strong>GHT</strong></span> <span class='ocrx_word' id='word_1_259' title='bbox 2377 3742 2408 3794; x_wconf 89' lang='lat'>5</span> <span class='ocrx_word' id='word_1_260' title='bbox 2436 3738 2654 3792; x_wconf 83' lang='lat' dir='ltr'><strong>ualeant</strong></span> <span class='ocrx_word' id='word_1_261' title='bbox 2686 3739 2847 3791; x_wconf 86' lang='lat' dir='ltr'><strong>susti-</strong></span> 
     </span>
     <span class='ocr_line' id='line_1_32' title="bbox 555 3826 2847 3895; baseline -0.001 -12"><span class='ocrx_word' id='word_1_262' title='bbox 555 3846 678 3883; x_wconf 86' lang='lat' dir='ltr'><strong>nere</strong></span> <span class='ocrx_word' id='word_1_263' title='bbox 717 3829 793 3883; x_wconf 86' lang='lat' dir='ltr'><strong>ita</strong></span> <span class='ocrx_word' id='word_1_264' title='bbox 828 3847 930 3884; x_wconf 84' lang='lat' dir='ltr'><strong>om.</strong></span> <span class='ocrx_word' id='word_1_265' title='bbox 973 3830 1047 3885; x_wconf 90' lang='grc'><strong>61</strong></span> <span class='ocrx_word' id='word_1_266' title='bbox 1176 3826 1649 3895; x_wconf 86' lang='lat' dir='ltr'><strong>quemammodum</strong></span> <span class='ocrx_word' id='word_1_267' title='bbox 1686 3829 1762 3882; x_wconf 82' lang='lat' dir='ltr'><strong>L¹</strong></span> <span class='ocrx_word' id='word_1_268' title='bbox 1892 3830 1922 3881; x_wconf 85' lang='lat'><strong>7</strong></span> <span class='ocrx_word' id='word_1_269' title='bbox 1968 3826 2217 3879; x_wconf 87' lang='lat' dir='ltr'><strong>intimore</strong></span> <span class='ocrx_word' id='word_1_270' title='bbox 2243 3828 2319 3881; x_wconf 69' lang='lat' dir='ltr'><strong>L*</strong></span> <span class='ocrx_word' id='word_1_271' title='bbox 2453 3829 2511 3881; x_wconf 91' lang='lat'><strong>11</strong></span> <span class='ocrx_word' id='word_1_272' title='bbox 2554 3826 2755 3879; x_wconf 89' lang='lat' dir='ltr'><strong>iustum</strong></span> <span class='ocrx_word' id='word_1_273' title='bbox 2792 3826 2847 3880; x_wconf 89' lang='lat' dir='ltr'><strong><em>L</em></strong></span> 
     </span>
     <span class='ocr_line' id='line_1_33' title="bbox 558 3912 2849 3981; baseline -0.004 -8"><span class='ocrx_word' id='word_1_274' title='bbox 558 3920 624 3973; x_wconf 85' lang='lat'><strong>14</strong></span> <span class='ocrx_word' id='word_1_275' title='bbox 661 3918 937 3969; x_wconf 86' lang='lat' dir='ltr'><strong>mortuum</strong></span> <span class='ocrx_word' id='word_1_276' title='bbox 974 3932 1028 3969; x_wconf 89' lang='lat' dir='ltr'><strong>se</strong></span> <span class='ocrx_word' id='word_1_277' title='bbox 1065 3916 1118 3970; x_wconf 91' lang='lat' dir='ltr'><strong><em>L</em></strong></span> <span class='ocrx_word' id='word_1_278' title='bbox 1229 3917 1292 3970; x_wconf 88' lang='lat'><strong>15</strong></span> <span class='ocrx_word' id='word_1_279' title='bbox 1331 3914 1591 3968; x_wconf 84' lang='lat' dir='ltr'><strong>iudicaret</strong></span> <span class='ocrx_word' id='word_1_280' title='bbox 1632 3914 1841 3969; x_wconf 84' lang='lat' dir='ltr'><strong><em>G¹L¹T</em></strong></span> <span class='ocrx_word' id='word_1_281' title='bbox 1978 3916 2041 3969; x_wconf 82' lang='lat'><strong>16</strong></span> <span class='ocrx_word' id='word_1_282' title='bbox 2086 3930 2219 3981; x_wconf 85' lang='lat' dir='ltr'><strong>quae</strong></span> <span class='ocrx_word' id='word_1_283' title='bbox 2264 3914 2409 3966; x_wconf 81' lang='lat' dir='ltr'><strong>iussa</strong></span> <span class='ocrx_word' id='word_1_284' title='bbox 2454 3913 2656 3967; x_wconf 84' lang='lat' dir='ltr'><strong>fuerint</strong></span> <span class='ocrx_word' id='word_1_285' title='bbox 2692 3912 2778 3966; x_wconf 84' lang='lat' dir='ltr'><strong>uel</strong></span> <span class='ocrx_word' id='word_1_286' title='bbox 2814 3930 2849 3965; x_wconf 85' lang='lat' dir='ltr'><strong>a</strong></span> 
     </span>
     <span class='ocr_line' id='line_1_34' title="bbox 557 4000 2847 4069; baseline -0.002 -11"><span class='ocrx_word' id='word_1_287' title='bbox 557 4002 853 4058; x_wconf 87' lang='lat' dir='ltr'><strong>senioribus</strong></span> <span class='ocrx_word' id='word_1_288' title='bbox 880 4004 932 4058; x_wconf 90' lang='lat' dir='ltr'><strong><em>L</em></strong></span> <span class='ocrx_word' id='word_1_289' title='bbox 1040 4002 1152 4055; x_wconf 83' lang='lat' dir='ltr'><strong>ulla</strong></span> <span class='ocrx_word' id='word_1_290' title='bbox 1190 4002 1381 4057; x_wconf 79' lang='lat' dir='ltr'><em>GHT:</em></span> <span class='ocrx_word' id='word_1_291' title='bbox 1416 4000 1595 4069; x_wconf 83' lang='lat' dir='ltr'><strong>aliqua</strong></span> <span class='ocrx_word' id='word_1_292' title='bbox 1622 4002 1675 4055; x_wconf 93' lang='lat' dir='ltr'><strong><em>L</em></strong></span> <span class='ocrx_word' id='word_1_293' title='bbox 1785 4004 1847 4056; x_wconf 87' lang='lat'><strong>17</strong></span> <span class='ocrx_word' id='word_1_294' title='bbox 1884 4000 2155 4069; x_wconf 82' lang='lat' dir='ltr'><strong>perfitiens</strong></span> <span class='ocrx_word' id='word_1_295' title='bbox 2185 4000 2258 4054; x_wconf 89' lang='grc'><strong>61</strong></span> <span class='ocrx_word' id='word_1_296' title='bbox 2366 4002 2695 4054; x_wconf 82' lang='lat' dir='ltr'><strong>sacrosancte</strong></span> <span class='ocrx_word' id='word_1_297' title='bbox 2729 4001 2847 4054; x_wconf 86' lang='lat' dir='ltr'><strong>HL</strong></span> 
     </span>
     <span class='ocr_line' id='line_1_35' title="bbox 558 4086 2847 4160; baseline -0.003 -16"><span class='ocrx_word' id='word_1_298' title='bbox 558 4090 642 4160; x_wconf 87' lang='lat' dir='ltr'><strong>ea]</strong></span> <span class='ocrx_word' id='word_1_299' title='bbox 669 4106 730 4143; x_wconf 86' lang='lat' dir='ltr'><strong>ac</strong></span> <span class='ocrx_word' id='word_1_300' title='bbox 755 4091 831 4145; x_wconf 89' lang='lat' dir='ltr'><strong>L¹</strong></span> <span class='ocrx_word' id='word_1_301' title='bbox 942 4093 1006 4145; x_wconf 88' lang='lat'><strong>18</strong></span> <span class='ocrx_word' id='word_1_302' title='bbox 1041 4092 1276 4142; x_wconf 86' lang='lat' dir='ltr'><strong>statutus</strong></span> <span class='ocrx_word' id='word_1_303' title='bbox 1306 4089 1377 4144; x_wconf 91' lang='grc'><strong>61</strong></span> <span class='ocrx_word' id='word_1_304' title='bbox 1489 4091 1552 4143; x_wconf 88' lang='grc'><strong>19</strong></span> <span class='ocrx_word' id='word_1_305' title='bbox 1588 4087 1880 4141; x_wconf 87' lang='lat' dir='ltr'><strong>immobilis</strong></span> <span class='ocrx_word' id='word_1_306' title='bbox 1918 4086 2023 4142; x_wconf 82' lang='lat' dir='ltr'><strong>GL</strong></span> <span class='ocrx_word' id='word_1_307' title='bbox 2132 4086 2475 4155; x_wconf 89' lang='lat' dir='ltr'><strong>subsequitur</strong></span> <span class='ocrx_word' id='word_1_308' title='bbox 2510 4088 2561 4141; x_wconf 90' lang='lat' dir='ltr'><strong><em>L</em></strong></span> <span class='ocrx_word' id='word_1_309' title='bbox 2664 4090 2731 4142; x_wconf 80' lang='lat'><strong>20</strong></span> <span class='ocrx_word' id='word_1_310' title='bbox 2765 4087 2847 4139; x_wconf 89' lang='lat' dir='ltr'><strong>in—</strong></span> 
     </span>
     <span class='ocr_line' id='line_1_36' title="bbox 559 4174 2849 4232; baseline -0.002 -2"><span class='ocrx_word' id='word_1_311' title='bbox 559 4177 795 4231; x_wconf 84' lang='lat' dir='ltr'><strong>dicantes</strong></span> <span class='ocrx_word' id='word_1_312' title='bbox 820 4178 874 4232; x_wconf 98' lang='lat' dir='ltr'><strong><em>L</em></strong></span> <span class='ocrx_word' id='word_1_313' title='bbox 971 4179 1034 4232; x_wconf 87' lang='lat'><strong>21</strong></span> <span class='ocrx_word' id='word_1_314' title='bbox 1065 4176 1152 4229; x_wconf 86' lang='lat' dir='ltr'><strong>uel</strong></span> <span class='ocrx_word' id='word_1_315' title='bbox 1177 4176 1354 4229; x_wconf 82' lang='lat' dir='ltr'><strong>tristia</strong></span> <span class='ocrx_word' id='word_1_316' title='bbox 1377 4175 1460 4228; x_wconf 89' lang='lat' dir='ltr'><strong>uel</strong></span> <span class='ocrx_word' id='word_1_317' title='bbox 1489 4174 1747 4229; x_wconf 83' lang='lat' dir='ltr'><strong>damnosa·</strong></span> <span class='ocrx_word' id='word_1_318' title='bbox 1771 4194 1871 4231; x_wconf 86' lang='lat' dir='ltr'><strong>om.</strong></span> <span class='ocrx_word' id='word_1_319' title='bbox 1904 4176 1977 4230; x_wconf 97' lang='grc'><strong>61</strong></span> <span class='ocrx_word' id='word_1_320' title='bbox 2073 4175 2297 4228; x_wconf 84' lang='lat' dir='ltr'><strong>tristitia</strong></span> <span class='ocrx_word' id='word_1_321' title='bbox 2320 4176 2459 4229; x_wconf 86' lang='lat' dir='ltr'><strong>HL¹</strong></span> <span class='ocrx_word' id='word_1_322' title='bbox 2556 4176 2624 4229; x_wconf 81' lang='lat'><strong>22</strong></span> <span class='ocrx_word' id='word_1_323' title='bbox 2650 4174 2849 4227; x_wconf 85' lang='lat' dir='ltr'><strong>nostris</strong></span> 
     </span>
    </p>
   </div>
   <div class='ocr_carea' id='block_1_4' title="bbox 563 4264 2847 4455">
    <p class='ocr_par' dir='ltr' id='par_1_4' title="bbox 563 4264 2847 4455">
     <span class='ocr_line' id='line_1_37' title="bbox 565 4264 2847 4377; baseline -0.002 -14"><span class='ocrx_word' id='word_1_324' title='bbox 565 4310 754 4363; x_wconf 80' lang='lat' dir='ltr'><em>GHT:</em></span> <span class='ocrx_word' id='word_1_325' title='bbox 791 4264 886 4361; x_wconf 66' lang='lat' dir='ltr'><strong>nobs</strong></span> <span class='ocrx_word' id='word_1_326' title='bbox 915 4309 968 4362; x_wconf 93' lang='lat' dir='ltr'><strong><em>L</em></strong></span> <span class='ocrx_word' id='word_1_327' title='bbox 1075 4306 1559 4362; x_wconf 75' lang='lat' dir='ltr'><strong>23t011erabuntur</strong></span> <span class='ocrx_word' id='word_1_328' title='bbox 1590 4308 1662 4363; x_wconf 88' lang='grc'><strong>61</strong></span> <span class='ocrx_word' id='word_1_329' title='bbox 1768 4310 1837 4365; x_wconf 83' lang='grc'><strong>24</strong></span> <span class='ocrx_word' id='word_1_330' title='bbox 1874 4322 1928 4361; x_wconf 86' lang='lat' dir='ltr'><strong>se</strong></span> <span class='ocrx_word' id='word_1_331' title='bbox 1959 4308 2031 4365; x_wconf 89' lang='grc'><strong>61</strong></span> <span class='ocrx_word' id='word_1_332' title='bbox 2140 4308 2207 4361; x_wconf 86' lang='grc'><strong>26</strong></span> <span class='ocrx_word' id='word_1_333' title='bbox 2246 4308 2446 4377; x_wconf 82' lang='lat' dir='ltr'><strong>quanta</strong></span> <span class='ocrx_word' id='word_1_334' title='bbox 2469 4306 2546 4361; x_wconf 88' lang='lat' dir='ltr'><strong>L¹</strong></span> <span class='ocrx_word' id='word_1_335' title='bbox 2650 4306 2717 4361; x_wconf 85' lang='lat'><strong>27</strong></span> <span class='ocrx_word' id='word_1_336' title='bbox 2756 4303 2847 4359; x_wconf 83' lang='lat' dir='ltr'><strong>de-</strong></span> 
     </span>
     <span class='ocr_line' id='line_1_38' title="bbox 563 4394 1425 4455; baseline -0.003 -4"><span class='ocrx_word' id='word_1_337' title='bbox 563 4402 768 4454; x_wconf 84' lang='lat' dir='ltr'><strong>stamus</strong></span> <span class='ocrx_word' id='word_1_338' title='bbox 803 4396 878 4455; x_wconf 84' lang='lat' dir='ltr'><strong>L¹</strong></span> <span class='ocrx_word' id='word_1_339' title='bbox 1021 4396 1088 4452; x_wconf 87' lang='grc'><strong>28</strong></span> <span class='ocrx_word' id='word_1_340' title='bbox 1126 4394 1309 4450; x_wconf 85' lang='lat' dir='ltr'><strong>celeris</strong></span> <span class='ocrx_word' id='word_1_341' title='bbox 1349 4396 1425 4454; x_wconf 81' lang='lat' dir='ltr'><strong>G²</strong></span> 
     </span>
    </p>
   </div>
   <div class='ocr_carea' id='block_1_5' title="bbox 2906 1576 2953 1612">
    <p class='ocr_par' dir='ltr' id='par_1_5' title="bbox 2906 1576 2953 1612">
     <span class='ocr_line' id='line_1_39' title="bbox 2906 1576 2953 1612; baseline 0.043 -2"><span class='ocrx_word' id='word_1_342' title='bbox 2906 1576 2953 1612; x_wconf 80' lang='lat'><strong>10</strong></span> 
     </span>
    </p>
   </div>
   <div class='ocr_carea' id='block_1_6' title="bbox 2907 2099 2955 2136">
    <p class='ocr_par' dir='ltr' id='par_1_6' title="bbox 2907 2099 2955 2136">
     <span class='ocr_line' id='line_1_40' title="bbox 2907 2099 2955 2136; baseline 0 0"><span class='ocrx_word' id='word_1_343' title='bbox 2907 2099 2955 2136; x_wconf 77' lang='lat'><strong>15</strong></span> 
     </span>
    </p>
   </div>
   <div class='ocr_carea' id='block_1_7' title="bbox 2904 3148 2958 3184">
    <p class='ocr_par' dir='ltr' id='par_1_7' title="bbox 2904 3148 2958 3184">
     <span class='ocr_line' id='line_1_41' title="bbox 2904 3148 2958 3184; baseline 0 0"><span class='ocrx_word' id='word_1_344' title='bbox 2904 3148 2958 3184; x_wconf 70' lang='lat'><strong>25</strong></span> 
     </span>
    </p>
   </div>
   <div class='ocr_carea' id='block_1_8' title="bbox 3139 2387 3148 3953">
    <p class='ocr_par' dir='ltr' id='par_1_8' title="bbox 3139 2387 3148 3953">
     <span class='ocr_line' id='line_1_42' title="bbox 3139 2387 3148 3953; baseline 0 0"><span class='ocrx_word' id='word_1_345' title='bbox 3139 2387 3148 3953; x_wconf 95' lang='lat' dir='ltr'><strong> </strong></span> 
     </span>
    </p>
   </div>
  </div>
 </body>
</html>
