3167 4975
489 433 610 500 108
1299 431 1617 488 Iohannis
1662 429 1961 488 Cassiani

2452 509 2483 530 Q

483 611 846 694 uespertina
891 610 1312 674 sollemnitate
1359 609 1765 694 incipientem
1810 609 2051 673 fessum
2097 625 2319 692 corpus
2360 607 2488 672 iam
2518 608 2769 672 reficere

484 719 547 780 et
607 714 1014 780 incubantem
1072 715 1346 798 psiathio
1405 715 1813 798 repperisset,
1874 714 2247 797 protrahens
2304 714 2531 778 intimo
2591 712 2772 777 corde

485 820 756 903 suspiria
815 837 1078 902 meoque
1139 839 1240 882 me
1301 821 1589 884 uocitans
1650 820 1931 884 nomine:
1993 819 2233 901 quanti,
2294 819 2521 900 inquit,
2583 836 2618 882 o
2672 817 2773 882 Io-

482 925 745 1006 hanneS,
807 924 960 990 hora
1019 925 1137 989 hac
1197 925 1312 989 deo
1373 926 1837 1007 conloquuntur
1898 943 2166 1006 eumque
2229 925 2293 988 in
2356 927 2559 988 semet
2615 925 2771 1007 ipsis

484 1031 950 1113 amplectuntur
996 1047 1068 1092 ac
1113 1029 1415 1094 retinent:
1474 1034 1539 1093 et
1583 1034 1654 1094 tu
1703 1029 2009 1094 fraudaris
2056 1033 2231 1094 tanto
2276 1030 2537 1109 lumine,
2584 1029 2770 1093 inerti

485 1152 703 1218 sopore
747 1136 1104 1199 resolutus?
1175 1139 1236 1198 et
1299 1135 1597 1216 quoniam
1658 1154 1771 1199 nos
1820 1135 1897 1198 ad
1942 1134 2302 1198 huiusmodi
2348 1134 2773 1198 narrationem

483 1241 806 1304 deuel-tere
850 1243 1106 1322 patrum
1151 1239 1418 1303 uirtutes
1465 1243 1528 1303 et
1582 1240 1789 1322 gratia
1846 1243 2285 1323 prouocarunt,
2350 1239 2773 1302 necessarium

482 1362 620 1408 reor
689 1343 1094 1408 memorabile
1162 1361 1318 1426 opus
1387 1343 1700 1424 caritatiS,
1770 1362 1959 1426 quam
2022 1345 2253 1407 summi
2318 1344 2436 1407 uiri
2497 1342 2773 1406 Archebi

483 1449 880 1512 humanitate
942 1467 1160 1511 sumus
1224 1449 1482 1531 experti,
1545 1449 1691 1512 huic
1751 1449 2057 1512 uolumini
2119 1449 2587 1528 commendare,
2650 1466 2772 1530 quo

483 1552 728 1634 puritas
775 1553 1198 1616 continentiae
1245 1553 1414 1635 operi
1461 1553 1743 1616 caritatis
1790 1553 2029 1616 inserta
2066 1553 2437 1637 propensius
2470 1553 2775 1616 enitescat

484 1655 748 1739 pulchra
771 1657 1076 1720 uarietate
1102 1656 1419 1722 distincta.
1470 1657 1703 1721 etenim
1738 1661 1889 1721 tunc
1920 1661 2131 1721 ratum
2164 1658 2277 1720 deo
2302 1657 2519 1720 ieiunii
2543 1675 2771 1721 munus

487 1761 772 1841 efficitur,
821 1779 966 1824 cum
1011 1761 1129 1824 hoc
1176 1761 1486 1826 fructibus
1535 1762 1818 1825 caritatis
1864 1762 2056 1825 fuerit
2086 1764 2615 1825 consummatum.

570 1866 862 1930 XXXVI.
911 1866 1130 1948 Itaque
1177 1885 1322 1929 cum
1367 1867 1444 1929 de
1489 1866 1889 1931 Palaestinae
1933 1867 2332 1931 monasteriis
2366 1867 2443 1930 ad
2473 1867 2773 1950 oppidum

484 1971 780 2054 Aegypti,
828 1970 991 2052 quod
1037 1969 1288 2035 Diolcos
1335 1971 1705 2053 appellatur,
1758 1972 1942 2035 rudes
1992 1972 2329 2036 admodum
2376 1972 2772 2034 uenissemus

485 2075 698 2156 ibique
765 2074 1105 2157 plurimam
1173 2073 1425 2138 turbam
1487 2073 1773 2139 coenobii
1840 2075 2175 2158 disciplina
2240 2077 2647 2140 constrictam
2710 2079 2775 2139 et

487 2179 722 2261 optimo
769 2178 984 2243 ordine
1031 2179 1503 2260 monachorum,
1559 2180 1667 2263 qui
1722 2181 1915 2244 etiam
1959 2181 2201 2263 primus
2248 2184 2364 2260 est,
2412 2181 2775 2244 institutam

487 2283 749 2347 mirifice
810 2283 1195 2364 uideremUS,
1267 2284 1462 2348 alium
1522 2302 1766 2366 quoque
1827 2284 2140 2367 ordinem,
2209 2285 2317 2367 qui
2378 2284 2777 2349 excellentior

486 2387 774 2468 habetur,
821 2387 885 2451 id
931 2391 1029 2452 est
1074 2388 1617 2470 anachoretarum,
1680 2392 2049 2453 cunctorum
2096 2391 2445 2472 praeconiis
2491 2389 2777 2473 instigati

489 2493 896 2577 sagacissimo
943 2494 1126 2558 corde
1158 2493 1369 2557 uidere
1400 2495 1895 2577 properauimuS.
1958 2496 2026 2559 hi
2057 2514 2331 2577 namque
2362 2496 2427 2559 in
2458 2495 2775 2560 coenobiis

487 2598 763 2681 primum
809 2598 1162 2662 diutissime
1210 2603 1694 2680 commoranteS,
1740 2616 1994 2663 omnem
2038 2600 2380 2681 patientiae
2426 2618 2500 2665 ac
2546 2601 2776 2664 discre-

487 2702 676 2766 tionis
721 2703 1007 2786 regulam
1054 2703 1384 2787 diligenter
1430 2704 1633 2768 edocti
1680 2707 1745 2767 et
1788 2704 2167 2768 humilitatis
2212 2706 2447 2787 pariter
2494 2723 2565 2769 ac
2597 2705 2777 2769 nudi-

487 2806 640 2871 tatis
686 2808 920 2871 uirtute
974 2825 1268 2890 possessa
1327 2812 1515 2890 atque
1577 2809 1655 2872 ad
1716 2827 1943 2890 purum
2005 2809 2305 2872 uitiorum
2365 2810 2777 2874 uniuersitate

490 2915 883 2993 consumpta,
932 2911 1265 2976 dirissimis
1298 2912 1679 2977 daemonum
1714 2914 1965 2996 proeliis
2006 2914 2401 2997 congressuri
2446 2917 2778 2997 penetrant

485 3015 726 3079 heremi
748 3016 1058 3098 profunda
1091 3020 1346 3081 secreta.
1397 3018 1584 3081 huius
1610 3018 1804 3101 igitur
1827 3019 2129 3101 propositi
2154 3019 2323 3081 uiros
2348 3020 2777 3102 conperientes

490 3121 648 3184 citra
690 3120 820 3184 Nili
865 3120 1143 3185 fluminis
1190 3122 1442 3185 alueum
1489 3122 1862 3186 commorari
1907 3124 1971 3185 in
2017 3123 2173 3202 loco,
2236 3122 2344 3203 qui
2406 3141 2529 3187 uno
2584 3124 2778 3187 latere

493 3224 710 3288 eodem
756 3224 1033 3306 flumine,
1081 3225 1203 3289 alio
1250 3226 1442 3289 maris
1477 3227 1779 3290 uastitate
1811 3226 2235 3291 circumdatus
2268 3228 2542 3291 insulam
2576 3227 2777 3290 reddit

494 3330 682 3393 nullis
731 3330 872 3393 aliis
927 3348 1118 3412 quam
1173 3330 1500 3394 monachis
1561 3336 1805 3395 secreta
1863 3331 2301 3414 expetentibus
2364 3332 2775 3396 habitabilem

703 3468 790 3537 11]
831 3467 898 3523 cf.
924 3468 1064 3524 Esai.
1093 3472 1174 3533 58,
1201 3470 1250 3524 6.

583 3585 606 3637 1
649 3580 926 3651 sollempn.
953 3584 1021 3638 H
1118 3585 1152 3637 2
1189 3582 1508 3651 repperisset
1541 3583 1771 3652 psiathio
1806 3584 1857 3637 G
1884 3584 2018 3650 (non
2046 3584 2109 3650 S)
2180 3584 2372 3653 psiatio
2412 3584 2691 3653 reperisset
2726 3584 2777 3639 L

492 3666 600 3722 imo
623 3671 712 3725 Αυ
807 3669 980 3723 cordis
1017 3670 1069 3723 L
1165 3672 1198 3725 3
1234 3686 1454 3737 meoque
1491 3690 1593 3727 om.
1630 3673 1698 3726 H
1784 3670 1970 3739 inquid
1997 3672 2137 3726 AH¹
2232 3688 2262 3725 o
2300 3691 2400 3727 om.
2420 3673 2498 3776 gi
2596 3672 2778 3726 iohan-

493 3782 574 3834 nis
621 3782 690 3835 H
691 3784 706 3816 ¹
819 3785 854 3837 4
899 3781 1192 3850 loquuntur
1243 3784 1314 3838 G¹
1389 3784 1741 3838 conlocantur
1776 3786 1828 3839 L
1944 3790 1975 3839 5
2020 3784 2208 3839 inertis
2254 3800 2409 3855 opere
2437 3785 2680 3839 ‚solutus
2726 3786 2777 3840 L

493 3869 523 3922 7
563 3868 827 3921 diuertere
853 3870 1189 3926 AG²H²L212
1279 3876 1707 3939 prouocauerunt
1739 3872 1808 3926 H
1872 3876 2227 3941 procurarunt
2256 3874 2307 3927 L
2402 3876 2436 3929 8
2472 3871 2777 3926 memoriale

491 3956 619 4009 ΑΗ
705 3955 1068 4010 memoriabile
1096 3959 1146 4011 T
1253 3958 1486 4012 archebii
1517 3959 1646 4013 GL²
1757 3962 1789 4014 9
1813 3958 2120 4013 humilitate
2144 3962 2199 4013 A
2300 3960 2669 4013 commendere
2694 3960 2778 4014 Η1

496 4045 554 4097 11
581 4044 805 4097 ueritate
825 4044 878 4098 L
958 4044 1204 4098 districta
1223 4046 1288 4099 H
1290 4048 1306 4080 ¹
1367 4048 1580 4113 gratum
1604 4046 1801 4101 HLTv
1874 4050 1940 4101 13
1960 4046 2157 4099 XXXV
2178 4047 2245 4101 H
2308 4046 2599 4115 palestinae
2622 4048 2777 4102 codd.

495 4130 561 4183 14
599 4127 805 4183 diulcus
832 4131 901 4184 H
963 4130 1216 4185 deulchos
1246 4132 1298 4186 L
1405 4132 1715 4186 ammodum
1742 4134 1794 4187 L
1905 4137 1969 4188 16
2006 4133 2209 4187 obtimo
2236 4135 2304 4188 H
2397 4134 2648 4187 instituta
2669 4134 2777 4188 AL

497 4218 559 4271 17
586 4216 879 4270 uiderimus
915 4218 984 4271 H
1098 4221 1162 4274 18
1197 4218 1629 4272 anachoritarum
1654 4221 1849 4274 AHL¹
1970 4222 2035 4275 19
2063 4220 2140 4274 hii
2178 4222 2326 4276 (ΡΗ
2437 4222 2505 4275 20
2541 4221 2779 4289 primum

493 4321 594 4359 om.
623 4306 676 4357 A
783 4304 838 4357 in
885 4320 1097 4358 omnem
1139 4306 1265 4360 6²8
1365 4308 1432 4361 22
1481 4306 1653 4374 adque
1690 4308 1829 4361 HL²
1935 4310 2004 4362 23
2042 4307 2363 4361 doemonum
2415 4308 2488 4362 G¹
2606 4310 2673 4363 24
2718 4324 2777 4360 ac

493 4395 698 4446 secreta
733 4394 802 4446 H
899 4394 967 4447 25
1014 4392 1153 4445 circa
1190 4394 1276 4447 Lv
1380 4396 1449 4447 26
1487 4393 1845 4447 circumdatos
1888 4394 2116 4448 insolam
2155 4398 2237 4449 H¹
2344 4395 2467 4449 inde
2505 4394 2683 4448 ’reddit
2720 4393 2789 4449 H

2833 1573 2882 1611 10

2832 2097 2882 2135 15

2834 3144 2888 3182 25
