3167 4975
504 455 633 520 366
1315 453 1632 506 Iohannis
1679 451 1978 506 Cassiani

504 631 825 692 euidenter
857 629 1150 708 ostendit,
1191 629 1431 691 dicente
1464 629 1626 710 ipso:
1673 627 1828 689 uidi
1873 627 2083 688 deum
2131 626 2323 688 facie
2371 625 2454 687 ad
2504 625 2796 704 faciem,

503 737 574 797 et
619 734 831 797 salua
873 732 1084 797 facta
1129 736 1245 796 est
1290 733 1537 796 anima
1581 733 1783 796 mea?
1852 731 2000 812 quid
2033 730 2088 792 ei
2119 732 2371 793 tantum
2417 729 2570 792 deus
2616 747 2798 811 prae-

503 838 698 902 sentis
747 836 1089 902 diuinitatis
1136 838 1513 917 ostenderat,
1580 840 1650 900 ut
1707 837 2203 899 demonstratam
2259 833 2379 897 sibi
2423 833 2652 898 faciem
2695 832 2798 896 dei

504 942 773 1006 diceret?
826 941 1014 1005 homo
1063 942 1231 1006 enim
1279 942 1355 1023 ei,
1402 945 1473 1005 ut
1518 939 1869 1020 uidebatur,
1914 937 2353 1004 tantummodo
2401 940 2797 1022 apparuerat,

503 1065 687 1128 quem
736 1047 927 1110 etiam
974 1046 1037 1109 in
1084 1046 1543 1110 concertatione
1592 1048 2012 1128 superauerat.
2091 1044 2202 1108 sed
2247 1043 2363 1108 hoc
2416 1044 2629 1124 utique
2683 1061 2798 1124 per
2880 1067 2909 1103 5

501 1151 968 1234 praecurrentia
1026 1169 1237 1214 rerum
1298 1151 1526 1215 indicia
1572 1150 1724 1213 deus
1787 1149 2036 1232 agebat,
2098 1151 2169 1212 ut
2227 1165 2413 1212 nemo
2476 1150 2646 1210 esset
2689 1146 2798 1227 qui

502 1255 690 1318 deum
736 1259 954 1320 natum
1004 1274 1076 1318 ex
1122 1255 1375 1318 homine
1421 1272 1546 1318 non
1594 1253 1889 1335 crederet,
1953 1272 2096 1317 cum
2152 1253 2216 1317 in
2263 1253 2544 1316 humana
2587 1251 2797 1335 specie

503 1359 689 1423 deum
735 1359 864 1423 iam
908 1360 1263 1444 patriarcha
1310 1363 1457 1424 ante
1502 1358 1786 1422 uidisset.

588 1466 667 1528 X.
716 1463 836 1530 Sed
882 1465 1025 1548 quid
1074 1483 1187 1548 ego
1234 1464 1299 1528 in
1358 1482 1483 1528 11110
1545 1464 1827 1547 exemplo
1889 1463 2130 1527 tamdiu
2185 1479 2556 1541 commoror,
2619 1461 2794 1542 quasi

504 1569 703 1634 multa
747 1569 993 1632 desint?
1054 1568 1359 1652 numquid
1406 1569 1573 1633 enim
1620 1569 1814 1632 latere
1858 1568 2144 1632 homines
2191 1569 2320 1632 iam
2366 1571 2506 1630 tum
2549 1570 2796 1648 poterat
2855 1591 2909 1628 m

502 1675 567 1739 in
614 1692 799 1738 carne
845 1677 1148 1737 uenturus
1196 1674 1371 1754 dene,
1428 1692 1573 1737 cum
1623 1673 1696 1736 de
1745 1691 1814 1738 eo
1863 1674 2043 1755 quasi
2089 1673 2168 1736 ad
2213 1691 2398 1738 omne
2443 1670 2794 1735 humanum

502 1798 702 1864 genus
748 1778 961 1862 palam
1006 1778 1310 1861 propheta
1357 1779 1616 1842 diceret:
1682 1797 1850 1842 ecce
1912 1780 2090 1842 deus
2153 1780 2434 1857 uester,
2497 1781 2560 1840 et
2613 1774 2792 1840 alibi:

501 1883 621 1947 hic
666 1887 781 1946 est
827 1883 1005 1946 deus
1062 1887 1345 1963 noster,
1410 1886 1473 1947 et
1517 1883 1700 1946 illud:
1763 1883 1942 1947 deus
1991 1883 2241 1962 fortiS,
2303 1885 2514 1965 pater
2558 1880 2793 1945 futuri

504 1988 815 2067 saeculi,
877 1988 1229 2070 princeps
1275 1987 1508 2070 pacis:
1573 1990 1647 2051 et
1706 1990 1918 2070 regni
1981 1987 2138 2051 eius
2185 2005 2326 2051 non
2375 1987 2524 2050 erit
2567 1985 2794 2049 sinis?

503 2093 613 2156 sed
675 2095 739 2156 et
792 2110 935 2156 cum
982 2092 1107 2156 iam
1153 2093 1454 2172 uenisset,
1518 2092 1824 2174 numquid
1868 2091 2106 2156 latebat
2151 2110 2256 2155 eos
2303 2091 2469 2173 quod
2513 2091 2792 2170 uenerat,
2851 2113 2906 2150 15

506 2197 611 2279 qui
655 2196 905 2260 uenisse
952 2215 1095 2260 eum
1142 2197 1355 2278 palam
1400 2195 1902 2260 confitebantur?
1963 2196 2268 2278 numquid
2323 2193 2653 2278 ignorabat
2697 2192 2794 2255 dei

504 2302 847 2364 aduentum
892 2301 1116 2364 Petrus
1164 2301 1404 2364 dicens:
1468 2305 1547 2364 tu
1611 2319 1684 2364 es
1735 2299 2081 2365 Christus
2141 2299 2357 2364 filius
2419 2299 2533 2363 dei
2593 2297 2793 2361 uiui?

505 2406 808 2489 numquid
838 2405 1095 2470 Martha
1139 2406 1286 2488 quid
1330 2406 1692 2489 loqueretur
1737 2409 1846 2470 aut
1891 2424 2082 2488 quem
2127 2405 2410 2468 crederet
2455 2402 2792 2482 nesciebat,

501 2512 787 2594 utique,
850 2512 1159 2593 inquienS,
1222 2511 1544 2592 domine,
1609 2529 1741 2594 ego
1796 2511 2083 2575 credidi
2128 2511 2302 2592 quia
2344 2513 2422 2574 tu
2470 2529 2545 2573 es
2592 2508 2795 2573 Chri-

503 2620 663 2680 stus
732 2616 945 2679 filius
1016 2616 1131 2680 dei
1198 2616 1383 2697 uiui,
1454 2617 1577 2698 qui
1644 2616 1717 2679 in
1786 2616 1980 2679 hunc
2049 2615 2398 2680 mundum
2466 2614 2794 2677 uenisti?
2845 2638 2908 2675 20

504 2738 720 2783 omnes
768 2720 1054 2802 denique,
1118 2720 1225 2802 qui
1286 2720 1365 2784 ab
1428 2738 1500 2785 eo
1560 2721 1663 2784 uel
1719 2720 2082 2786 morborum
2128 2719 2406 2784 remedia
2448 2719 2551 2782 uel
2597 2736 2796 2782 mem-

502 2824 757 2888 brorum
812 2826 1243 2888 restitutiones
1303 2825 1405 2888 uel
1466 2827 1861 2889 mortuorum
1919 2825 2119 2890 uitam
2163 2823 2484 2908 petebant,
2546 2821 2625 2886 ab
2685 2821 2795 2884 ho-

503 2929 691 2994 minis
735 2930 797 2993 id
844 2928 1209 2993 infirmitate
1256 2947 1334 2993 an
1384 2948 1421 2993 a
1466 2929 1565 2993 dei
1611 2929 2066 3013 omnipotentia
2108 2927 2557 3011 postulabant?

589 3034 699 3097 XI.
748 3033 1051 3098 Diabolus
1100 3033 1367 3115 denique
1414 3035 1549 3118 ipse
1596 3053 1742 3098 cum
1790 3054 1934 3099 eum
1981 3035 2152 3098 omni
2192 3033 2630 3098 illecebrarum
2663 3048 2795 3095 am-

504 3136 659 3219 bitu,
720 3138 892 3202 omni
953 3138 1267 3219 nequitiae
1330 3156 1479 3202 suae
1542 3142 1677 3201 arte
1723 3141 2077 3220 temptaret,
2138 3138 2286 3220 quid
2349 3140 2458 3201 aut
2511 3136 2794 3199 nesciens
2843 3160 2906 3198 ες,

506 3241 939 3324 suspicabatur
984 3246 1093 3306 aut
1139 3243 1289 3325 quid
1334 3246 1653 3325 temptans
1701 3242 1860 3306 scire
1914 3242 2248 3325 cupiebat?
2309 3246 2420 3306 aut
2463 3240 2614 3323 quid
2657 3243 2796 3305 tan-

504 3348 717 3428 topere
763 3366 907 3410 eum
962 3350 1266 3427 mouerat,
1330 3346 1496 3429 quod
1541 3348 1729 3411 deum
1775 3348 1840 3411 in
1885 3346 2158 3412 hominis
2205 3346 2564 3411 humilitate
2609 3363 2796 3428 quae·

504 3450 725 3514 rebat?
773 3452 1071 3533 numquid
1120 3451 1511 3517 documentis
1556 3451 1869 3536 prioribus
1916 3451 1980 3516 id
2025 3452 2324 3516 didicerat
2355 3454 2464 3515 aut
2493 3468 2796 3532 umquam

576 3770 597 3838 ]
635 3769 663 3823 1
697 3683 804 3823 112]
842 3683 980 3737 Esai.
1004 3685 1089 3747 40,
1117 3686 1165 3739 9.
1312 3684 1402 3753 13]
1439 3684 1580 3738 Esai.
1608 3687 1692 3750 25,
1719 3688 1752 3741 9
1790 3688 1844 3739 et
1879 3688 1927 3749 9,
1955 3687 2109 3741 6-7.
2254 3685 2344 3754 17]
2381 3684 2576 3738 Matth.
2605 3684 2792 3745 16,16.

509 3772 573 3825 19
665 3785 695 3822 ο
738 3812 749 3825 .
780 3773 861 3835 11,
886 3774 971 3827 27.

597 3973 622 4025 1
663 3969 777 4038 ipso
816 3971 941 4039 quia
976 3971 1089 4024 uidi
1125 3973 1201 4027 Μ
1308 3975 1341 4027 5
1378 3971 1559 4040 quem]
1598 3986 1698 4039 que
1735 3973 1810 4027 M
1907 3972 2070 4025 etiam
2105 3990 2208 4028 om.
2245 3973 2321 4027 M
2419 3978 2697 4041 superarat
2729 3970 2804 4026 M

506 4056 607 4111 hoc
643 4074 745 4112 om.
784 4060 857 4112 M
981 4062 1015 4113 9
1052 4059 1169 4126 quit
1204 4060 1270 4113 N
1402 4061 1467 4114 10
1504 4058 1702 4112 desinit
1737 4060 1814 4113 M
1935 4062 2000 4113 14
2035 4059 2200 4113 seculi
2235 4061 2340 4130 Mp
2467 4062 2534 4115 16
2570 4060 2696 4128 quia
2729 4061 2800 4115 M

509 4147 574 4199 18
598 4160 730 4197 1111111
758 4144 929 4198 maria
954 4146 1051 4215 ΝΡ
1156 4147 1223 4201 21
1260 4144 1604 4199 menbrorum
1632 4164 1676 4215 Ρ
1785 4145 2020 4199 remedia
2050 4146 2138 4199 uel
2171 4146 2535 4201 membrorum
2570 4165 2672 4201 om.
2699 4148 2792 4202 Na

505 4234 573 4286 23
610 4232 1007 4300 omnipotenoia
1040 4234 1115 4287 Μ
1211 4234 1281 4287 24
1318 4248 1439 4285 cum
1476 4250 1598 4286 eum
1637 4251 1737 4289 om.
1763 4235 1864 4303 ΝΡ
1971 4233 2058 4286 ille
2095 4233 2425 4302 celebrat-um
2451 4235 2520 4289 N
2579 4232 2792 4287 illebra—

506 4334 627 4372 rum
644 4336 688 4389 Ρ
795 4321 863 4374 26
887 4328 983 4372 aut
1006 4322 1276 4388 temptans
1302 4322 1400 4374 Mv
1504 4324 1600 4373 aut
1627 4320 1755 4388 quid
1779 4364 1790 4375 .
1821 4365 1830 4375 .
1860 4364 1870 4375 .
1895 4322 1963 4375 27
1994 4320 2284 4389 quaerebat
2307 4340 2407 4377 om.
2435 4322 2512 4376 M
2605 4324 2674 4377 27
2699 4336 2792 4375 110-

505 4408 657 4459 uerat
684 4408 779 4476 ΝΡ
885 4409 952 4462 28
990 4408 1266 4475 umquam]
1304 4424 1459 4475 quem
1500 4410 1599 4462 Mn·
