3167 4975
291 1077 318 1114 5

271 1600 320 1638 10

266 2650 319 2686 20

1160 455 1321 510 Inst.
1359 455 1469 510 lib.
1509 455 1605 521 XI,
1646 458 1865 512 10—15.
2534 455 2657 520 201

457 629 635 695 XIII.
685 629 854 695 Solet
899 631 1090 696 etiam
1138 631 1568 713 incipientium
1614 635 1863 695 mentes
1911 635 1975 694 et
2019 649 2255 711 eorum,
2304 631 2408 712 qui
2454 631 2661 694 minus

371 735 574 799 adhuc
619 738 720 800 uel
765 737 996 801 uirtute
1043 737 1237 800 animi
1289 736 1387 800 uel
1451 737 1710 800 scientia
1768 735 2182 818 profecerunt,
2245 739 2355 800 aut
2411 740 2663 819 propter

372 857 596 904 sonum
642 841 813 904 uocis
871 841 1184 921 extollere,
1247 841 1411 923 quod
1471 841 1711 905 scilicet
1764 840 2145 905 modulatius
2198 840 2492 922 psallant,
2555 844 2665 904 aut

373 945 534 1026 quod
581 945 706 1009 sint
751 947 853 1010 uel
899 947 1096 1009 exesis
1143 945 1434 1010 carnibus
1482 946 1582 1009 uel
1639 964 1891 1028 ccipere
1950 945 2268 1026 lautiores,
2330 948 2439 1009 aut
2500 944 2661 1027 quod

369 1053 663 1130 parentes
711 1049 936 1114 diuites
983 1069 1054 1114 ac
1101 1049 1340 1115 nobiles
1372 1050 1668 1131 habeant,
1716 1051 1817 1114 uel
1849 1050 2013 1132 quod
2044 1050 2334 1114 militiam
2366 1049 2661 1114 honores-

372 1173 490 1235 que
539 1156 1046 1238 contempserint.
1127 1154 1441 1220 interdum
1497 1157 1689 1220 etiam
1752 1155 2087 1239 dignitates
2150 1159 2213 1218 et
2273 1173 2441 1237 opeS,
2505 1172 2660 1237 quae

371 1259 531 1322 forte
599 1279 677 1323 ne
724 1260 1104 1342 adprehendi
1159 1261 1407 1342 quidem
1477 1260 1812 1342 aliquando
1876 1260 2261 1342 potuissent,
2328 1259 2663 1341 persuadet

373 1365 730 1446 quempiam
775 1365 1068 1446 perfacile
1115 1365 1308 1429 fuisse
1357 1365 1749 1446 adepturum,
1807 1364 1861 1428 si
1904 1367 2371 1447 perseuerasset
2416 1365 2479 1426 in
2526 1383 2663 1426 sae-

372 1469 531 1547 culo,
593 1487 756 1533 uana
802 1489 911 1552 spe
958 1471 1150 1534 etiam
1197 1469 1272 1532 de
1320 1469 1574 1532 incertis
1628 1469 1855 1533 inflans
1902 1487 2048 1532 eum
2109 1471 2173 1533 et
2217 1468 2291 1531 de
2337 1467 2457 1548 his,
2505 1487 2661 1549 quae

373 1591 716 1655 numquam
761 1574 1058 1656 possedit,
1104 1575 1280 1639 uelut
1325 1575 1432 1656 qui
1478 1593 1550 1638 ea
1597 1574 2063 1657 contempserit,
2118 1573 2317 1657 gloria
2362 1573 2660 1637 uanitatis

374 1678 694 1741 extollens.

460 1780 670 1845 XIIII.
717 1781 1205 1865 Nonnumquam
1249 1801 1398 1846 uero
1445 1784 1776 1848 clericatus
1832 1783 2099 1868 gradum
2160 1786 2224 1847 et
2284 1781 2661 1846 desiderium

373 1884 743 1970 presbyterii
789 1888 889 1952 uel
937 1888 1296 1952 diaconatus
1343 1889 1623 1952 inmittit.
1703 1907 1889 1971 quem
1934 1889 1988 1951 si
2032 1889 2136 1951 uel
2169 1887 2407 1951 inuitus
2438 1887 2665 1950 fuisset

373 1991 684 2072 indeptus,
744 1995 922 2056 tanta
983 1993 1372 2074 expleturum
1435 1994 1768 2057 sanctitate
1829 2011 1901 2056 ae
1961 1993 2163 2076 rigore
2220 1992 2530 2075 depingit,
2594 1995 2663 2054 ut

295 2121 320 2158 5
374 2095 596 2158 ceteris
621 2115 860 2178 quoque
887 2098 1309 2162 sacerdotibus
1343 2096 1643 2180 praebere
1672 2099 1946 2180 potuerit
1977 2097 2328 2161 sanctitatis
2360 2097 2663 2178 exempla,

373 2199 596 2262 deinde
643 2202 873 2265 multos
921 2221 1044 2266 non
1092 2203 1292 2266 solum
1350 2203 1839 2266 conuersationis
1901 2202 2123 2282 forma,
2187 2219 2409 2264 uerum
2470 2201 2663 2264 etiam

373 2304 654 2368 doctrina
700 2325 814 2369 sua
859 2324 1266 2388 sermoneque
1312 2307 1718 2371 lucraturum.
1790 2307 1938 2371 facit
1983 2307 2172 2370 etiam
2222 2308 2283 2369 in
2331 2304 2663 2369 solitudine

373 2410 474 2472 uel
535 2411 597 2472 in
661 2410 818 2474 cella
879 2416 1370 2476 commorantem
1433 2412 1822 2475 diuersorum
1879 2411 2092 2475 domos
2148 2429 2221 2475 ac
2284 2411 2663 2474 monasteria

373 2520 584 2579 mente
631 2520 818 2598 atque
865 2518 1073 2581 animo
1121 2518 1446 2581 circumire
1494 2521 1560 2581 et
1603 2518 2015 2599 plurimorum
2062 2517 2497 2581 conuersiones
2546 2516 2660 2580 sub

373 2619 779 2684 incitamento
827 2621 1236 2704 imaginariae
1283 2622 1729 2686 exhortationis
1776 2622 2118 2703 adquirere.

459 2725 596 2788 XV.
659 2724 888 2809 Agitur
958 2726 1166 2808 itaque
1227 2726 1442 2789 infelix
1503 2728 1715 2791 anima
1776 2728 1885 2791 tali
1946 2727 2226 2791 uanitate
2288 2727 2463 2790 uelut
2521 2744 2663 2807 pro-

373 2829 744 2893 fundissimo
792 2848 1010 2913 sopore
1043 2831 1277 2911 delusa,
1325 2835 1396 2896 ut
1425 2833 1791 2913 plerumque
1823 2832 2177 2895 huiusmodi
2210 2831 2660 2914 cogitationum

372 2935 602 2998 inlecta
648 2934 973 2999 dulcedine
1020 2940 1084 2999 et
1113 2936 1210 2999 his
1243 2937 1492 3019 oppleta
1525 2936 1871 3000 simulacris
1906 2956 1983 3000 ne
2016 2939 2379 3019 praesentes
2412 2936 2659 3017 quidem

373 3043 549 3103 aetus
613 3041 710 3104 uel
774 3040 1000 3104 fratres
1063 3041 1272 3103 ualeat
1330 3042 1760 3124 contemplari,
1825 3042 1972 3105 dum
2033 3042 2149 3121 his,
2214 3060 2369 3122 quae
2430 3040 2662 3123 cogita-

295 3172 318 3209 ε,
374 3144 614 3207 tionum
676 3146 1120 3227 peruagatione
1181 3145 1452 3227 uigilans
1515 3146 1878 3225 somniauit,
1942 3146 2288 3210 delectatur
2340 3146 2661 3208 inhaerere

375 3249 550 3329 quasi
599 3250 780 3311 ueris,

465 3544 490 3597 1
531 3543 724 3597 mentis
763 3544 832 3597 H
948 3544 981 3597 2
1019 3542 1268 3596 scientiae
1306 3544 1375 3597 H
1490 3544 1819 3612 proficerunt
1860 3544 2005 3599 G¹H
2115 3546 2148 3599 3
2186 3544 2506 3598 modolatius
2544 3545 2659 3599 HL

372 3632 407 3683 4
444 3628 531 3682 uel
566 3630 756 3683 exossis
794 3631 862 3684 H
927 3629 1013 3683 uel
1051 3647 1108 3682 ex
1147 3630 1230 3683 his
1267 3631 1320 3685 L
1427 3631 1568 3698 quod
1607 3638 1732 3685 ante
1768 3634 2013 3700 parentes
2050 3650 2150 3687 om.
2190 3634 2243 3686 L
2349 3636 2381 3687 5
2428 3648 2489 3685 ac
2530 3633 2663 3687 GL:

374 3719 470 3769 aut
505 3718 650 3772 IITv
752 3716 970 3769 honoris
1008 3718 1061 3770 L
1168 3720 1199 3771 ‘7
1237 3717 1512 3786 persuadit
1535 3720 1605 3772 ΙΙ
1702 3721 1735 3773 8
1772 3722 2196 3787 perseuerassent
2220 3720 2289 3773 II
2386 3722 2419 3773 9
2458 3736 2563 3771 una
2586 3720 2660 3771 L¹

377 3805 437 3859 11
467 3804 704 3857 excolens
729 3805 782 3859 L
883 3807 946 3859 12
973 3820 1095 3857 nero
1121 3822 1220 3859 om.
1249 3806 1301 3859 L
1397 3804 1625 3871 gradum
1652 3805 1931 3859 clericatus
1955 3807 2026 3860 H
2114 3808 2179 3861 13
2202 3806 2503 3874 presbiterii
2534 3808 2660 3861 G¹L

373 3890 654 3959 presbiteri
690 3892 758 3946 H
857 3891 1028 3944 mittit
1064 3894 1128 3946 ΙΙ
1239 3892 1385 3946 uitus
1423 3891 1613 3945 fuisset
1648 3935 1657 3946 .
1690 3935 1701 3945 .
1731 3936 1740 3946 .
1760 3910 1890 3962 pay.
1916 3896 2037 3961 203,
2060 3898 2133 3947 23
2175 3893 2271 3946 tali
2316 3892 2549 3946 remedio
2595 3910 2661 3963 po

373 3984 562 4032 extant
594 3980 656 4033 in
701 3980 746 4033 G
874 3981 940 4033 14
976 3979 1175 4031 acriore
1213 3978 1495 4048 depinguit
1531 3980 1599 4032 H
1666 3995 1724 4031 ac
1762 3978 1931 4047 rigide
1969 3979 2144 4048 pingit
2179 3982 2232 4034 L
2364 3982 2431 4036 16
2472 3980 2597 4033 dein
2632 3999 2664 4035 v

376 4068 439 4120 17
482 4064 751 4119 doctrinas
789 4082 884 4118 suo
911 4066 963 4120 L
1073 4069 1138 4121 18
1176 4065 1308 4119 cella
1339 4068 1452 4121 GT:
1491 4066 1684 4119 cellula
1712 4068 1853 4121 GLv
1910 4065 2095 4119 cellola
2118 4068 2186 4121 H
2205 4070 2273 4137 cf.
2294 4086 2423 4138 pay.
2447 4072 2569 4135 203,
2596 4072 2664 4122 17

375 4152 567 4205 domus
593 4154 660 4207 H
763 4156 826 4208 19
853 4152 1022 4221 adque
1055 4154 1101 4207 G
1191 4154 1411 4207 circuire
1442 4154 1571 4209 G²L
1669 4154 2037 4207 conuersiones
2062 4172 2121 4209 v:
2146 4154 2559 4208 conuersationis
2585 4156 2661 4208 L¹

373 4238 802 4293 conum-sationes
836 4241 949 4295 rell.
1057 4242 1122 4295 21
1162 4240 1342 4308 agitur
1368 4284 1377 4294 .
1405 4283 1416 4294 .
1447 4282 1457 4293 .
1487 4240 1613 4293 uani
1649 4257 1805 4295 enan.
1844 4242 1906 4295 in
1934 4242 1981 4295 0
2083 4241 2233 4293 uelut
2267 4242 2323 4294 iu
2362 4242 2435 4295 G²
2540 4257 2661 4310 pro-

373 4326 722 4381 fundissimos
767 4344 924 4396 opere
967 4328 1022 4381 L
1152 4329 1220 4381 23
1267 4326 1536 4381 dulcidine
1585 4328 1655 4382 H
1776 4326 2023 4397 subpleta
2067 4329 2135 4383 H
2268 4328 2561 4397 praesentis
2609 4330 2661 4383 L

371 4416 442 4469 24
481 4413 640 4467 deum
678 4430 739 4466 ex
775 4414 858 4467 his
896 4415 971 4469 L¹
1079 4417 1146 4469 25
1183 4416 1568 4483 peruagationfi
1604 4416 1659 4469 L
