3167 4975
1213 467 1545 522 nominum
1584 471 1648 522 et
1684 485 1910 522 rerum.
2599 469 2730 535 425

390 640 561 694 Maria
605 641 758 709 uirgo
808 643 855 696 G
884 641 947 706 V,
984 645 1032 706 6,
1071 645 1117 698 3.
1166 643 1435 698 theotocos
1472 645 1539 699 N
1586 641 1860 696 miraculis
1927 645 2126 696 raestat
2158 643 2432 698 humilitas
2465 643 2512 698 0
2539 643 2651 707 XV,
2678 647 2726 698 7.

496 711 568 774 II,
596 713 645 773 2,
672 716 705 766 8
740 719 791 766 et
818 714 1045 782 passim.

389 779 561 904 Maiga
576 780 844 905 lMarthae
888 798 1035 836 soror
1078 783 1125 837 C
1156 782 1199 847 Ι,
1234 785 1281 838 8.
1329 783 1530 847 ΧΧΙΠ,

1693 713 1892 766 miracu
1918 728 2073 766 orum
2119 713 2294 781 gratia
2337 713 2394 766 in
2447 713 2643 766 sanctis
2697 731 2729 766 a

1692 782 1964 907 m01‘17achis
1998 799 2104 837 non
2133 783 2429 837 affectanda
2463 783 2510 838 0
2539 783 2652 847 XV,
2677 786 2724 838 2.

1691 855 1792 906 6—
1833 895 1842 905 .

390 919 606 973 Martha
638 922 683 976 C
702 920 747 982 1.
767 925 815 978 8.
842 923 907 976 N
928 921 1019 986 VI,
1050 923 1129 986 19,
1156 925 1202 978 2.
1230 921 1349 988 VII,
1382 926 1461 988 10,
1480 925 1528 978 2.
1586 921 1978 976 misericordiae
2033 923 2286 977 meritum
2341 926 2602 991 quantum
2657 923 2730 975 sit

392 991 647 1058 martyrio
706 994 921 1060 peccata
981 993 1259 1062 expiantur
1318 992 1366 1046 Ο
1416 992 1529 1058 ΧΧ,

390 1135 688 1198 martyrum
725 1130 821 1184 reli
862 1131 977 1184 uiae
1022 1133 1068 1187 0
1098 1131 1191 1196 VI,
1221 1135 1265 1196 1,
1292 1135 1338 1188 2.

388 1198 691 1254 Matthaeus
722 1201 831 1270 pub
855 1201 1036 1254 icanus
1069 1202 1137 1255 ad
1174 1201 1397 1256 salutem
1437 1203 1530 1256 ad-

494 1272 699 1324 tractus
744 1270 790 1324 0
820 1271 971 1336 XIII,
1004 1275 1083 1336 11,
1114 1276 1159 1328 1.

390 1340 685 1394 matutinae
731 1342 995 1395 orationes
1043 1357 1147 1410 quo
1192 1345 1429 1410 tempore
1478 1344 1533 1395 et

493 1408 587 1462 ubi
625 1411 735 1464 sint
770 1411 1046 1466 institutae
1072 1414 1112 1466 I
1140 1411 1241 1476 111,
1268 1414 1315 1466 3.
1354 1415 1529 1466 matu-

493 1480 609 1532 tina
652 1479 979 1534 sollemnitas
1026 1482 1273 1534 canonice
1320 1481 1377 1534 in
1417 1497 1530 1534 mo-

494 1551 724 1603 nasterio
748 1549 1151 1604 Bethleemitico
1175 1551 1424 1620 primitus
1449 1551 1531 1604 in-

495 1619 685 1672 stituta
721 1622 761 1674 I
788 1620 889 1684 III,
918 1623 968 1684 4,
1000 1623 1044 1676 1.
1084 1621 1376 1674 matutinae
1450 1638 1529 1674 re·

494 1705 579 1742 ces
604 1689 765 1743 etiam
785 1707 817 1743 a
834 1689 981 1744 laicis
1006 1691 1299 1744 offeruntur
1326 1691 1373 1744 O
1436 1691 1529 1756 XI,

494 1761 575 1814 26.
638 1759 917 1813 matutinis
976 1759 1303 1814 orationibus
1364 1761 1529 1815 finitis

496 1829 767 1883 monachis
813 1830 879 1883 ad
926 1845 1173 1884 somnum
1210 1831 1381 1884 redire
1423 1847 1531 1885 non

492 1899 701 1953 licitum
738 1901 781 1954 I
807 1900 909 1964 ΙΙΙ,
939 1904 985 1956 5.

388 1968 612 2091 mazffes
659 1970 803 2024 natio
851 1969 1080 2024 inmanis
1122 1972 1177 2023 et
1214 1970 1444 2024 crudelis
1488 1971 1532 2026 0

389 2108 563 2162 media
600 2125 731 2177 quae
770 2110 879 2163 sint
918 2109 963 2164 0
994 2109 1086 2174 VI,
1114 2111 1161 2174 3,
1187 2111 1235 2164 2.
1273 2109 1416 2174 XXI,
1448 2112 1526 2175 12,

491 2183 539 2234 4.
578 2179 755 2232 media
777 2179 914 2232 bona
940 2179 1007 2232 ad
1085 2178 1359 2248 rincipalia
1386 2179 1527 2233 ordi-

492 2248 669 2302 nanda
706 2251 831 2303 sunt
876 2251 922 2304 Ο
952 2249 1049 2302 XX
1083 2290 1096 2313 ,
1126 2251 1204 2304 15.

388 2319 722 2372 mediocritas
764 2319 821 2372 in
858 2320 1001 2372 omni
1041 2336 1095 2372 re
1133 2319 1335 2387 optima
1378 2319 1424 2374 Ο
1456 2319 1525 2382 ΙΙ,

388 2458 663 2513 meditat-io
700 2459 1085 2528 scripturarum
1119 2457 1165 2515 G
1196 2458 1239 2523 I,
1267 2461 1315 2523 7,
1347 2461 1381 2515 2
1405 2465 1453 2515 et
1479 2461 1524 2514 3.

495 2532 573 2591 17,
602 2533 635 2585 2
658 2532 750 2584 all.

384 2598 737 2653 Melchisedec
782 2598 829 2653 G
859 2598 1008 2662 vm,
1035 2600 1117 2661 23,
1145 2602 1177 2653 3
1214 2600 1385 2666 (dat).

388 2668 561 2723 mellis
597 2686 767 2737 genus
805 2684 865 2721 ex
902 2668 1079 2723 tritico
1126 2669 1172 2723 G
1202 2668 1324 2732 XII,
1350 2672 1401 2733 8,
1425 2673 1472 2724 4.

388 2738 599 2792 melotis
635 2742 675 2794 I
704 2738 748 2801 Ι,
776 2742 824 2793 7.
856 2740 935 2793 10.
973 2737 1104 2802 IIII,
1135 2741 1212 2794 13.

386 2808 725 2862 membranae
763 2806 959 2862 codicis
995 2810 1036 2862 Ι
1064 2807 1127 2872 V,
1152 2811 1237 2871 39,
1262 2810 1310 2863 3.

386 2878 641 2931 memoria
713 2877 797 2931 dei
867 2877 1075 2931 assidue
1143 2877 1422 2931 retinenda
1488 2878 1533 2933 (J

490 2947 691 3011 XXIII,
729 2950 777 3003 9.

387 3017 695 3071 memoriter
723 3016 943 3085 quidam
976 3016 1232 3071 tenebant
1256 3016 1527 3085 euangelia

499 3088 545 3142 Ο
580 3086 725 3150 VIII,
752 3089 836 3151 23,
860 3089 909 3141 4.

389 3153 727 3211 mendacium
773 3170 1176 3223 nonnumquam
1222 3155 1431 3210 licitum
1479 3158 1533 3210 et

492 3226 759 3281 laudabile
804 3226 853 3282 0
882 3224 1051 3289 XVII,
1082 3228 1145 3281 17
1169 3242 1278 3296 sqq.

388 3300 529 3366 μῆνις
567 3296 697 3365 quid
732 3296 803 3349 Sit
846 3296 893 3351 C
922 3296 986 3359 V,
1017 3298 1098 3359 11,
1124 3299 1170 3350 7.

388 3365 583 3420 mentis
632 3365 861 3435 qualitas
905 3364 1181 3419 mutabilis
1233 3364 1281 3419 0
1317 3364 1409 3429 VI,
1450 3368 1528 3420 14.

492 3435 613 3499 VII,
650 3440 700 3499 4,
736 3438 784 3491 2.
823 3434 1002 3499 VIIII,
1040 3436 1088 3488 4.
1144 3450 1296 3489 mens
1350 3438 1533 3488 nostra

491 3505 683 3575 quibus
747 3521 808 3559 ex
870 3505 1040 3559 causis
1100 3503 1423 3573 adgrauetur
1490 3505 1537 3559 Ο

489 3576 669 3641 VIIII,
696 3578 742 3630 5.

384 3645 847 3727 Mesopotamenus
893 3643 1112 3712 quidam
1162 3644 1451 3698 monachus
1500 3662 1531 3697 a

492 3714 701 3769 diabolo
740 3714 993 3783 deceptus
1038 3713 1085 3769 0
1114 3714 1187 3777 11,
1215 3717 1263 3771 8.

385 3784 769 3910 Mesopotalmia
792 3785 835 3839 I
854 3801 941 3853 pr.
969 3787 1017 3839 9.
1044 3782 1147 3847 III,
1177 3786 1221 3839 1.
1249 3786 1297 3847 3,
1328 3786 1371 3838 1.
1400 3782 1529 3848 1111,

386 3923 599 3978 ‘meum'
625 3926 679 3977 et
704 3921 897 3977 ‘tuum'
930 3938 961 3975 a
999 3921 1070 3975 ud
1104 3922 1391 3976 monachos
1424 3938 1531 3975 non

492 3992 809 4049 audiebatur
844 3993 887 4047 I
1031 4032 1043 4055 ‚
1075 3994 1152 4048 13.

384 4062 637 4117 Michael:
676 4064 785 4118 dat.
813 4061 1061 4116 Michaeli
1106 4061 1152 4117 G
1182 4060 1333 4125 VIII,
1374 4065 1452 4124 10,
1480 4063 1528 4116 2.

384 4132 602 4187 Miletus
637 4134 680 4187 I
706 4132 770 4197 X,
800 4135 879 4189 18.

386 4202 581 4255 militia
616 4204 697 4256 est
720 4202 1005 4255 hominum
1031 4199 1148 4255 uita
1170 4203 1211 4255 Ι
1239 4200 1302 4265 V,
1332 4203 1393 4255 17
1419 4217 1528 4270 sqq.

384 4271 681 4325 Mineruius
710 4288 799 4341 pr.
838 4270 987 4327 Conl.
1019 4288 1077 4341 p.
1105 4270 1207 4334 ΙΠ,
1242 4271 1291 4351 §-
1320 4273 1365 4326 1.

386 4341 621 4396 ministri
665 4340 871 4395 malitia
917 4356 1023 4394 non
1068 4338 1295 4410 impedit
1332 4338 1529 4393 doctri-

491 4428 588 4465 nae
624 4410 905 4466 ueritatem
950 4410 997 4466 0
1027 4408 1100 4472 II,
1131 4412 1208 4466 14.

1699 991 1745 1047 G
1774 992 1849 1056 11,
1874 994 1923 1057 2,
1948 995 1997 1048 2.

1586 1061 1770 1116 missa:
1807 1064 1875 1130 cf.
1905 1063 2027 1116 Ind.
2056 1064 2199 1118 ucrb.

1586 1132 1973 1185 monachorum
2019 1132 2122 1185 tria
2162 1148 2357 1200 genera
2391 1131 2448 1184 in
2485 1131 2728 1200 Aegypto

1699 1202 1745 1256 C
1793 1201 2000 1266 XVIII,
2044 1204 2102 1264 4,
2145 1205 2194 1257 2.
2255 1205 2506 1270 quartum
2560 1218 2728 1269 genus

1690 1271 1889 1334 XVIII,
1915 1274 1963 1327 8.
1992 1271 2132 1325 unde
2159 1271 2287 1326 dicti
2319 1273 2366 1326 G
2383 1271 2582 1334 XVIII,
2609 1275 2656 1334 5,
2677 1275 2726 1326 4.

1690 1340 2072 1395 monachorum
2127 1341 2276 1410 origo
2333 1342 2379 1396 Ο
2427 1340 2636 1406 XVIII,
2679 1345 2726 1396 5.

1689 1410 1812 1464 finis
1857 1411 1904 1466 G
1934 1410 2116 1474 VIIII,
2142 1413 2189 1466 2.
2230 1411 2610 1465 monachorum
2647 1427 2728 1464 re—

1691 1497 1813 1534 cens
1840 1483 2174 1550 receptorum
2208 1481 2532 1535 uestimenta
2562 1497 2594 1534 a
2621 1479 2728 1533 dis-

1688 1553 1966 1620 pensatore
1981 1554 2264 1606 seruantur
2278 1553 2318 1606 Ι
2329 1550 2461 1614 ΠΙΙ,
2477 1553 2522 1606 6.
2543 1566 2728 1603 eorum

1689 1619 1934 1689 probatio
1976 1621 2104 1674 olim
2141 1637 2324 1674 seuera
2358 1623 2398 1676 Ι
2427 1620 2557 1684 IIII,
2592 1623 2640 1675 3.
2676 1623 2724 1674 7.

1688 1691 1770 1744 27.
1806 1693 1887 1746 30.
1923 1693 1990 1745 32
2011 1721 2042 1728 -
2065 1693 2146 1745 33.
2178 1693 2258 1746 36.
2307 1690 2354 1746 0
2383 1689 2498 1754 XX,
2528 1694 2572 1746 1.
2611 1705 2725 1743 mo·

1691 1760 1845 1813 nachi
1891 1759 2121 1814 iuniores
2167 1760 2430 1828 quomodo
2468 1758 2533 1813 ab
2571 1759 2724 1812 initio

1689 1829 2006 1883 instituendi
2043 1832 2080 1884 1
2111 1829 2233 1894 XII,
2271 1833 2491 1885 26—27.
2539 1829 2725 1882 statim

1687 1899 1951 1952 uoluntati
2042 1900 2245 1968 ropriae
2297 1899 2598 1954 renuntiare
2646 1899 2726 1952 di—

1689 1972 1840 2023 scant
1864 1972 1904 2024 I
1921 1969 2008 2022 111
2038 2010 2051 2034 ‚
2077 1973 2124 2026 8.
2151 1969 2214 2034 V,
2241 1972 2324 2026 28.
2355 1968 2618 2037 quomodo
2646 1969 2725 2022 ui—

1687 2041 1801 2091 tam
1838 2055 1988 2092 suam
2026 2038 2091 2092 ab
2127 2039 2282 2093 initio
2319 2038 2596 2094 instituere
2636 2037 2725 2091 de-

1685 2106 1849 2163 beant
1873 2111 1913 2163 I
1939 2109 1999 2173 V,
2027 2112 2110 2164 41.
2149 2109 2418 2162 seniorum
2484 2112 2727 2177 raecepta

1688 2177 1950 2232 discutere
1989 2195 2095 2232 non
2133 2178 2329 2232 debent
2373 2178 2418 2233 (J
2500 2178 2648 2242 VIII,
2675 2180 2723 2232 3.

1687 2247 1980 2301 senioribus
2017 2249 2198 2302 omnia
2233 2251 2433 2302 secreta
2469 2265 2564 2301 sua
2605 2263 2725 2316 ape-

1689 2318 1831 2371 riant
1872 2321 1911 2373 I
1947 2318 2085 2382 IIII,
2123 2322 2170 2374 9.
2228 2317 2500 2372 monachis
2546 2317 2724 2371 omnia

1687 2388 1990 2441 communia
2041 2389 2087 2443 (J
2125 2387 2364 2452 XXIIII,
2401 2391 2484 2442 26.
2541 2403 2724 2440 eornm

1687 2457 1801 2512 uita
1891 2473 2035 2539 ugna
2087 2457 2346 2526 quaedam
2389 2458 2432 2513 I
2461 2457 2602 2522 IIII,
2641 2459 2722 2514 38.

1687 2544 1833 2581 recor
1873 2532 2104 2581 ationem
2134 2532 2416 2597 parentum
2443 2532 2496 2581 et
2529 2528 2724 2581 amico-

1688 2614 1808 2651 rum
1829 2598 2002 2651 nitent
2022 2601 2062 2653 I
2079 2598 2140 2662 V,
2167 2601 2250 2653 32.
2273 2596 2338 2651 ab
2359 2598 2723 2678 episcoporum

1689 2670 1744 2721 et
1799 2667 2080 2721 mulierum
2143 2666 2506 2721 familiaritate
2568 2666 2726 2721 alieni

1688 2754 1800 2790 esse
1838 2736 2034 2790 debent
2070 2739 2110 2791 I
2137 2736 2231 2800 XI,
2265 2740 2344 2793 18.
2383 2752 2570 2789 eorum
2606 2753 2724 2805 per—

1689 2806 1908 2860 fectioni
1951 2804 2150 2859 obsunt
2190 2805 2427 2859 subsidia
2470 2822 2502 2859 a
2573 2822 2724 2859 aren-

1689 2875 1831 2929 tibus
1855 2879 1909 2929 et
1933 2876 2118 2929 amicis
2141 2876 2395 2945 praestita
2427 2876 2473 2931 0
2593 2874 2724 2943 IIII,

1693 2948 1910 3001 10—12.
1976 2962 2127 3000 curas
2192 2944 2484 2998 saeculares
2543 2944 2726 3012 fugere

1691 3014 1888 3068 debent
1943 3016 1988 3069 G
2029 3014 2206 3079 VHII,
2246 3018 2397 3070 5—6.
2451 3015 2726 3068 monachis

1727 3086 2075 3153 raescriptum
2119 3084 2292 3137 somni
2328 3086 2438 3139 tem
2477 3101 2538 3137 us
2581 3100 2726 3137 exce-

1689 3102 1816 3208 l(lere
1852 3170 1960 3208 non
1997 3170 2304 3208 concessum
2342 3156 2383 3208 Ι
2458 3193 2471 3217 ,
2506 3156 2588 3208 20.
2635 3153 2725 3207 ab·

1691 3224 1846 3278 iectio
1871 3222 2190 3277 facultatum
2211 3227 2266 3278 et
2285 3222 2726 3278 commoditatum

1691 3294 1985 3349 necessaria
2037 3293 2083 3349 G
2124 3293 2196 3357 II,
2230 3296 2279 3358 2,
2315 3296 2362 3349 2.
2411 3292 2642 3357 XXIIII,
2677 3296 2724 3347 2.

1729 3364 1948 3417 atientia
1983 3363 2275 3417 necessaria
2310 3365 2348 3417 1
2377 3362 2508 3420 IIII.
2534 3365 2618 3417 41.
2657 3363 2727 3415 si·
2801 3374 2806 3381 ·

1711 3434 1914 3487 entium
1987 3437 2042 3487 et
2113 3431 2345 3487 solitudo
2413 3433 2726 3502 praesertim

1689 3502 1985 3558 iunioribus
2023 3502 2176 3557 utilia
2211 3505 2252 3557 Ι
2279 3502 2351 3566 11,
2391 3505 2469 3558 15.
2508 3501 2728 3556 libertas

1691 3573 1831 3627 uitae
1886 3589 1993 3627 non
2037 3589 2284 3627 concessa
2335 3572 2382 3629 Ο
2421 3572 2634 3635 XVIII,
2679 3574 2726 3627 7.

1726 3643 1912 3697 uritati
1941 3642 2118 3696 cordis
2151 3658 2358 3711 semper
2389 3642 2603 3696 studere
2639 3641 2726 3694 de-

1727 3715 1820 3766 ent
1843 3714 1883 3767 1
1907 3712 1970 3776 V,
2003 3714 2067 3768 14
2090 3731 2152 3782 sq
2189 3756 2198 3766 .
2236 3728 2296 3765 co
2339 3712 2581 3765 'tationes
2607 3727 2728 3765 suas

1690 3780 1995 3836 custodiant
2055 3782 2102 3837 0
2377 3822 2390 3846 ,
2437 3784 2483 3836 6.
2545 3781 2728 3849 quales

1691 3867 1747 3904 er
1787 3868 1819 3905 a
1880 3850 2160 3905 iniuriosos
2221 3866 2332 3904 esse
2392 3849 2620 3904 debeant
2687 3851 2733 3905 G

1689 3920 1738 3973 X
1826 3961 1839 3986 ,
1886 3922 1968 3976 26.
2035 3920 2418 3974 mona-chorum
2479 3918 2728 3987 obsequia

1689 3993 1879 4044 mutua
1902 3992 1942 4045 Ι
1959 3989 2090 4053 IIII,
2120 3993 2184 4045 19
2208 4008 2317 4059 sqq.
2345 3989 2727 4043 monachorum

1687 4060 1984 4129 priscorum
2039 4058 2318 4127 frugalitas
2366 4061 2407 4113 Ι
2447 4058 2528 4123 H,
2565 4063 2613 4113 5.
2663 4058 2725 4123 V,

1688 4132 1910 4184 26—27.
1958 4128 2005 4183 G
2033 4128 2106 4191 H,
2145 4132 2191 4184 5.
2232 4130 2310 4184 19.
2349 4128 2500 4193 VIII,
2531 4130 2572 4183 1.
2613 4143 2726 4181 mo-

1689 4198 1847 4253 nachi
1879 4214 1911 4251 a
1945 4197 2098 4251 coniu
2142 4198 2188 4250 'o
2217 4213 2423 4267 semper
2459 4196 2728 4251 abstinue-

1689 4271 1819 4323 runt
1862 4267 1909 4324 (J
1948 4268 1996 4321 X
2135 4307 2148 4331 ‚
2186 4271 2233 4322 5.
2279 4266 2552 4320 monachis
2595 4266 2730 4320 uitia

1688 4336 1954 4406 quomodo
2014 4335 2333 4406 exploranda
2399 4336 2444 4391 0
2498 4336 2728 4400 XVIIII,

1691 4410 1770 4464 12.
1799 4406 2062 4477 quomodo
2087 4406 2400 4475 corrigenda
2431 4406 2478 4461 (J
2496 4404 2728 4471 XVIIII,
