3167 4975
261 1577 314 1616 10

261 2099 310 2138 15

1172 439 1332 493 Inst.
1370 437 1480 493 lib.
1521 439 1615 502 VI,
1652 441 1843 496 7—12.
2538 441 2659 504 121

365 613 590 678 laxatis
639 617 945 694 occurrat,
991 614 1094 678 uel
1151 617 1318 678 certe
1374 615 1785 699 interpellans
1850 616 2055 681 nullos
2117 617 2663 700 concupiscentiae

367 721 574 782 motus
621 719 832 783 ualeat
877 719 1163 784 excitare.
1240 720 1390 784 licet
1444 721 1616 784 enim
1676 721 1754 784 ad
1813 721 2067 804 plenam
2125 723 2371 805 peccati
2433 739 2661 786 noxam

365 822 512 886 talis
579 823 916 888 commotio
975 824 1238 889 minime
1300 827 1657 909 reputetur,
1727 829 1941 890 tamen
2008 827 2278 890 necdum
2346 827 2661 911 perfectae

365 928 597 992 mentis
651 927 954 992 indicium
1007 932 1105 992 est
1165 947 1281 993 nec
1343 931 1420 994 ad
1465 948 1697 1014 purum
1744 930 1979 995 excocti
2022 931 2163 996 uitii
2210 932 2659 1012 manifestatiO,

365 1049 510 1095 cum
553 1051 666 1116 per
709 1032 967 1097 fallaces
1013 1033 1322 1118 imagines
1367 1033 1729 1100 huiusmodi
1774 1039 2067 1118 operatur
2110 1035 2359 1100 inlusio.

450 1136 559 1200 XI.
625 1135 910 1217 Qualitas
973 1138 1142 1202 enim
1202 1139 1687 1222 cogitationum,
1756 1157 1915 1222 quae
1984 1140 2472 1206 distentionibus
2534 1141 2657 1206 diei

365 1242 800 1326 neglegentius
861 1243 1230 1324 custoditur,
1291 1242 1597 1326 probatur
1658 1243 1869 1326 quiete
1915 1248 2241 1310 nocturna.
2320 1250 2383 1310 et
2428 1245 2657 1310 idcirco

365 1363 510 1410 cum
553 1346 980 1411 intercesserit
1031 1347 1244 1428 aliqua
1297 1347 1444 1412 talis
1505 1347 1765 1429 inlusio,
1828 1366 1952 1413 non
2015 1349 2201 1433 culpa
2260 1350 2465 1414 somni
2526 1368 2659 1413 cre-

365 1450 568 1515 denda
597 1453 714 1530 est,
761 1451 870 1514 sed
903 1451 1306 1534 neglegentia
1335 1453 1635 1536 temporis
1668 1453 2099 1536 praecedentis
2132 1458 2197 1518 et
2227 1455 2655 1518 manifestatio

367 1554 566 1618 morbi
611 1555 870 1620 latentis
915 1555 1316 1638 intrinsecuS‚
1363 1575 1550 1639 quem
1599 1574 1725 1622 non
1768 1558 2065 1641 primitus
2096 1559 2299 1624 noctis
2330 1560 2483 1624 hora
2514 1577 2659 1641 par-

365 1659 558 1740 turiit,
621 1661 729 1724 sed
789 1659 1033 1724 intimis
1097 1662 1342 1726 animae
1403 1662 1797 1726 reconditum
1858 1659 2033 1726 fibris
2094 1663 2172 1726 ad
2228 1663 2391 1728 cutis
2439 1682 2657 1746 super—

363 1763 565 1827 ficiem
633 1764 840 1829 somni
906 1765 1246 1830 refectione
1305 1766 1626 1848 produxit,
1696 1785 1965 1850 arguens
2025 1767 2303 1832 occultas
2365 1770 2655 1832 aestuum

363 1867 588 1949 febreS,
635 1887 791 1950 quas
822 1887 932 1952 per
979 1872 1184 1935 totum
1230 1869 1354 1934 diei
1401 1870 1679 1953 spatium
1724 1870 1923 1936 noxiis
1970 1871 2457 1954 cogitationibus
2489 1872 2655 1955 pasti

363 1973 812 2037 contraximus:
861 1976 934 2038 ut
977 1974 1184 2039 solent
1213 1975 1418 2039 malae
1449 1992 1697 2058 quoque
1740 1975 2119 2040 ualitudines
2152 1995 2481 2060 corporum
2530 1995 2653 2041 non

363 2096 436 2140 ea
480 2077 688 2161 colligi
735 2081 1114 2162 tempestate
1148 2079 1212 2142 in
1245 2097 1370 2161 qua
1399 2079 1697 2145 uidentur
1729 2099 2065 2164 emergere,
2114 2081 2223 2145 sed
2256 2082 2657 2164 neglegentia

363 2185 510 2246 sunt
553 2183 876 2266 praeteriti
912 2184 1210 2267 temporis
1243 2183 1615 2266 adquisitae,
1662 2202 1785 2266 quo
1816 2189 2038 2269 pastus
2072 2185 2212 2267 quis
2244 2185 2653 2268 inprudenter

363 2287 522 2350 escis
567 2287 894 2352 contrariis
942 2288 1156 2352 noxios
1202 2307 1452 2354 umores
1501 2289 1758 2354 sibimet
1802 2289 2149 2372 letalesque
2196 2290 2523 2354 contraxit.

446 2391 590 2455 XII.
636 2392 907 2474 Ideoque
953 2391 1216 2457 humani
1261 2393 1508 2478 generis
1555 2397 1799 2459 creator
1846 2397 1909 2458 et
1955 2395 2235 2459 conditor
2282 2395 2455 2476 deuS,
2518 2394 2651 2477 opi-

359 2496 483 2561 ficii
529 2498 628 2562 sui
675 2502 965 2563 naturam
1008 2517 1156 2583 prae
1203 2498 1496 2563 omnibus
1558 2500 2185 2582 emendationemque
2247 2519 2651 2584 cognoscens,

359 2601 484 2666 illic
529 2620 746 2667 curam
791 2602 1079 2667 adhibuit
1119 2604 1486 2685 medicinae,
1533 2604 1701 2668 unde
1732 2623 1955 2669 causas
1988 2604 2190 2669 morbi
2222 2606 2651 2689 principaliter

361 2710 619 2771 nouerat
664 2725 956 2772 emanare
1003 2707 1483 2790 quicumque,
1544 2708 1857 2791 inquienS‚
1918 2710 2199 2774 uiderit
2258 2710 2650 2774 mulierem

361 2810 446 2875 ad
491 2811 1176 2893 concupiscendum
1231 2830 1417 2893 eam,
1479 2812 1627 2877 iam
1682 2813 2121 2878 moechatus
2182 2818 2298 2878 est
2359 2832 2515 2877 eam
2576 2813 2649 2877 in

360 2918 576 2981 corde
645 2934 794 2981 suo.
886 2917 1244 3000 petulantes
1313 2919 1526 2982 oculos
1598 2921 1825 2983 notans
1895 2936 2020 2983 non
2080 2922 2214 2983 tam
2274 2936 2379 2983 eos
2442 2919 2651 3003 arguit

360 3038 552 3101 quam
597 3021 778 3085 illum
824 3020 1186 3086 interiorem
1241 3040 1518 3103 sensum,
1576 3022 1683 3104 qui
1738 3021 1945 3087 officio
1991 3041 2205 3087 eorum
2252 3023 2417 3087 male
2450 3023 2649 3087 utitur

361 3126 436 3189 ad
483 3126 843 3190 uidendum.
923 3144 1028 3191 cor
1081 3144 1354 3209 namque
1415 3129 1514 3191 est
1573 3144 1833 3211 aegrum
1898 3130 1961 3191 et
2020 3128 2305 3191 saucium
2364 3127 2647 3192 libidinis

360 3230 482 3295 telo
529 3231 692 3313 quod
740 3232 818 3295 ad
865 3230 1433 3315 concupiscendum
1479 3230 1674 3310 uidet,
1734 3230 2111 3295 beneficium
2166 3232 2435 3296 intuitus
2478 3236 2647 3296 recte

361 3334 614 3399 sibimet
661 3354 698 3399 a
741 3340 1016 3400 creatore
1063 3354 1430 3399 concessum
1479 3354 1594 3400 suo
1640 3336 1796 3400 uitio
1851 3336 1929 3401 ad
1989 3355 2249 3420 operum
2308 3353 2648 3421 prauorum

359 3440 710 3504 ministeria
752 3444 1168 3523 contorquens
1217 3444 1280 3504 et
1325 3441 1391 3505 in
1439 3445 1642 3505 semet
1702 3442 1837 3524 ipso
1898 3441 2291 3506 reconditum
2352 3441 2647 3524 concupi-

359 3544 632 3609 scentiae
665 3544 956 3609 morbum
1001 3545 1550 3629 contemplationis
1599 3546 1923 3611 occasione
1968 3546 2335 3629 producens
2416 3545 2644 3612 idcirco

563 3726 656 3795 21]
693 3724 886 3781 Matth.
913 3730 962 3791 5,
988 3728 1075 3783 28.

445 3876 470 3930 l
501 3872 681 3928 nullus
706 3874 823 3929 HL
927 3876 960 3929 6
991 3892 1106 3930 non
1141 3874 1434 3944 distinquit
1459 3876 1528 3929 H
1630 3873 2065 3929 distinctionibus
2090 3876 2143 3930 L
2249 3880 2283 3933 8
2308 3876 2501 3930 somnii
2526 3876 2643 3931 HL

356 3964 388 4016 9
415 3959 609 4030 neglig.
635 3960 706 4015 G¹
807 3963 872 4016 10
896 3976 990 4015 ora
1011 3961 1245 4030 parturit
1265 3963 1332 4016 H
1423 3964 1484 4017 11
1514 3961 1817 4015 reconditus
1839 3963 1892 4017 L
1986 3961 2151 4017 febris
2176 3964 2338 4018 ΗἹΙ]ι
2438 3966 2500 4019 12
2524 3979 2643 4031 per-

357 4048 506 4101 duxit
539 4050 606 4103 H
710 4050 773 4103 13
811 4046 972 4101 febris
1005 4049 1059 4103 L
1169 4051 1234 4105 14
1271 4047 1663 4103 ualetudinesA
1724 4047 2042 4103 ualitudinis
2065 4050 2140 4104 L¹
2252 4052 2315 4107 15
2342 4050 2531 4118 collegi
2557 4052 2642 4105 Η1

355 4134 409 4187 in
432 4152 533 4190 om.
560 4136 649 4191 Ar
753 4134 949 4203 neglig.
981 4134 1052 4191 θ’
1165 4138 1227 4192 17
1254 4136 1386 4189 escis
1421 4135 1580 4189 saluti
1610 4136 1893 4189 contrariis
1919 4136 2005 4191 Lv
2110 4136 2359 4191 humores
2385 4138 2438 4192 L
2508 4135 2641 4191 leta-

353 4220 519 4289 lisque
543 4222 614 4277 H
615 4224 630 4257 ¹
735 4220 1028 4293 letalesque
1055 4222 1108 4277 L
1219 4225 1282 4279 18
1307 4222 1385 4276 XI
1411 4224 1478 4277 H
1579 4222 1759 4292 opifici
1785 4226 1869 4278 H¹
1979 4226 2042 4279 19
2068 4222 2560 4292 emendationisque
2586 4226 2641 4279 A

353 4307 854 4377 emendationesque
883 4310 932 4363 T
1019 4310 1088 4365 20
1112 4309 1424 4379 principalis
1448 4313 1504 4366 A
1592 4312 1661 4366 22
1688 4310 2162 4380 concupiscendam
2192 4312 2273 4365 H¹
2365 4311 2641 4365 mechatus

357 4394 500 4451 G‘H
598 4396 668 4451 23
705 4398 900 4450 nutans
926 4398 995 4451 H
1093 4399 1162 4452 25
1198 4398 1497 4451 sauciatum
1521 4399 1591 4452 H
1690 4399 1758 4455 28
1796 4397 1973 4466 ipsum
1997 4399 2052 4452 A
2144 4400 2213 4453 29
2250 4399 2549 4452 occassione
2578 4399 2647 4453 H
