3167 4975
286 1603 338 1642 10

287 2135 336 2174 15

287 3180 342 3219 25

1231 463 1391 518 Inst.
1429 462 1536 518 lib.
1575 463 1639 528 V,
1665 465 1817 519 6—9.
2598 463 2679 527 87

387 641 554 705 enim
603 641 990 705 fortitudinis
1037 659 1146 704 esu
1195 658 1408 704 eorum
1455 639 1817 723 percipitur,
1880 641 2291 724 aegritudinis
2348 640 2562 705 labore
2608 659 2682 705 ac

386 746 732 809 defectione
780 746 1188 809 consumitur.
1241 743 1652 827 quamobrem
1698 747 1769 808 ut
1814 745 1971 808 nulli
2019 745 2215 809 statui
2246 746 2450 810 uirtus
2480 747 2683 829 parsi-

387 850 632 914 moniae
681 849 998 929 adimitur,
1061 850 1152 914 ita
1197 869 1272 912 ne
1323 849 1706 932 integritatis
1753 849 2007 930 quidem
2053 851 2515 916 consummatio
2576 852 2683 915 de-

389 959 672 1038 negat-ur.

473 1061 646 1124 VIII.
693 1059 1044 1124 Uerissima
1090 1062 1186 1122 est
1218 1060 1428 1142 itaque
1457 1061 1713 1142 patrum
1744 1059 2315 1143 probatissimaque
2347 1063 2681 1142 sententia,

385 1165 759 1229 ieiuniorum
808 1168 872 1228 et
916 1164 1340 1228 continentiae
1389 1165 1646 1229 modum
1695 1165 1757 1228 in
1804 1183 2101 1230 mensura
2152 1165 2481 1249 parcitatis
2540 1170 2682 1230 tan-

386 1273 522 1333 tum
572 1273 634 1333 et
679 1269 1092 1352 castigatione
1139 1270 1500 1349 consistere,
1549 1272 1615 1333 et
1658 1269 1827 1332 hunc
1873 1287 2011 1332 esse
2056 1271 2369 1353 perfectae
2424 1271 2681 1335 uirtutis

387 1375 452 1437 in
499 1393 830 1438 commune
877 1372 1170 1438 omnibus
1218 1373 1428 1454 finem,
1476 1377 1549 1438 ut
1579 1373 1761 1454 escis,
1811 1392 1966 1455 quas
2001 1393 2248 1438 sumere
2282 1376 2681 1440 sustentandi

387 1479 659 1561 corporis
707 1479 1083 1543 necessitate
1131 1478 1562 1561 conpellimur,
1618 1479 1823 1542 adhuc
1868 1479 1931 1542 in
1980 1479 2263 1563 adpetitu
2310 1499 2525 1544 earum
2570 1499 2682 1563 po-

389 1584 495 1647 siti
545 1587 986 1666 temperemus
1037 1583 1332 1665 quamuis
1379 1583 1548 1647 enim
1596 1583 1739 1665 quis
1786 1601 2039 1666 corpore
2072 1583 2156 1648 sit
2186 1583 2497 1666 infirmae,
2542 1605 2683 1669 per-

387 1690 619 1753 fectam
667 1689 968 1752 uirtutem
1015 1706 1404 1770 aequamque
1436 1688 1717 1752 robustis
1750 1705 1821 1751 ac
1853 1687 2026 1752 sanis
2059 1689 2123 1752 in
2156 1688 2449 1753 omnibus
2480 1690 2682 1774 possi·-

387 1793 579 1875 debit,
643 1793 694 1856 si
742 1793 1069 1872 desideria,
1131 1811 1290 1875 quae
1345 1793 1658 1877 fragilitas
1719 1793 1926 1856 carnis
1986 1812 2111 1857 non
2176 1794 2387 1878 exigit,
2450 1795 2681 1858 mentis

385 1899 590 1982 rigore
636 1898 920 1982 castiget.
971 1899 1292 1981 apostolus
1339 1897 1572 1980 inquit:
1638 1901 1710 1962 et
1754 1898 2004 1962 carnis
2060 1917 2311 1962 curam
2357 1917 2444 1962 ne
2489 1899 2680 1963 feee-

385 2003 560 2067 ritis
607 2004 680 2066 in
729 2002 1149 2066 desideriis,
1227 2021 1352 2066 non
1401 2021 1546 2086 ergo
1595 2021 1813 2067 curam
1859 2003 1993 2067 eius
2048 2002 2426 2067 omnimodis
2486 2003 2681 2068 inter-

389 2109 563 2188 dixit,
613 2108 720 2170 sed
769 2111 840 2170 ut
885 2108 949 2170 in
996 2107 1322 2170 desideriis
1355 2106 1532 2170 fieret
1565 2107 1921 2191 denegauit.
1970 2107 2415 2190 uoluptuosam
2448 2108 2683 2172 ademit

388 2213 784 2296 diligentiam
829 2214 1056 2292 carniS,
1118 2210 1642 2296 gubernationem
1688 2211 1859 2276 uitae
1914 2212 2333 2276 necessariam
2392 2230 2517 2276 non
2580 2233 2682 2276 ex-

388 2318 604 2382 clusit:
651 2317 806 2381 illud
854 2337 932 2380 ne
977 2317 1370 2400 indulgentia
1399 2317 1607 2407 carnis
1640 2317 1717 2380 ad
1750 2317 2201 2382 desideriorum
2242 2317 2681 2401 occupationes

389 2423 604 2489 noxias
649 2422 1078 2503 deuoluamur,
1124 2422 1242 2486 hoc
1288 2440 1436 2486 uero
1483 2440 1561 2485 ne
1609 2425 1974 2505 corruptum
2022 2426 2235 2488 nostro
2270 2422 2425 2486 uitio
2458 2441 2679 2507 corpus

389 2528 702 2612 spiritale-s
751 2547 822 2592 ac
867 2528 1251 2592 necessarias
1297 2527 1653 2591 functiones
1701 2528 1945 2611 explere
1992 2546 2117 2592 non
2163 2528 2383 2611 possit.

474 2633 681 2697 VIIII.
733 2632 995 2697 Summa
1039 2634 1231 2715 igitur
1277 2632 1702 2697 continentiae
1748 2651 1874 2697 non
1921 2633 2055 2697 sola
2099 2634 2401 2717 temporis
2440 2634 2683 2698 ratione

389 2758 504 2803 nec
536 2756 820 2802 escarum
855 2738 1158 2819 qualitate
1190 2737 1651 2817 tantummodo,
1698 2738 1806 2801 sed
1840 2741 1985 2801 ante
2018 2738 2231 2801 omnia
2262 2738 2681 2802 conscientiae

390 2843 616 2907 iudicio
679 2842 1030 2925 colligenda
1089 2846 1201 2906 est.
1281 2845 1530 2906 tantum
1588 2842 1759 2905 enim
1818 2841 2007 2905 debet
2066 2842 2499 2923 unusquisque
2560 2841 2681 2906 sibi

390 2948 776 3031 frugalitatis
835 2948 1139 3028 indicere,
1203 2949 1510 3029 quantum
1571 2964 1903 3030 corporeae
1964 2946 2409 3011 obluctationis
2469 2964 2683 3031 pugna

393 3053 688 3135 deposcit.
753 3052 928 3115 utilis
975 3052 1226 3133 quidem
1276 3056 1338 3116 et
1385 3051 1763 3115 omnimodis
1811 3052 2204 3115 obseruanda
2248 3050 2549 3115 canonica
2594 3051 2681 3113 ie—

392 3158 706 3221 iuniorum
751 3156 1064 3220 custodia:
1113 3157 1222 3220 sed
1268 3156 1390 3220 nisi
1436 3156 1601 3219 hane
1646 3156 1814 3239 frugi
1861 3156 2051 3221 fuerit
2096 3154 2377 3219 ciborum
2423 3156 2680 3219 refectio

601 3312 689 3380 13]
727 3312 880 3365 Rom.
914 3314 991 3375 13,
1023 3314 1102 3366 14.

475 3448 508 3499 2
543 3441 891 3512 quamobrem
920 3485 930 3495 .
959 3485 970 3496 .
1001 3485 1012 3495 .
1039 3442 1214 3495 uirtus
1247 3460 1348 3497 om.
1376 3444 1457 3496 L.-
1490 3444 1552 3495 in
1589 3458 1753 3511 mary.
1794 3460 1856 3496 m.
1883 3446 1921 3496 2
1946 3444 2143 3513 leyitur
2176 3445 2230 3495 et
2262 3441 2337 3509 (et
2374 3442 2501 3497 add.
2532 3460 2597 3497 m.
2626 3443 2679 3511 3)

390 3535 448 3584 ut
473 3530 608 3584 nulli
634 3530 800 3583 statui
825 3530 1001 3583 uirtus
1077 3530 1388 3599 parsimonii
1413 3528 1459 3584 C
1504 3529 1831 3597 parsimonia
1850 3530 1925 3583 A¹
2018 3534 2048 3585 5
2068 3528 2233 3583 VIIII
2259 3529 2309 3583 G
2400 3529 2679 3583 uerissima

391 3662 401 3671 .
432 3663 441 3672 .
469 3660 480 3670 .
505 3616 745 3686 probatis
780 3636 934 3673 euan.
963 3620 1026 3673 in
1057 3617 1102 3673 0
1206 3621 1237 3671 6
1272 3632 1577 3670 mensuram
1611 3616 1657 3671 C
1760 3619 1793 3672 8
1827 3633 1969 3670 escas
1994 3618 2049 3671 A
2156 3614 2222 3669 ab
2258 3616 2390 3669 escis
2415 3618 2584 3671 HTv:
2608 3619 2677 3685 cf.

387 3750 505 3801 cap.
524 3737 610 3800 21,
636 3736 684 3786 5.
703 3736 776 3786 22
871 3732 932 3786 11
962 3689 1320 3799 3111111311]ᾳῦγᾶΥ
1413 3730 1665 3784 robustus
1695 3730 1887 3783 G2HT
1975 3745 2134 3781 sanus
2164 3728 2385 3783 G2H²T
2403 3728 2541 3797 (noli
2564 3747 2679 3785 cor-

387 3822 556 3889 riyere
593 3837 715 3873 cum
750 3837 806 3874 r:
850 3834 1012 3887 aeque
1051 3834 1210 3886 quam
1257 3818 1507 3872 robustus
1545 3834 1607 3871 ac
1630 3818 1812 3885 sanus)
1918 3814 2259 3885 possideuitis
2296 3816 2341 3869 si
2383 3816 2429 3871 Ο
2463 3824 2525 3871 ut
2560 3818 2675 3871 uid.

390 3911 452 3963 12
489 3907 664 3960 carnis
698 3906 963 3975 fragilitas
999 3908 1054 3961 A
1187 3922 1295 3959 non
1339 3924 1442 3961 om.
1480 3907 1597 3960 HT
1592 3924 1623 3959 r
1658 3908 1778 3971 eget
1812 3922 1878 3958 ex
1913 3903 2025 3971 egit
2061 3903 2116 3957 A
2248 3905 2313 3958 13
2350 3902 2537 3970 inquid
2575 3904 2685 3957 AT

383 3994 695 4063 perficeritis
733 3995 802 4049 H
938 3996 1002 4049 14
1032 4000 1160 4063 post
1198 3993 1474 4047 desideriis
1512 3993 1580 4047 H
1610 3994 1767 4047 habet
1802 3992 1969 4045 uerba
2007 3990 2253 4057 quamuis
2286 4034 2296 4044 .
2336 4032 2346 4043 .
2384 4032 2394 4043 .
2432 3989 2678 4043 infirmus

384 4084 457 4149 (u.
485 4084 592 4151 10),
630 4100 728 4137 suo
768 4084 882 4137 loco
919 4082 1122 4137 omissa
1232 4083 1294 4135 15
1333 4080 1525 4133 adimit
1561 4080 1753 4133 AG¹T
1857 4080 1921 4133 16
1958 4077 2401 4145 guuernationem
2445 4078 2491 4131 G
2593 4092 2679 4129 ex-

383 4169 602 4222 cluserit
630 4170 702 4223 &⁷²
814 4170 878 4224 17
915 4168 1275 4237 occupationis
1313 4168 1397 4221 Η1
1507 4170 1572 4222 18
1620 4166 1799 4219 noxios
1842 4165 1916 4218 G¹
2026 4163 2344 4217 deuoluatur
2378 4166 2454 4219 L¹
2563 4179 2677 4217 cor-

383 4260 538 4325 rupto
582 4256 628 4311 C
733 4258 798 4311 19
833 4254 1091 4324 spiritalis
1129 4256 1198 4309 H
1297 4256 1365 4309 20
1403 4270 1651 4307 summa.
1684 4297 1693 4306 .
1725 4296 1733 4305 .
1763 4251 1877 4306 sola
1912 4254 2020 4305 tem
2059 4268 2215 4305 man.
2252 4253 2314 4305 in
2354 4250 2401 4306 Ο
2506 4251 2677 4304 conti-

381 4344 563 4397 nentia
587 4344 656 4398 H
755 4342 866 4397 solo
893 4344 960 4397 H
961 4346 976 4379 ²
1083 4346 1144 4398 21
1188 4358 1396 4395 scarum
1427 4342 1474 4395 0
1577 4344 1647 4396 23
1673 4340 1982 4409 fragilitatis
2008 4340 2124 4394 HT
2226 4337 2597 4392 oblectationis
2621 4340 2676 4394 A

379 4433 446 4485 24
484 4430 820 4484 obseruanda
854 4434 934 4484 est
977 4430 1083 4487 G'v
1189 4432 1254 4484 25
1290 4428 1436 4499 frugi
1473 4446 1575 4485 om.
1616 4429 1670 4483 A
1742 4426 2071 4497 frugalitatis
2110 4426 2179 4481 Η
2242 4424 2469 4496 frugalis
2509 4426 2559 4480 T
