3167 4975
258 1597 311 1636 10

256 2121 305 2160 15

244 3166 297 3207 25

932 459 1161 509 contra
1196 455 1579 510 Nestorium
1615 456 1726 512 lib.
1753 455 1874 521 VII,
1913 461 2101 514 9—12.
2534 460 2658 523 367

366 649 513 693 uere
559 631 624 694 in
670 631 947 694 humano
986 649 1239 714 corpore
1287 632 1475 695 deum
1508 634 1758 698 uenisse
1791 637 2212 716 cognouerat?
2259 651 2381 698 non
2416 635 2658 717 utique:
2710 644 2746 696 2

367 733 475 797 sed
525 736 770 818 magnis
819 737 1142 820 signorum
1196 736 1461 817 indiciis,
1524 739 1772 821 magnis
1833 757 2044 802 rerum
2107 740 2550 821 experimentis
2599 744 2661 804 et

365 840 647 904 ueritatis
708 840 903 924 ipsius
964 841 1225 906 uocibus
1288 841 1363 906 ad
1431 842 1854 925 suspicionem
1914 847 1978 907 et
2037 843 2510 925 inquisitionem
2569 845 2661 909 rei

364 944 549 1009 huius
596 945 1081 1029 conpellebatur‚
1144 950 1357 1029 utpote
1421 951 1483 1010 et
1527 947 1636 1029 qui
1683 948 1878 1011 semel
1923 948 2051 1011 iam
2098 948 2175 1012 ab
2223 947 2504 1012 Iohanne
2551 967 2662 1012 au-

364 1048 588 1114 dierat:
638 1069 809 1114 ecce
856 1069 1093 1134 agnus
1141 1052 1286 1132 dei,
1334 1069 1501 1115 ecce
1550 1052 1672 1133 qui
1716 1052 1922 1116 tollit
1966 1056 2354 1135 peccatum
2387 1053 2658 1134 mundi,

365 1157 429 1218 et
488 1156 715 1219 iterum
780 1154 858 1219 ab
920 1157 1169 1220 eodem:
1240 1174 1371 1239 ego
1442 1174 1479 1219 a
1544 1160 1616 1220 te
1679 1156 1908 1221 debeo
1976 1155 2378 1241 baptizari,
2449 1161 2522 1221 et
2581 1163 2659 1222 tu

362 1261 575 1323 uenis
638 1261 725 1324 ad
786 1264 941 1324 me?
1002 1261 1385 1325 descendens
1433 1279 1680 1344 quoque
1737 1262 1812 1325 de
1874 1262 2046 1326 caelo
2109 1266 2173 1325 et
2233 1265 2409 1326 stans
2471 1281 2660 1345 supra

364 1367 551 1444 caput
596 1363 831 1428 domini
889 1365 1183 1430 columba
1242 1366 1604 1430 euidentem
1666 1385 1733 1430 se
1793 1385 1863 1430 ac
1911 1367 2315 1431 manifestam
2361 1367 2660 1430 declarati

364 1468 461 1531 dei
506 1469 776 1534 indicem
826 1470 1095 1534 dederat.
1174 1489 1294 1536 uox
1342 1489 1586 1554 quoque
1636 1490 1781 1535 eum
1827 1490 1952 1536 non
1996 1491 2106 1555 per
2153 1473 2512 1556 aenigmata
2543 1490 2657 1536 nec
2707 1479 2740 1534 3

361 1592 473 1656 per
500 1572 737 1657 figuras
770 1593 807 1638 a
836 1575 951 1640 deo
984 1576 1181 1639 missa
1210 1580 1610 1658 permonerat
1655 1575 1898 1640 dicens:
1947 1580 2026 1641 tu
2073 1597 2147 1639 es
2193 1577 2406 1642 filius
2454 1595 2656 1640 meus

362 1677 715 1743 dilectus:
778 1680 851 1743 in
910 1682 981 1744 te
1038 1680 1459 1764 conplacui.
1539 1685 1603 1745 et
1656 1681 1816 1762 ideo,
1863 1682 2009 1746 licet
2053 1680 2376 1746 hominem
2426 1681 2657 1746 extrin-

361 1799 539 1846 secus
585 1783 649 1846 in
680 1783 826 1848 Iesu
866 1785 1124 1865 uideret,
1172 1785 1376 1850 filium
1421 1786 1522 1849 dei
1566 1785 1996 1869 inuestigabat
2040 1786 2281 1850 dicens:
2331 1787 2394 1849 si
2440 1786 2654 1849 filius

361 1885 477 1950 dei
521 1906 626 1969 eS‚
681 1888 799 1952 dic
844 1893 923 1953 ut
966 1889 1258 1973 lapides
1305 1890 1439 1954 isti
1483 1908 1716 1973 panes
1763 1890 1978 1954 fiant.
2055 1890 2362 1972 numquid
2409 1890 2655 1954 diabolo

360 1994 801 2076 contemplatio
860 1993 1135 2061 hominis
1197 1994 1622 2078 suspicionem
1683 1994 2031 2058 diuinitatis
2095 1995 2348 2078 eripuit,
2417 1998 2486 2059 ut
2543 2013 2655 2076 per

360 2096 497 2178 hoc,
561 2097 725 2181 quod
786 2098 1109 2163 hominem
1169 2099 1441 2181 uidebat,
1506 2099 1788 2163 crederet
1833 2100 2024 2164 deum
2069 2117 2208 2163 esse
2255 2118 2378 2163 non
2427 2102 2654 2182 posse?

358 2219 483 2266 non
528 2203 775 2284 utique:
825 2202 933 2266 sed
980 2203 1129 2285 quid
1175 2203 1307 2268 ait?
1370 2204 1433 2268 si
1476 2203 1695 2268 filius
1743 2203 1861 2268 dei
1907 2222 2012 2284 es,
2076 2204 2192 2268 dic
2237 2207 2318 2267 ut
2361 2204 2652 2287 lapides

358 2306 489 2370 isti
533 2325 763 2390 panes
810 2307 1024 2372 fiant.
1104 2326 1229 2373 non
1276 2307 1642 2392 ambigebat
1685 2309 1902 2390 utique
1951 2327 2088 2372 esse
2135 2326 2316 2392 posse
2363 2309 2526 2390 quod
2572 2327 2652 2373 an

357 2415 526 2474 esset
577 2412 1117 2495 perscrutabatur:
1178 2412 1255 2476 de
1318 2413 1585 2478 ueritate
1649 2413 1706 2477 ei
1770 2416 1903 2476 erat
1964 2413 2331 2495 sollicitudo,
2394 2431 2516 2477 non
2573 2413 2650 2477 de

356 2516 863 2600 impossibilitate
910 2518 1231 2583 securitas.

442 2621 584 2685 XII.
653 2620 852 2704 Atqui
921 2622 1163 2687 sciebat
1228 2622 1443 2707 utique
1512 2622 1838 2688 dominum
1907 2622 2118 2687 Iesum
2189 2622 2508 2689 Christum
2577 2642 2651 2688 ex

354 2724 561 2789 Maria
627 2730 847 2791 natum
916 2746 1082 2809 esse,
1154 2727 1395 2793 sciebat
1461 2728 1688 2812 pannis
1756 2728 2126 2793 obuolutum
2195 2729 2260 2792 in
2328 2729 2650 2812 praesepio

353 2830 651 2912 positum,
696 2848 1037 2915 pauperem
1079 2833 1212 2896 eius
1245 2834 1410 2897 inter
1455 2834 1736 2897 humana
1769 2832 2019 2897 exordia
2047 2832 2424 2914 paruitatem
2455 2833 2650 2896 fuisse

353 2938 417 2998 et
449 2954 715 3018 egenam
748 2937 938 3001 etiam
985 2938 1285 3021 legitimis
1324 2938 1852 3003 incunabulorum
1883 2937 2250 3001 ministeriis
2283 2936 2646 3001 infantiam:

353 3056 479 3104 non
510 3040 841 3105 dubitabat
872 3060 1117 3125 quoque
1150 3062 1293 3106 eum
1324 3060 1541 3106 ueram
1574 3060 1828 3107 carnem
1858 3040 2107 3123 habere,
2148 3060 2295 3105 uere
2326 3042 2646 3106 hominem

353 3148 572 3208 natum
619 3164 774 3209 esse.
855 3149 919 3209 et
972 3166 1082 3210 cur
1138 3148 1194 3211 ei
1242 3148 1357 3211 hoc
1414 3148 1489 3211 ad
1538 3146 1940 3211 securitatem
1986 3164 2208 3230 parum
2255 3145 2462 3209 uisum
2509 3149 2646 3211 est?

352 3266 461 3312 cur
508 3268 673 3330 eum,
728 3268 917 3332 quem
963 3270 1109 3315 uere
1155 3252 1471 3316 hominem
1520 3270 1660 3315 esse
1707 3255 1986 3331 nouerat,
2044 3251 2230 3314 deum
2277 3270 2460 3333 posse
2507 3270 2644 3315 esse

350 3353 689 3419 credebat?
747 3354 915 3419 disce
980 3374 1147 3438 erg0,
1211 3356 1425 3419 infelix
1472 3356 1665 3436 furor,
1727 3355 1917 3436 disce,
1977 3355 2198 3419 insana
2261 3358 2324 3419 et
2377 3356 2644 3419 crudelis

348 3458 664 3539 impietaS,
725 3458 893 3523 disce
940 3460 1195 3523 tandem
1258 3460 1360 3523 uel
1422 3478 1459 3523 a
1519 3458 1766 3524 diabolo
1827 3460 2084 3525 minoris
2147 3479 2282 3525 esse
2327 3460 2640 3543 perfidiae.

348 3562 455 3625 ille
501 3562 685 3626 dixit:
744 3564 805 3627 si
850 3563 1065 3628 filius
1113 3564 1228 3627 dei
1277 3584 1381 3645 eS,
1438 3570 1507 3628 tu
1554 3564 1738 3629 dicis:
1785 3563 1952 3629 filius
2000 3565 2096 3627 dei
2143 3583 2268 3629 non
2315 3583 2399 3628 eS.
2479 3566 2643 3646 quod

556 3780 613 3849 5]
641 3780 755 3834 Ioh.
786 3784 831 3843 1,
856 3782 940 3835 29.
1050 3780 1107 3849 6]
1134 3780 1403 3845 Mat.th.3‚
1434 3783 1512 3836 14.
1627 3780 1716 3849 10]
1753 3779 1882 3836 Luc.
1909 3784 1958 3845 3,
1984 3784 2066 3835 22.
2181 3780 2268 3849 12]
2293 3780 2488 3835 Matth.
2514 3784 2562 3845 4,
2590 3783 2638 3835 3.

436 3982 469 4035 2
506 3978 597 4034 sed
636 3978 807 4048 magis
836 3980 932 4050 ΝΡ
1040 3979 1211 4048 magis
1248 3980 1331 4034 bis
1354 3998 1391 4035 a
1496 3982 1531 4035 3
1566 3978 1971 4048 inquisicionem
2001 3980 2068 4034 N
2165 3980 2196 4033 4
2233 3980 2418 4047 utpote
2442 3996 2544 4034 om.
2573 3979 2648 4035 M

345 4086 378 4121 a
416 4070 514 4123 Mv
619 4072 651 4123 5
687 4070 905 4136 peccata
940 4068 1046 4137 ΜΡ
1162 4069 1195 4122 6
1230 4067 1449 4136 iterum]
1490 4067 1620 4119 item
1657 4068 1733 4121 M
1836 4069 1866 4122 7
1918 4082 2074 4135 super
2111 4067 2187 4121 M
2284 4068 2317 4121 8
2363 4066 2532 4135 capud
2571 4068 2648 4121 M

346 4154 649 4209 columbam
706 4156 789 4209 N¹
862 4154 1051 4208 coluba
1105 4156 1179 4209 M
1286 4154 1563 4207 euidenter
1617 4155 1692 4208 M
1800 4152 2100 4206 declaritati
2153 4154 2230 4208 M
2350 4156 2410 4209 12
2447 4152 2563 4206 ihm
2591 4173 2637 4224 Ρ

348 4246 413 4299 16
450 4243 539 4312 qui
580 4242 656 4296 ait
690 4243 755 4297 N
760 4245 773 4277 ¹
880 4244 949 4297 20
984 4244 1047 4295 ut
1082 4242 1173 4309 qui
1213 4243 1309 4312 Np
1382 4241 1571 4310 atquin
1607 4242 1682 4295 M
1787 4243 1853 4296 21
1891 4240 2196 4294 inuolutum
2233 4241 2308 4294 M
2411 4244 2482 4296 23
2519 4258 2638 4309 ege-

346 4348 476 4384 num
526 4332 622 4400 ΝΡ
763 4330 1043 4399 legitimis]
1091 4329 1318 4397 legimus
1368 4330 1454 4384 N*2
1593 4332 1662 4383 24
1711 4326 1926 4381 dubitat
1968 4330 2044 4383 M
2175 4330 2244 4383 28
2290 4326 2506 4382 diabulo
2555 4330 2620 4384 N
2621 4332 2636 4365 ¹

340 4420 411 4474 29
451 4433 558 4471 non
594 4420 677 4471 est
712 4418 787 4473 M

2224 4504 2321 4554 31*
