3167 4975
2350 438 2585 497 XLVII

303 616 406 682 sed
454 622 674 682 tamen
707 614 954 680 saeculo
1001 614 1242 678 decimo
1273 613 1441 699 prior
1472 615 1588 677 est.
1638 612 1921 694 quicum
1960 610 2329 693 plerumque
2361 608 2591 673 menda

305 726 552 786 tantum
601 720 1086 804 orthographica
1131 720 1466 803 corrigant,
1527 718 1819 801 grauiora
1863 716 2023 779 uitia
2068 734 2139 777 ex
2165 725 2174 732 '
2200 714 2451 797 ingenio
2498 714 2595 777 in-

305 827 568 890 feliciter
615 828 1016 908 attemptent,
1063 843 1168 887 eos
1217 824 1603 907 distinguere
1644 821 1899 886 omnino
1946 820 2167 884 inutile
2212 823 2388 883 ratus
2435 818 2595 901 siglo

307 934 380 994 H
387 933 414 973 ²
461 931 800 1012 conplexus
857 948 1016 994 sum.
1097 933 1375 993 ceterum
1440 928 1605 1010 quod
1668 928 1745 991 ad
1792 923 2305 1008 orthographiam
2366 924 2595 987 attinet

305 1036 812 1118 Petropolitanus
845 1034 1028 1117 longe
1061 1034 1317 1097 inferior
1350 1037 1446 1096 est
1477 1030 1861 1110 Sessoriano,
1908 1047 2109 1111 neque
2142 1028 2203 1093 id
2236 1028 2595 1092 mirandum

307 1140 368 1203 in
416 1140 578 1203 libro
621 1139 1138 1222 Merouingorum
1185 1142 1466 1220 tempore
1515 1137 1577 1199 in
1627 1135 1835 1201 Gallia
1880 1134 2131 1217 scripto.

391 1243 455 1308 3.
481 1242 1010 1327 sangallensis
1034 1241 1116 1305 57
1123 1242 1184 1322 6,
1211 1260 1372 1305 saec.
1398 1240 1610 1320 VIIII,
1636 1240 1839 1305 forma
1862 1238 2157 1317 maxima,
2180 1238 2473 1301 foliorum
2499 1236 2602 1317 79,

303 1348 470 1413 binis
527 1348 840 1412 columnis
899 1366 936 1411 a
995 1347 1264 1411 diuersis
1327 1344 1620 1411 manibus
1669 1344 1959 1427 scriptus,
2035 1343 2255 1406 folium
2316 1342 2591 1425 prImum

304 1453 756 1536 praefationem
818 1454 880 1515 et
940 1452 1217 1534 capitula
1277 1450 1665 1515 Conlationis
1726 1448 1818 1512 XI
1878 1448 2206 1513 continens
2252 1450 2315 1510 et
2372 1447 2595 1511 folium

307 1557 600 1621 ultimum
647 1558 894 1621 desunt.

387 1660 450 1724 4.
497 1660 594 1725 De
649 1661 704 1726 0
747 1661 825 1724 cf.
861 1681 919 1743 p.
955 1660 1287 1724 XXXIIII.

385 1764 446 1829 5.
471 1764 1088 1829 vindobonensis
1113 1765 1404 1847 Prosperi
1428 1762 1554 1826 397
1583 1782 1744 1827 saec.
1768 1763 1849 1841 X,
1875 1763 1951 1827 ad
1978 1762 2413 1827 conlationem
2436 1760 2597 1825 XIII

227 1868 238 1875 ’
307 1869 650 1949 adhibitus,
697 1870 863 1934 foliis
907 1868 1252 1932 123—-150
1297 1870 1578 1933 continet
1623 1868 1857 1932 librum
1888 1866 2179 1949 Prosperi
2224 1867 2327 1931 cui
2372 1867 2595 1931 Inscri-

305 1973 474 2037 bitur
499 1969 742 2036 Contra
769 1970 1160 2036 collatorem
1192 1972 1260 2056 (i.
1287 1994 1339 2037 e.
1369 1973 1793 2055 Cassianum).
1827 1972 1931 2036 fol.
1966 1970 2029 2033 1⁸
2059 1990 2226 2036 man.
2256 1990 2417 2036 saec.
2444 1971 2590 2035 XV:

315 2073 526 2139 Codeae
549 2076 948 2139 Monaaterii
977 2075 1191 2139 sancti
1213 2075 1434 2139 Iacobi
1466 2076 1617 2161 apli
1635 2098 1768 2161 ,ppe
1792 2074 2037 2162 Moyuv‘t
2059 2088 2087 2137 ῖ
2104 2084 2261 2137 mete
2284 2075 2589 2161 specioso·

309 2181 410 2245 fol.
456 2178 616 2243 123⁸
662 2180 856 2264 (rubr.
915 2176 1098 2265 litt.)i
1157 2179 1402 2265 Incipit
1461 2178 1631 2242 liber
1682 2161 1777 2243 ⁸233
1824 2180 2139 2265 prosperi
2184 2201 2315 2264 pro
2368 2179 2592 2265 predi-

307 2284 634 2347 cazor-ibus
679 2285 936 2370 qratiae
983 2285 1090 2347 dei
1134 2294 1364 2347 contra
1413 2284 1657 2347 librum
1702 2284 1995 2347 cassiani
2025 2264 2231 2368 pr‘ffisi
2260 2284 2375 2369 qui
2398 2306 2593 2369 prac-

306 2398 576 2451 notatur
607 2388 684 2451 de
709 2389 1108 2474 protectione
1143 2388 1266 2451 dei.
1315 2391 1421 2454 fol.
1463 2388 1621 2453 150⁸
1652 2390 1847 2472 (rubr.
1874 2389 2057 2472 litt.):
2090 2387 2392 2473 Eaeplicit
2427 2387 2594 2452 liber

309 2475 412 2556 a&
417 2495 734 2579 prosperi
763 2505 990 2558 contra
1023 2494 1268 2558 librum
1299 2494 1554 2557 abbatis
1588 2493 1911 2579 quondam
1941 2494 2235 2557 cassiani
2258 2495 2376 2580 qui
2397 2517 2593 2580 prae·

309 2608 576 2661 notatur
622 2598 699 2661 de
737 2600 1140 2684 protectione
1188 2599 1314 2662 dei.
1377 2599 1536 2663 Siue
1581 2599 1909 2662 adue-rsus
1958 2598 2187 2685 doyma
2230 2597 2489 2686 pelagii
2534 2610 2593 2664 ct

313 2701 642 2766 caelestini
693 2701 978 2788 nefandi
1036 2703 1352 2791 dogmatis
1409 2713 1771 2789 repertores
1817 2725 1895 2766 ac
1942 2702 2311 2788 defensores
2356 2713 2416 2767 et
2469 2705 2593 2767 ini-

313 2808 496 2870 micos
543 2808 798 2895 qratiae
848 2807 954 2870 dei
999 2817 1057 2870 et
1105 2807 1221 2872 dni
1265 2789 1379 2870 ἦῖἷί
1423 2808 1538 2871 ihu
1583 2789 1708 2893 iffi
1742 2809 1875 2891 (fol.
1916 2807 2103 2894 150³)
2150 2818 2209 2870 et
2254 2808 2326 2870 in
2375 2807 2591 2894 defen-

311 2911 482 2975 sio-ne
528 2934 952 2974 ‘romanorum
1010 2913 1457 2998 episcoporum
1501 2923 1562 2976 et
1616 2896 1712 2974 ὲῖἰ
1755 2894 1865 2998 effi
1908 2913 2254 2998 anqustini
2300 2935 2593 2976 asserens

312 3015 648 3080 ueritatem
694 3015 770 3078 de
818 3016 1011 3079 libris
1057 3017 1198 3080 eius
1245 3027 1475 3081 contra
1519 3016 1941 3102 supradictos
1987 3017 2295 3080 hereticos
2340 3017 2419 3080 ἆῦ
2446 3039 2592 3104 yra-

315 3120 456 3182 tias.
503 3131 630 3184 ασῖι.
701 3123 790 3186 eis
837 3141 996 3204 quae
1044 3143 1076 3186 e
1123 3122 1409 3192 Cassiani
1456 3123 1823 3188 conlatione
1870 3122 2145 3186 citantur
2190 3123 2255 3186 in
2312 3124 2593 3208 margine

317 3225 512 3290 rubris
573 3226 803 3290 litteris
865 3227 1134 3291 adscribi
1182 3229 1344 3292 solet
1393 3225 1723 3290 Cassiani.
1800 3227 1989 3292 codex
2035 3245 2417 3309 quamquam
2466 3247 2590 3293 non

320 3331 638 3394 emendate
703 3331 973 3414 scriptus
1035 3335 1244 3396 tamen
1310 3333 1388 3396 ad
1449 3333 1879 3396 diiudicandas
1942 3331 2245 3396 librorum
2306 3333 2593 3397 Cassiani

318 3433 607 3500 lectiones
655 3435 718 3500 in
766 3435 1134 3500 Conlatione
1163 3437 1322 3500 XIII
1369 3437 1534 3500 haud
1579 3455 1719 3500 raro
1751 3437 1925 3501 utilis
1957 3437 2097 3500 fuit.
2147 3442 2423 3500 ceterum
2464 3439 2591 3500 iam

317 3537 424 3602 hoc
474 3540 611 3604 loco
667 3541 978 3604 monitum
1035 3561 1170 3604 esse
1227 3541 1418 3604 uelim
1474 3545 1584 3605 aut
1629 3540 2006 3625 Prosperum
2052 3541 2260 3624 ipsum
2308 3541 2591 3606 Cassiani

317 3644 497 3708 uerba
525 3663 649 3709 non
685 3663 934 3728 semper
979 3647 1226 3729 integra
1269 3646 1597 3728 repetiisse
1632 3649 1740 3709 aut
1778 3645 1970 3710 libros
2004 3645 2137 3709 eius
2171 3664 2362 3710 mann
2396 3646 2590 3729 scrip-

317 3749 422 3828 toS,
467 3767 500 3810 e
531 3747 762 3831 quibus
795 3749 1098 3813 editiones
1139 3750 1434 3834 uulgatae
1470 3749 1643 3834 (Pr.)
1694 3749 2027 3829 fluxerunt,
2075 3751 2229 3814 satis
2266 3755 2591 3832 corruptos

319 3869 462 3932 esse,
508 3871 652 3917 cum
698 3854 949 3919 ΣΠΥΟ
996 3855 1235 3936 aliquot
1279 3854 1432 3918 locis
1480 3857 1699 3918 contra
1742 3852 1905 3940 φΡν.
1956 3855 2369 3920 consentiant.

396 3957 564 4022 Libri
608 3958 860 4023 ΣΠΥΟ
904 3957 1182 4023 bonitate
1229 3959 1320 4023 ita
1365 3959 1528 4023 inter
1576 3979 1642 4022 se
1689 3959 2007 4040 differunt,
2062 3963 2133 4024 ut
2178 3963 2235 4024 Σ
2276 3961 2460 4044 longe
2508 3962 2591 4025 sit

319 4061 598 4142 optimUS,
651 4062 931 4145 proxime
977 4065 1234 4127 accedat
1282 4067 1372 4143 II,
1420 4063 1713 4144 quamuis
1758 4064 1823 4127 in
1872 4083 1943 4128 eo
1986 4064 2369 4129 recensionis
2425 4065 2591 4128 arbi-

319 4164 528 4229 trariae
559 4167 834 4250 uestigia
864 4168 1204 4232 manifesta
1235 4173 1597 4250 appareant,
1646 4186 1989 4232 consensus
2022 4172 2155 4233 ΣΠ
2182 4169 2309 4233 fere
2342 4189 2589 4253 semper

319 4269 575 4349 optimae
607 4269 754 4334 fidei
800 4270 903 4350 sit,
958 4272 1069 4337 ΥΟ
1115 4275 1356 4336 textum
1403 4272 1544 4354 plus
1585 4273 1795 4336 minus
1830 4276 2189 4356 corruptum
2234 4273 2587 4339 exhibeant.

321 4389 464 4452 quae
518 4393 664 4438 cum
719 4374 796 4438 de
841 4377 976 4440 ΣΠ
983 4379 1036 4439 Υ
1073 4376 1138 4440 in
1185 4376 1625 4440 dissertatione
1672 4377 1771 4440 cui
1818 4377 2182 4442 inscribitur
2234 4375 2436 4440 Ueber
2483 4377 2587 4440 die

2682 3749 2792 3811 Pr.
