3167 4975
986 414 1217 465 contra
1264 409 1650 463 Nestorium
1689 408 1799 462 lib.
1839 408 1912 471 Π,
1951 411 2104 464 2-3.
2563 406 2690 470 249

390 606 457 652 se
520 587 795 652 donante
859 591 923 651 et
990 588 1165 651 nasci
1226 587 1344 651 nisi
1407 605 1473 650 se
1534 585 1853 650 inlabente
1913 604 2040 651 non
2098 587 2362 667 poterat.
2440 588 2500 647 et
2556 582 2693 646 ideo

393 692 811 775 archangelus
898 695 1423 776 supernenturam
1500 690 1730 773 uirgini
1805 691 2204 755 maiestatem
2278 707 2520 753 sacram
2599 687 2695 752 in-

393 796 665 877 dicabat,
713 796 1011 861 uidelicet
1054 800 1144 877 ut,
1191 796 1337 878 quia
1378 796 1479 879 agi
1526 798 1707 860 tanta
1734 814 1833 859 res
1879 814 1992 878 per
2034 794 2386 859 humanum
2417 791 2694 856 officium

393 920 519 967 non
567 901 840 983 ualebat,
888 902 1082 984 ipsius
1131 902 1490 965 adfuturam
1537 900 1772 964 (liceret
1816 900 2214 964 maiestatem
2257 900 2324 963 in
2369 900 2693 980 conceptu,

314 1034 340 1073 5
394 1008 501 1089 qui
563 1011 697 1070 erat
754 1006 1005 1070 futurus
1066 1006 1131 1069 in
1190 1009 1405 1089 partu:
1474 1008 1537 1069 et
1598 1004 1736 1069 ideo
1798 1004 2120 1068 descendit
2177 1002 2445 1067 uerbum
2505 1002 2692 1081 filius»,

396 1112 575 1176 adest
620 1112 918 1175 maiestas
967 1111 1222 1194 spiritus
1283 1110 1505 1190 sancti,
1568 1111 1772 1174 uirtus
1819 1107 2157 1173 obumbrat
2201 1107 2418 1190 patriS,
2480 1107 2693 1188 utique

396 1220 469 1281 ut
521 1216 587 1279 in
650 1219 1043 1281 sacramento
1107 1233 1319 1279 sacrae
1381 1213 1807 1297 conceptionis
1872 1214 2076 1278 omnis
2133 1216 2300 1276 esset
2344 1212 2693 1293 cooperatio

397 1321 716 1385 trinitatis.
795 1320 988 1401 ideo,
1054 1320 1277 1402 inquit,
1341 1322 1413 1383 et
1458 1318 1652 1401 quod
1707 1320 2060 1382 nascetur
2107 1335 2188 1379 ex
2235 1320 2306 1380 te
2353 1320 2695 1381 sanctum

396 1425 791 1490 uocabitur
838 1425 1053 1489 filius
1101 1425 1236 1488 dei.
1318 1423 1477 1489 bene
1524 1423 1768 1488 addidit
1811 1423 2004 1504 ideo,
2054 1426 2126 1486 ut
2170 1421 2529 1486 ostenderet
2575 1420 2695 1484 sci·
2745 1428 2778 1481 7

290 1556 341 1595 10
396 1530 548 1594 licet
590 1530 727 1595 ideo
774 1530 929 1594 haec
975 1533 1287 1610 secutura,
1349 1528 1497 1611 quia
1544 1530 1796 1592 fuerant
1855 1528 1965 1591 illa
2008 1525 2377 1611 praemissa,
2441 1528 2504 1589 et
2547 1525 2697 1607 quia

397 1636 551 1699 deus
598 1636 1069 1718 superuenisset
1113 1634 1177 1698 in
1226 1633 1652 1716 conceptione,
1716 1632 1856 1696 ideo
1903 1632 2056 1695 deus
2103 1632 2354 1695 futurus
2416 1634 2584 1693 esset
2629 1629 2694 1693 in

396 1743 601 1822 partu.
679 1740 989 1803 rationem
1035 1756 1180 1821 ergo
1229 1742 1443 1802 tantae
1488 1738 1577 1801 rei
1625 1737 1871 1819 puellae
1917 1736 2184 1799 reddidit
2231 1735 2556 1813 nescienti,
2604 1734 2697 1797 di-

398 1862 545 1907 cens
592 1843 838 1925 utique:
903 1844 1051 1925 quia
1112 1847 1423 1907 sanctus
1485 1842 1803 1925 spiritus
1869 1840 2358 1923 superueniet
2419 1842 2490 1903 et
2549 1838 2699 1921 quia

400 1948 645 2011 uirtus
708 1949 1072 2012 altissimi
1133 1946 1656 2026 obumbrabit,
1725 1946 1888 2009 ideo
1959 1949 2031 2009 et
2091 1944 2283 2027 quod
2344 1947 2695 2007 nascetur

293 2080 344 2118 ιε
401 2057 746 2116 sanctum
792 2052 1187 2117 uocabitur
1233 2052 1451 2116 filius
1499 2052 1635 2115 dei.
1713 2050 1832 2115 hoc
1880 2054 1977 2114 est
2021 2050 2254 2113 dicere:
2304 2068 2382 2112 ne
2424 2049 2693 2132 ignores,
2744 2057 2779 2109 8

398 2157 625 2238 inquit,
672 2158 841 2221 hunc
888 2159 1099 2221 tantae
1147 2157 1235 2219 rei
1302 2160 1695 2240 apparatum,
1756 2155 1875 2220 hoc
1922 2156 2082 2219 tanti
2143 2153 2429 2237 mysterii
2491 2170 2697 2217 sacra-

401 2264 707 2341 mentum,
762 2262 898 2325 ideo
946 2262 1009 2324 in
1057 2266 1119 2324 te
1165 2264 1301 2325 tota
1346 2262 1558 2325 ueniet
1605 2260 1904 2325 maiestas
1951 2260 2071 2340 dei,
2127 2259 2276 2340 quia
2330 2277 2402 2321 ex
2464 2261 2526 2321 te
2587 2276 2698 2320 na-

400 2370 611 2430 scetur
655 2366 821 2430 filius
869 2366 987 2429 dei.
1059 2366 1209 2448 quid
1240 2365 1345 2429 hic
1375 2366 1543 2429 ultra
1572 2364 1780 2429 adhuc
1821 2364 2059 2447 ambigi
2091 2367 2200 2428 aut
2246 2363 2394 2445 quid
2428 2362 2696 2446 amplius

401 2471 521 2535 dici
570 2474 819 2555 potest?
866 2471 1055 2535 deum
1102 2471 1256 2535 dixit
1302 2473 1850 2554 superuenturum,
1899 2470 1997 2533 dei
2043 2468 2246 2533 filium
2285 2467 2693 2533 nasciturum.

288 2603 343 2640 20
400 2581 469 2640 tu
518 2595 745 2658 quaere
809 2595 994 2656 nunc,
1058 2575 1111 2640 si
1156 2577 1383 2660 placet,
1446 2576 1757 2658 quomodo
1820 2580 1931 2640 aut
1991 2574 2090 2638 dei
2143 2573 2310 2638 filius
2357 2574 2512 2637 deus
2574 2590 2698 2637 non

398 2681 503 2760 sit,
551 2684 660 2744 aut
690 2681 1023 2763 quomodo,
1074 2699 1233 2763 quae
1268 2681 1457 2744 deum
1489 2681 1706 2760 edidit,
1752 2680 2096 2759 theotocos,
2145 2679 2206 2742 id
2239 2681 2336 2742 est
2367 2678 2465 2741 dei
2498 2682 2699 2742 mater

400 2805 537 2849 esse
583 2803 709 2850 non
752 2786 997 2869 possit?
1059 2785 1348 2850 sufficere
1397 2802 1542 2868 ergo
1591 2784 1747 2848 haec
1791 2784 1909 2848 tibi
1957 2785 2110 2862 sola,
2172 2783 2366 2846 immo
2414 2782 2698 2846 sufficere

396 2889 553 2953 haec
600 2889 715 2954 tibi
766 2907 1019 2954 summa
1064 2889 1384 2954 deberent.

490 2995 605 3059 HI.
655 2994 775 3060 Sed
821 2995 970 3078 quia
1015 2995 1382 3059 testimonia
1420 3012 1633 3059 sacrae
1667 2993 2021 3057 natiuitatis
2055 2991 2301 3057 abunde
2335 2994 2698 3075 suppetunt,

292 3127 346 3166 2⁵
403 3102 621 3182 utpote
666 3118 824 3181 quae
870 3099 1099 3164 idcirco
1131 3099 1345 3164 omnia
1388 3100 1625 3182 scripta
1672 3102 1820 3162 sunt
1864 3101 1936 3161 ut
1981 3097 2179 3180 ipsius
2227 3100 2420 3161 testes
2469 3099 2698 3175 essent,

402 3203 813 3287 inspiciamus
862 3224 935 3268 ex
978 3205 1213 3289 pusilla
1251 3204 1463 3286 aliqua
1506 3203 1790 3286 portione
1824 3203 2016 3266 etiam
2050 3201 2592 3266 adnuntiationem
2624 3199 2699 3262 de

402 3309 517 3373 deo
577 3310 811 3373 ueteris
869 3309 1257 3389 testamenti,
1320 3312 1391 3372 ut
1452 3309 1784 3390 intellegas
1832 3308 2116 3371 futurum
2177 3325 2250 3369 ex
2310 3305 2554 3387 uirgine
2599 3303 2700 3368 dei

613 3526 671 3595 8]
709 3525 835 3580 Luc.
860 3528 912 3590 21,
939 3528 1021 3582 35.
1136 3525 1225 3594 13]
1259 3525 1297 3578 l.
1325 3541 1369 3579 c.

496 3722 519 3776 1
561 3735 615 3772 se
661 3723 788 3774 ante
833 3717 1063 3771 donante
1110 3734 1213 3772 om.
1251 3717 1327 3772 M
1424 3717 1674 3784 poterant
1713 3717 1781 3784 p¹
1887 3715 1920 3768 2
1966 3711 2276 3780 arcangelus
2319 3713 2394 3766 Μ
2491 3711 2546 3764 in
2591 3711 2700 3764 uir-

404 3807 585 3875 ginem
614 3824 659 3876 Ρ
782 3807 1135 3873 magestatem
1172 3805 1247 3858 M
1274 3803 1527 3873 (passim)
1643 3805 1676 3856 3
1713 3799 1968 3869 agitanda
2003 3801 2068 3855 N
2074 3805 2086 3835 ¹
2201 3803 2234 3854 4
2272 3799 2558 3852 affuturam
2596 3800 2702 3866 ΜΡ

406 3898 440 3950 6
476 3892 821 3948 obumbrabit
846 3895 915 3963 1³¹
988 3890 1335 3945 obumbrauit
1370 3909 1439 3946 av
1545 3892 1575 3945 '7
1614 3889 1789 3942 omnis
1825 3906 1927 3943 om.
1960 3889 2036 3942 M
2133 3889 2167 3943 8
2209 3889 2264 3940 et
2298 3905 2399 3942 om.
2439 3887 2538 3956 ΝΡ
2643 3885 2702 3938 in

406 3985 461 4036 te
496 3983 571 4037 M
684 3983 717 4036 9
754 3979 959 4034 scilicet
994 3978 1299 4033 ostenderet
1323 3997 1368 4049 Ρ
1499 3980 1562 4033 10
1598 3976 1798 4047 premis
1833 3977 1901 4031 N
2021 3977 2086 4030 12
2122 3973 2301 4043 puella
2337 3973 2566 4027 credidit
2601 3973 2700 4041 ΝΡ

408 4069 679 4122 nuntianti
696 4087 740 4138 Ρ
850 4069 915 4123 13
953 4069 1169 4120 sanctus
1193 4084 1294 4122 om.
1322 4067 1397 4121 M
1460 4065 1683 4133 spiritus
1720 4066 1934 4116 sanctus
1954 4080 2033 4132 Ρυ
2137 4065 2191 4115 et
2215 4079 2318 4116 om.
2345 4061 2420 4116 M
2520 4061 2585 4114 14
2609 4058 2701 4112 ob-

406 4156 683 4210 umbrauit
726 4155 793 4211 N
920 4153 1267 4208 obumbrabit
1310 4151 1410 4206 tibi
1448 4155 1516 4222 Ρι
1651 4153 1717 4206 16
1763 4149 1988 4203 misterii
2034 4150 2140 4219 ΜΡ
2250 4151 2313 4204 17
2352 4147 2589 4201 nascitur
2637 4147 2712 4200 M

405 4289 472 4344 21
513 4303 617 4359 que
653 4303 720 4342 ex
754 4301 912 4354 quem
948 4285 1016 4340 N
1116 4285 1185 4340 23
1222 4239 1439 4338 debergt
1474 4284 1540 4338 Ν
1642 4284 1712 4337 24
1749 4279 2050 4334 diuinitatis
2087 4281 2160 4335 M
2265 4282 2335 4336 25
2372 4282 2435 4332 ut
2469 4279 2601 4347 puta
2636 4278 2709 4332 M

408 4378 537 4428 sunt
572 4375 771 4443 scripta
798 4391 843 4443 Ρ
950 4373 1020 4428 26
1056 4372 1138 4441 ex]
1176 4371 1233 4425 in
1268 4372 1369 4426 Mv
1472 4368 1709 4439 pauxilla
1742 4387 1776 4422 υ
1889 4370 1954 4423 27
1995 4367 2369 4435 intellegamus
2405 4367 2480 4421 M
