3167 4975
2541 443 2639 500 CV

352 612 692 676 tulationes
755 615 827 675 ut
872 612 937 675 in
998 609 1315 675 codicibus
1364 611 1627 694 singulis
1688 611 1866 677 libris
1927 615 2310 696 praemissae
2371 617 2520 678 sunt
2580 619 2644 678 et

352 717 636 780 codicum
699 715 1135 799 inscriptiones
1204 735 1276 780 ac
1338 715 1828 800 subscriptiones
1898 718 2164 782 additae.
2245 718 2351 782 sed
2421 718 2642 782 editori

350 820 697 884 Basileensi
727 821 1039 903 pessimae
1087 825 1270 885 notae
1312 822 1686 903 exemplaria
1729 827 1978 904 praesto
2011 823 2284 904 fuerunt,
2333 841 2366 886 e
2411 822 2641 904 quibus

350 925 577 1009 ingens
608 926 713 989 ille
759 943 1057 989 numerus
1091 925 1462 989 mendorum
1510 927 1702 990 etiam
1750 928 1814 990 in
1849 927 2153 991 editiones
2201 946 2359 1009 quae
2393 930 2642 991 secutae

354 1034 505 1096 sunt
550 1031 821 1112 transiit,
867 1047 1027 1094 ‘cum
1074 1030 1339 1094 editores
1386 1050 1463 1094 ne·
1510 1031 1870 1096 melioribus
1917 1033 2169 1113 quidem
2230 1031 2404 1097 libris
2451 1051 2643 1097 manu

355 1135 623 1219 scriptiS,
687 1135 740 1198 si
800 1153 955 1216 quos
1016 1135 1176 1199 forte
1239 1137 1315 1200 ad
1375 1154 1603 1200 manus
1663 1135 2004 1218 habebant,
2070 1137 2160 1201 ita
2217 1139 2315 1201 usi
2361 1138 2509 1218 sint,
2573 1141 2646 1209 ut

356 1241 727 1304 auctoritate
796 1241 1140 1304 editionum
1213 1242 1617 1322 antiquarum
1683 1240 2049 1325 posthabita
2125 1243 2491 1326 scriptorem
2569 1243 2644 1306 ad

354 1345 639 1408 codicum
670 1344 859 1408 fidem
890 1349 1304 1409 recenserent.
1357 1349 1634 1409 ceterum
1669 1347 1991 1410 saeculum
2024 1348 2338 1430 integrum
2373 1347 2644 1428 transiit,

356 1452 695 1532 antequam
720 1448 1005 1514 Cassiani
1028 1467 1215 1532 opera
1245 1451 1477 1513 maiore
1510 1451 1793 1515 codicum
1828 1469 2086 1515 numero
2121 1450 2399 1515 adhibito
2433 1471 2645 1516 emen-

356 1555 674 1618 darentur.
736 1571 882 1617 nam
932 1572 986 1618 a.
1029 1551 1190 1616 1578
1240 1555 1493 1618 demum
1526 1553 1911 1640 Antuerpiae
1959 1575 2032 1619 ex
2072 1555 2325 1621 officina
2371 1556 2648 1621 Christo-

356 1658 539 1742 phori
582 1657 859 1722 Plantini
913 1658 1461 1742 architypographi
1505 1659 1662 1742 regii
1709 1677 1876 1725 noua
1919 1662 2197 1724 recensio
2244 1660 2494 1743 prodiit,
2541 1680 2648 1724 cu-

360 1764 461 1826 ius
508 1766 605 1826 est
648 1763 901 1826 titulus:
949 1761 1033 1824 D.
1067 1762 1336 1825 Ioannis
1394 1761 1698 1827 Cassiani
1743 1763 2086 1840 Eremitae,
2131 1763 2650 1828 Monasticarum

358 1866 854 1930 Institutionum
886 1865 1049 1930 libri
1080 1866 1241 1929 IIII.
1288 1867 1385 1930 De
1426 1866 1842 1952 Capitalibus
1874 1868 2054 1931 vitiis
2089 1867 2251 1931 libri
2295 1867 2471 1931 VIII.
2513 1865 2649 1932 Col-

362 1971 637 2035 lationes
670 1968 785 2034 SS.
820 1971 1095 2034 Patrum
1127 1970 1410 2034 XXIIII.
1458 1971 1556 2034 De
1594 1970 1788 2035 Verbi
1811 1972 2274 2036 Incarnatione
2309 1971 2471 2035 libri
2505 1971 2646 2035 VII.

362 2076 561 2139 Nunc
601 2075 853 2138 demum
888 2087 1040 2161 post
1069 2077 1295 2138 varias
1336 2075 1644 2140 editiones
1693 2077 1784 2140 ad
1813 2077 2247 2162 complurium
2293 2077 2416 2140 Ms.
2450 2077 2651 2160 fidem

362 2186 404 2244 ὰ
441 2203 571 2244 non
592 2181 837 2266 paucis
869 2180 1254 2244 mendarum
1285 2179 1554 2244 milibus
1586 2180 1969 2244 incredibili
2003 2181 2223 2245 labore
2269 2183 2652 2269 expuryati:

361 2285 440 2349 id
506 2284 677 2370 quod
738 2307 815 2348 ew
874 2285 1177 2348 subiectis
1240 2285 1330 2348 ad
1390 2284 1624 2349 calcem
1685 2285 2220 2373 castiqationibus
2269 2285 2487 2372 facile
2544 2309 2649 2356 ‚co-

357 2390 577 2477 9nosei
596 2390 877 2476 poterit:
922 2388 1189 2453 Additis
1236 2391 1429 2453 etiam
1476 2390 1566 2454 ad
1611 2390 1932 2475 quaedam
1979 2390 2119 2454 loca
2171 2389 2497 2478 Censorijs
2542 2413 2647 2454 no-

362 2494 741 2573 tationibus,
789 2494 852 2559 ‹st
882 2493 1311 2559 obscurarum
1338 2518 1559 2559 vocum
1590 2520 1666 2559 ac
1695 2496 2162 2560 sententiarum
2193 2495 2649 2574 elucidatione,

360 2604 497 2663 vna
534 2624 677 2663 cum
732 2598 985 2663 duobus
1032 2599 1370 2663 Indicibus
1421 2600 1966 2687 locupletissimis.
2029 2600 2452 2665 Accesserant
2503 2622 2650 2685 quo-

361 2726 483 2790 que
528 2704 819 2791 Requlae
877 2703 990 2769 SS.
1042 2704 1321 2767 Patrum
1366 2728 1443 2768 eae
1490 2705 1949 2791 antiquissimo
1995 2704 2418 2792 Affliyiniens
2429 2706 2482 2769 is
2528 2728 2650 2769 mo-

360 2809 644 2897 nasterij
704 2808 829 2871 Ms.
900 2808 1113 2872 codice
1183 2809 1575 2895 desumptae.
1677 2809 1896 2895 Opera
1963 2808 2024 2875 ὥ
2091 2809 2311 2873 studio
2373 2809 2651 2873 Henrici

372 2912 649 3001 Cuyckij
693 2912 937 2978 Sacrae
993 2912 1369 3000 Theoloyiae
1415 2912 1784 2977 Licentiati.
1845 2952 1926 2960 —
1973 2915 2202 2997 quibus
2249 2934 2396 2980 uero
2444 2916 2651 2979 causis

360 3020 696 3104 Cuycki11S‚
758 3022 895 3084 tum
950 3021 1265 3103 professor
1311 3020 1746 3101 Louanie11sis:‚
1807 3025 2028 3103 postea
2083 3021 2410 3104 episcopus
2456 3022 2654 3085 Rure—

360 3126 735 3204 mondanuS‚
798 3125 1103 3188 adductus
1152 3125 1235 3188 sit
1297 3128 1366 3189 ut
1413 3142 1643 3188 nouam
1691 3125 2030 3189 editionem
2078 3128 2344 3205 curaret,
2407 3126 2540 3208 ipse
2587 3126 2653 3189 in

361 3229 635 3313 epistula
680 3229 1058 3293 dedicatoria
1104 3230 1313 3309 refert,
1369 3248 1560 3311 quam
1607 3227 1898 3315 Louanij
1943 3250 2021 3291 ea·
2065 3238 2283 3292 nostro
2330 3226 2656 3291 Albarum

358 3334 795 3397 Dominarum
826 3335 1211 3396 monasterio
1254 3331 1559 3396 Calendis
1584 3332 1863 3395 Martiis
1887 3330 2066 3396 Anni
2098 3332 2182 3394 M
2177 3332 2466 3395 ‚DLXX
2479 3332 2652 3395 VIII.

360 3440 536 3503 dedit
566 3440 643 3503 ad
674 3440 1113 3502 Hermannum
1147 3437 1458 3503 Comitem
1498 3456 1533 3501 a
1564 3438 2044 3519 Rennenborch,
2093 3438 2392 3501 ecclesiae
2426 3437 2484 3502 S.
2521 3438 2656 3502 Sal-

359 3544 598 3607 uatoris
662 3544 823 3627 apud
887 3543 1335 3608 Ultraiectinos
1397 3542 1826 3625 praepositum
1892 3546 1954 3606 et
2023 3543 2530 3607 archidiaconum
2595 3547 2658 3606 et

361 3648 744 3712 cathedralis
777 3648 1141 3711 Leodiensis
1177 3647 1475 3710 ecclesiae
1509 3648 1898 3711 canonicum.
1970 3651 2304 3729 postquam
2355 3647 2520 3710 enim
2557 3666 2657 3709 ex-

357 3753 573 3836 posuit
616 3756 867 3835 patrum
915 3752 1261 3835 priscorum
1306 3769 1493 3834 opera
1538 3752 2087 3833 praestantissima
2118 3751 2358 3833 passim
2405 3750 2654 3815 foedata

357 3858 703 3938 multisque
765 3857 1011 3920 mendis
1061 3876 1197 3919 esse
1258 3874 1548 3939 respersa
1596 3859 1782 3937 atque
1843 3854 1921 3919 ob
1971 3873 2110 3919 eam
2156 3874 2289 3918 rem
2354 3875 2426 3918 ex
2472 3859 2654 3919 uetu-

362 3962 661 4027 stissimis
739 3962 1117 4045 optimisque
1197 3961 1656 4044 exemplaribus
1727 3979 1843 4024 mS.
1915 3978 2103 4042 quam
2182 3961 2652 4024 accuratissime

358 4066 586 4131 debere
625 4067 895 4147 restitui,
941 4087 999 4150 p.
1037 4064 1079 4128 5
1126 4067 1215 4131 ita
1259 4066 1492 4149 pergit:
1540 4064 1646 4126 Ea
1691 4064 1902 4150 iyitur
1934 4084 2035 4125 res
2081 4085 2176 4125 me
2222 4084 2467 4148 quoque
2505 4086 2654 4149 per-

360 4171 582 4247 monit,
642 4170 923 4254 mihique
982 4170 1337 4255 persuasit,
1400 4191 1637 4254 operae
1691 4168 1982 4253 pretium
2042 4190 2298 4253 remque
2362 4166 2656 4231 omnibus

360 4274 755 4337 diuina-rum
814 4272 1189 4336 litterarum
1235 4272 1619 4351 molter-ibus,
1683 4272 1746 4336 di·
1789 4296 1931 4335 eum
1981 4272 2224 4357 primis
2271 4272 2658 4335 monastic-ae

348 4376 787 4465 perfectionis
850 4376 1251 4441 sanatoribus
1312 4379 1693 4461 neutiquam
1752 4377 2080 4461 inyratam
2136 4398 2230 4439 me
2274 4374 2660 4461 facturum,-
