<?xml version="1.0" encoding="UTF-8"?>
<!DOCTYPE html PUBLIC "-//W3C//DTD XHTML 1.0 Transitional//EN"
    "http://www.w3.org/TR/xhtml1/DTD/xhtml1-transitional.dtd">
<html xmlns="http://www.w3.org/1999/xhtml" xml:lang="en" lang="en">
 <head>
  <title>
</title>
<meta http-equiv="Content-Type" content="text/html;charset=utf-8" />
  <meta name='ocr-system' content='tesseract 3.04.00' />
  <meta name='ocr-capabilities' content='ocr_page ocr_carea ocr_par ocr_line ocrx_word'/>
</head>
<body>
  <div class='ocr_page' id='page_1' title='image "./corpusscriptoru28wissgoog_0106.png"; bbox 0 0 3167 4975; ppageno 0'>
   <div class='ocr_carea' id='block_1_1' title="bbox 534 440 794 498">
    <p class='ocr_par' dir='ltr' id='par_1_1' title="bbox 534 440 794 498">
     <span class='ocr_line' id='line_1_1' title="bbox 534 440 794 498; baseline -0.008 0"><span class='ocrx_word' id='word_1_1' title='bbox 534 440 731 498; x_wconf 86' lang='lat' dir='ltr'>XCVI</span> <span class='ocrx_word' id='word_1_2' title='bbox 738 441 794 497; x_wconf 90' lang='lat'>11</span> 
     </span>
    </p>
   </div>
   <div class='ocr_carea' id='block_1_2' title="bbox 501 604 2831 4460">
    <p class='ocr_par' dir='ltr' id='par_1_2' title="bbox 524 604 2831 2052">
     <span class='ocr_line' id='line_1_2' title="bbox 538 604 2831 693; baseline 0 -23"><span class='ocrx_word' id='word_1_3' title='bbox 538 611 677 693; x_wconf 73' lang='grc' dir='ltr'>ἔψιν,</span> <span class='ocrx_word' id='word_1_4' title='bbox 724 611 793 670; x_wconf 84' lang='grc' dir='ltr'>τὰ</span> <span class='ocrx_word' id='word_1_5' title='bbox 839 610 1059 692; x_wconf 76' lang='grc' dir='ltr'>ῥήματα</span> <span class='ocrx_word' id='word_1_6' title='bbox 1106 610 1517 686; x_wconf 77' lang='grc' dir='ltr'>βεβαιούμενον.</span> <span class='ocrx_word' id='word_1_7' title='bbox 1590 604 1710 670; x_wconf 79' lang='grc' dir='ltr'>εἶτα</span> <span class='ocrx_word' id='word_1_8' title='bbox 1753 610 2045 690; x_wconf 79' lang='grc' dir='ltr'>Σερῆνον</span> <span class='ocrx_word' id='word_1_9' title='bbox 2092 611 2152 670; x_wconf 83' lang='grc' dir='ltr'>οὺ</span> <span class='ocrx_word' id='word_1_10' title='bbox 2199 609 2448 690; x_wconf 78' lang='grc' dir='ltr'>δεύτερον</span> <span class='ocrx_word' id='word_1_11' title='bbox 2479 615 2546 693; x_wconf 79' lang='grc' dir='ltr'>τῇ</span> <span class='ocrx_word' id='word_1_12' title='bbox 2577 609 2831 692; x_wconf 82' lang='grc' dir='ltr'>πολιτείᾳ</span> 
     </span>
     <span class='ocr_line' id='line_1_3' title="bbox 532 714 2830 799; baseline -0 -24"><span class='ocrx_word' id='word_1_13' title='bbox 532 715 625 776; x_wconf 80' lang='grc' dir='ltr'>καὶ</span> <span class='ocrx_word' id='word_1_14' title='bbox 689 722 755 798; x_wconf 83' lang='grc' dir='ltr'>τῇ</span> <span class='ocrx_word' id='word_1_15' title='bbox 818 715 984 799; x_wconf 80' lang='grc' dir='ltr'>ὁμοίᾳ</span> <span class='ocrx_word' id='word_1_16' title='bbox 1045 717 1336 796; x_wconf 83' lang='grc' dir='ltr'>χρώμενον</span> <span class='ocrx_word' id='word_1_17' title='bbox 1402 714 1736 798; x_wconf 72' lang='grc' dir='ltr'>διδασκαλίᾳ</span> <span class='ocrx_word' id='word_1_18' title='bbox 1779 717 2114 795; x_wconf 80' lang='grc' dir='ltr'>παριστάνει,</span> <span class='ocrx_word' id='word_1_19' title='bbox 2179 716 2255 786; x_wconf 86' lang='grc' dir='ltr'>ὡς</span> <span class='ocrx_word' id='word_1_20' title='bbox 2305 717 2368 775; x_wconf 80' lang='grc' dir='ltr'>τ“ο</span> <span class='ocrx_word' id='word_1_21' title='bbox 2413 714 2514 790; x_wconf 84' lang='grc' dir='ltr'>μὲν</span> <span class='ocrx_word' id='word_1_22' title='bbox 2561 715 2638 792; x_wconf 85' lang='grc' dir='ltr'>μὴ</span> <span class='ocrx_word' id='word_1_23' title='bbox 2683 736 2830 795; x_wconf 86' lang='grc' dir='ltr'>παρ-</span> 
     </span>
     <span class='ocr_line' id='line_1_4' title="bbox 538 815 2828 900; baseline -0.001 -20"><span class='ocrx_word' id='word_1_24' title='bbox 538 821 891 900; x_wconf 80' lang='grc' dir='ltr'>ενοχλεῖσθαι</span> <span class='ocrx_word' id='word_1_25' title='bbox 920 823 1018 897; x_wconf 83' lang='grc' dir='ltr'>τὴν</span> <span class='ocrx_word' id='word_1_26' title='bbox 1052 820 1294 881; x_wconf 88' lang='grc' dir='ltr'>διάνοιαν</span> <span class='ocrx_word' id='word_1_27' title='bbox 1325 821 1425 880; x_wconf 70' lang='grc' dir='ltr'>ὑπὸ</span> <span class='ocrx_word' id='word_1_28' title='bbox 1456 826 1563 880; x_wconf 87' lang='grc' dir='ltr'>τῶν</span> <span class='ocrx_word' id='word_1_29' title='bbox 1597 821 1891 897; x_wconf 79' lang='grc' dir='ltr'>δαιμονίων</span> <span class='ocrx_word' id='word_1_30' title='bbox 1939 820 2200 880; x_wconf 75' lang='grc' dir='ltr'>ἀδύνατον</span> <span class='ocrx_word' id='word_1_31' title='bbox 2249 815 2412 897; x_wconf 75' lang='grc' dir='ltr'>εἶναι,</span> <span class='ocrx_word' id='word_1_32' title='bbox 2457 821 2519 880; x_wconf 80' lang='grc' dir='ltr'>τ“ο</span> <span class='ocrx_word' id='word_1_33' title='bbox 2552 819 2616 880; x_wconf 89' lang='grc' dir='ltr'>δὲ</span> <span class='ocrx_word' id='word_1_34' title='bbox 2649 841 2828 879; x_wconf 77' lang='grc' dir='ltr'>συνω-</span> 
     </span>
     <span class='ocr_line' id='line_1_5' title="bbox 531 923 2828 1006; baseline -0 -21"><span class='ocrx_word' id='word_1_35' title='bbox 531 927 738 987; x_wconf 84' lang='grc' dir='ltr'>θεῖσθαι</span> <span class='ocrx_word' id='word_1_36' title='bbox 808 923 905 986; x_wconf 86' lang='grc' dir='ltr'>καὶ</span> <span class='ocrx_word' id='word_1_37' title='bbox 976 926 1383 1004; x_wconf 73' lang='grc' dir='ltr'>ἀναγκάζεσθαι</span> <span class='ocrx_word' id='word_1_38' title='bbox 1442 923 1796 986; x_wconf 73' lang='grc' dir='ltr'>καταπίπτειν</span> <span class='ocrx_word' id='word_1_39' title='bbox 1855 927 1991 1006; x_wconf 74' lang='grc' dir='ltr'>προς</span> <span class='ocrx_word' id='word_1_40' title='bbox 2049 925 2119 984; x_wconf 85' lang='grc' dir='ltr'>τὰ</span> <span class='ocrx_word' id='word_1_41' title='bbox 2177 925 2360 1005; x_wconf 78' lang='grc' dir='ltr'>φαῦλα</span> <span class='ocrx_word' id='word_1_42' title='bbox 2419 925 2628 1004; x_wconf 79' lang='grc' dir='ltr'>οὺκέτι,</span> <span class='ocrx_word' id='word_1_43' title='bbox 2691 923 2828 984; x_wconf 81' lang='grc' dir='ltr'>ἀλλ’</span> 
     </span>
     <span class='ocr_line' id='line_1_6' title="bbox 530 1029 2826 1112; baseline -0.001 -22"><span class='ocrx_word' id='word_1_44' title='bbox 530 1032 801 1112; x_wconf 84' lang='grc' dir='ltr'>ἡμέτερον</span> <span class='ocrx_word' id='word_1_45' title='bbox 862 1030 959 1091; x_wconf 81' lang='grc' dir='ltr'>καὶ</span> <span class='ocrx_word' id='word_1_46' title='bbox 1018 1033 1078 1091; x_wconf 76' lang='grc' dir='ltr'>τ“ο</span> <span class='ocrx_word' id='word_1_47' title='bbox 1126 1032 1437 1092; x_wconf 81' lang='grc' dir='ltr'>διωθεῖσθαι</span> <span class='ocrx_word' id='word_1_48' title='bbox 1496 1032 1595 1106; x_wconf 77' lang='grc' dir='ltr'>τὴν</span> <span class='ocrx_word' id='word_1_49' title='bbox 1643 1031 1878 1109; x_wconf 81' lang='grc' dir='ltr'>ὄχλησιν</span> <span class='ocrx_word' id='word_1_50' title='bbox 1923 1029 2019 1090; x_wconf 84' lang='grc' dir='ltr'>καὶ</span> <span class='ocrx_word' id='word_1_51' title='bbox 2063 1032 2124 1090; x_wconf 74' lang='grc' dir='ltr'>το</span> <span class='ocrx_word' id='word_1_52' title='bbox 2169 1030 2582 1111; x_wconf 83' lang='grc' dir='ltr'>παραδέχεσθαι</span> <span class='ocrx_word' id='word_1_53' title='bbox 2627 1031 2826 1104; x_wconf 77' lang='grc' dir='ltr'>αὒτήν·</span> 
     </span>
     <span class='ocr_line' id='line_1_7' title="bbox 532 1129 2828 1216; baseline -0.001 -21"><span class='ocrx_word' id='word_1_54' title='bbox 532 1133 629 1195; x_wconf 86' lang='grc' dir='ltr'>καὶ</span> <span class='ocrx_word' id='word_1_55' title='bbox 675 1137 753 1208; x_wconf 83' lang='grc' dir='ltr'>ὡς</span> <span class='ocrx_word' id='word_1_56' title='bbox 798 1137 859 1196; x_wconf 79' lang='grc' dir='ltr'>οὺ</span> <span class='ocrx_word' id='word_1_57' title='bbox 903 1139 1189 1216; x_wconf 80' lang='grc' dir='ltr'>χωροῦντα</span> <span class='ocrx_word' id='word_1_58' title='bbox 1236 1135 1326 1195; x_wconf 82' lang='grc' dir='ltr'>διὰ</span> <span class='ocrx_word' id='word_1_59' title='bbox 1370 1141 1471 1211; x_wconf 78' lang='grc' dir='ltr'>τῆς</span> <span class='ocrx_word' id='word_1_60' title='bbox 1514 1139 1695 1213; x_wconf 79' lang='grc' dir='ltr'>ψυχῆς</span> <span class='ocrx_word' id='word_1_61' title='bbox 1739 1136 1808 1196; x_wconf 78' lang='grc' dir='ltr'>τὰ</span> <span class='ocrx_word' id='word_1_62' title='bbox 1855 1135 2108 1212; x_wconf 69' lang='grc' dir='ltr'>δαιμονια</span> <span class='ocrx_word' id='word_1_63' title='bbox 2150 1135 2274 1207; x_wconf 73' lang='grc' dir='ltr'>τοὺς</span> <span class='ocrx_word' id='word_1_64' title='bbox 2315 1133 2678 1216; x_wconf 81' lang='grc' dir='ltr'>ἀνθρωπίνους</span> <span class='ocrx_word' id='word_1_65' title='bbox 2709 1129 2828 1195; x_wconf 77' lang='grc' dir='ltr'>οἶδε</span> 
     </span>
     <span class='ocr_line' id='line_1_8' title="bbox 534 1237 2826 1322; baseline -0.001 -22"><span class='ocrx_word' id='word_1_66' title='bbox 534 1241 856 1321; x_wconf 76' lang='grc' dir='ltr'>λογισμούς,</span> <span class='ocrx_word' id='word_1_67' title='bbox 903 1238 1039 1301; x_wconf 84' lang='grc' dir='ltr'>ἀλλ’</span> <span class='ocrx_word' id='word_1_68' title='bbox 1074 1241 1183 1301; x_wconf 85' lang='grc' dir='ltr'>ἀπό</span> <span class='ocrx_word' id='word_1_69' title='bbox 1211 1261 1371 1302; x_wconf 90' lang='grc' dir='ltr'>τινων</span> <span class='ocrx_word' id='word_1_70' title='bbox 1401 1239 1715 1320; x_wconf 78' lang='grc' dir='ltr'>τεκμηρίων</span> <span class='ocrx_word' id='word_1_71' title='bbox 1771 1237 1974 1312; x_wconf 80' lang='grc' dir='ltr'>ἔξωθεν</span> <span class='ocrx_word' id='word_1_72' title='bbox 2021 1241 2163 1322; x_wconf 81' lang='grc' dir='ltr'>θηρᾷ</span> <span class='ocrx_word' id='word_1_73' title='bbox 2207 1241 2452 1312; x_wconf 83' lang='grc' dir='ltr'>τοὺτους·</span> <span class='ocrx_word' id='word_1_74' title='bbox 2501 1241 2676 1314; x_wconf 78' lang='grc' dir='ltr'>μόνης</span> <span class='ocrx_word' id='word_1_75' title='bbox 2718 1239 2826 1318; x_wconf 79' lang='grc' dir='ltr'>γὰρ</span> 
     </span>
     <span class='ocr_line' id='line_1_9' title="bbox 532 1341 2824 1426; baseline -0 -22"><span class='ocrx_word' id='word_1_76' title='bbox 532 1341 671 1405; x_wconf 80' lang='grc' dir='ltr'>εἶναι</span> <span class='ocrx_word' id='word_1_77' title='bbox 709 1351 809 1423; x_wconf 86' lang='grc' dir='ltr'>τῆς</span> <span class='ocrx_word' id='word_1_78' title='bbox 853 1345 1017 1425; x_wconf 84' lang='grc' dir='ltr'>ἁγίας</span> <span class='ocrx_word' id='word_1_79' title='bbox 1062 1345 1284 1426; x_wconf 75' lang='grc' dir='ltr'>τριάδος</span> <span class='ocrx_word' id='word_1_80' title='bbox 1328 1345 1389 1404; x_wconf 82' lang='grc' dir='ltr'>τ“ο</span> <span class='ocrx_word' id='word_1_81' title='bbox 1438 1345 1528 1405; x_wconf 84' lang='grc' dir='ltr'>διὰ</span> <span class='ocrx_word' id='word_1_82' title='bbox 1571 1348 1753 1422; x_wconf 77' lang='grc' dir='ltr'>ψυχῆς</span> <span class='ocrx_word' id='word_1_83' title='bbox 1797 1343 1892 1404; x_wconf 88' lang='grc' dir='ltr'>καὶ</span> <span class='ocrx_word' id='word_1_84' title='bbox 1935 1351 2043 1404; x_wconf 86' lang='grc' dir='ltr'>τῶν</span> <span class='ocrx_word' id='word_1_85' title='bbox 2092 1344 2288 1406; x_wconf 82' lang='grc' dir='ltr'>ἄλλων</span> <span class='ocrx_word' id='word_1_86' title='bbox 2319 1345 2571 1404; x_wconf 83' lang='grc' dir='ltr'>ἁπάντων</span> <span class='ocrx_word' id='word_1_87' title='bbox 2601 1345 2824 1424; x_wconf 81' lang='grc' dir='ltr'>χωρεῖν.</span> 
     </span>
     <span class='ocr_line' id='line_1_10' title="bbox 526 1446 2826 1529; baseline -0.002 -19"><span class='ocrx_word' id='word_1_88' title='bbox 526 1447 621 1510; x_wconf 82' lang='grc' dir='ltr'>καὶ</span> <span class='ocrx_word' id='word_1_89' title='bbox 666 1450 743 1520; x_wconf 87' lang='grc' dir='ltr'>ὡς</span> <span class='ocrx_word' id='word_1_90' title='bbox 799 1448 1029 1528; x_wconf 71' lang='grc' dir='ltr'>διάφορα</span> <span class='ocrx_word' id='word_1_91' title='bbox 1074 1449 1219 1529; x_wconf 81' lang='grc' dir='ltr'>φῦλα</span> <span class='ocrx_word' id='word_1_92' title='bbox 1266 1447 1579 1528; x_wconf 82' lang='grc' dir='ltr'>δαιμονίων,</span> <span class='ocrx_word' id='word_1_93' title='bbox 1641 1446 1736 1509; x_wconf 86' lang='grc' dir='ltr'>καὶ</span> <span class='ocrx_word' id='word_1_94' title='bbox 1781 1449 1850 1509; x_wconf 79' lang='grc' dir='ltr'>τὰ</span> <span class='ocrx_word' id='word_1_95' title='bbox 1896 1449 1998 1524; x_wconf 84' lang='grc' dir='ltr'>μὲν</span> <span class='ocrx_word' id='word_1_96' title='bbox 2047 1451 2221 1510; x_wconf 73' lang='grc' dir='ltr'>αὐτῶν</span> <span class='ocrx_word' id='word_1_97' title='bbox 2271 1450 2434 1529; x_wconf 80' lang='grc' dir='ltr'>ἄγρια</span> <span class='ocrx_word' id='word_1_98' title='bbox 2494 1447 2589 1508; x_wconf 87' lang='grc' dir='ltr'>καὶ</span> <span class='ocrx_word' id='word_1_99' title='bbox 2631 1468 2826 1508; x_wconf 81' lang='grc' dir='ltr'>κακω-</span> 
     </span>
     <span class='ocr_line' id='line_1_11' title="bbox 530 1548 2825 1634; baseline -0 -21"><span class='ocrx_word' id='word_1_100' title='bbox 530 1553 657 1614; x_wconf 82' lang='grc' dir='ltr'>τικὰ</span> <span class='ocrx_word' id='word_1_101' title='bbox 700 1551 849 1632; x_wconf 87' lang='grc' dir='ltr'>λίαν,</span> <span class='ocrx_word' id='word_1_102' title='bbox 899 1556 935 1613; x_wconf 80' lang='grc' dir='ltr'><em>ἃ</em></span> <span class='ocrx_word' id='word_1_103' title='bbox 968 1553 1018 1613; x_wconf 84' lang='grc' dir='ltr'>δ’</span> <span class='ocrx_word' id='word_1_104' title='bbox 1050 1548 1233 1632; x_wconf 78' lang='grc' dir='ltr'>ἧττον,</span> <span class='ocrx_word' id='word_1_105' title='bbox 1279 1553 1374 1614; x_wconf 85' lang='grc' dir='ltr'>καὶ</span> <span class='ocrx_word' id='word_1_106' title='bbox 1421 1554 1579 1614; x_wconf 82' lang='grc' dir='ltr'>ἀλλα</span> <span class='ocrx_word' id='word_1_107' title='bbox 1627 1554 1954 1634; x_wconf 79' lang='grc' dir='ltr'>εὺτράπελα.</span> <span class='ocrx_word' id='word_1_108' title='bbox 2019 1548 2098 1626; x_wconf 77' lang='grc' dir='ltr'>οἷς</span> <span class='ocrx_word' id='word_1_109' title='bbox 2143 1553 2236 1614; x_wconf 80' lang='grc' dir='ltr'>καὶ</span> <span class='ocrx_word' id='word_1_110' title='bbox 2285 1554 2314 1612; x_wconf 77' lang='grc' dir='ltr'>ὁ</span> <span class='ocrx_word' id='word_1_111' title='bbox 2345 1553 2520 1633; x_wconf 82' lang='grc' dir='ltr'>τρίτος</span> <span class='ocrx_word' id='word_1_112' title='bbox 2564 1552 2825 1628; x_wconf 80' lang='grc' dir='ltr'>συμπλη-</span> 
     </span>
     <span class='ocr_line' id='line_1_12' title="bbox 528 1654 2827 1740; baseline -0.002 -22"><span class='ocrx_word' id='word_1_113' title='bbox 528 1662 711 1739; x_wconf 81' lang='grc' dir='ltr'>ροῦται</span> <span class='ocrx_word' id='word_1_114' title='bbox 771 1659 966 1740; x_wconf 78' lang='grc' dir='ltr'>λόγος,</span> <span class='ocrx_word' id='word_1_115' title='bbox 1033 1659 1533 1738; x_wconf 80' lang='grc' dir='ltr'>ἐπαγγελλομένου</span> <span class='ocrx_word' id='word_1_116' title='bbox 1597 1657 1888 1732; x_wconf 77' lang='grc' dir='ltr'>διαλαβεῖν</span> <span class='ocrx_word' id='word_1_117' title='bbox 1947 1663 2040 1719; x_wconf 81' lang='grc' dir='ltr'>τοῦ</span> <span class='ocrx_word' id='word_1_118' title='bbox 2085 1659 2328 1739; x_wconf 84' lang='grc' dir='ltr'>Σερήνου</span> <span class='ocrx_word' id='word_1_119' title='bbox 2388 1659 2446 1718; x_wconf 86' lang='grc' dir='ltr'>ἐν</span> <span class='ocrx_word' id='word_1_120' title='bbox 2505 1656 2680 1738; x_wconf 80' lang='grc' dir='ltr'>καιρῷ</span> <span class='ocrx_word' id='word_1_121' title='bbox 2732 1654 2827 1717; x_wconf 83' lang='grc' dir='ltr'>καὶ</span> 
     </span>
     <span class='ocr_line' id='line_1_13' title="bbox 530 1753 2828 1844; baseline -0.001 -21"><span class='ocrx_word' id='word_1_122' title='bbox 530 1761 659 1844; x_wconf 86' lang='grc' dir='ltr'>περὶ</span> <span class='ocrx_word' id='word_1_123' title='bbox 703 1767 798 1823; x_wconf 78' lang='grc' dir='ltr'>τοῦ</span> <span class='ocrx_word' id='word_1_124' title='bbox 842 1763 1218 1844; x_wconf 76' lang='grc' dir='ltr'>ἠρωτημένου,</span> <span class='ocrx_word' id='word_1_125' title='bbox 1282 1765 1417 1843; x_wconf 78' lang='grc' dir='ltr'>ὅπερ</span> <span class='ocrx_word' id='word_1_126' title='bbox 1461 1760 1530 1840; x_wconf 85' lang='grc' dir='ltr'>ἦν</span> <span class='ocrx_word' id='word_1_127' title='bbox 1576 1765 1658 1844; x_wconf 79' lang='grc' dir='ltr'>,οὺ</span> <span class='ocrx_word' id='word_1_128' title='bbox 1703 1765 1811 1844; x_wconf 87' lang='grc' dir='ltr'>γάρ</span> <span class='ocrx_word' id='word_1_129' title='bbox 1859 1764 1999 1823; x_wconf 75' lang='grc' dir='ltr'>ἐστιν</span> <span class='ocrx_word' id='word_1_130' title='bbox 2043 1764 2174 1839; x_wconf 81' lang='grc' dir='ltr'>ἡμῖν</span> <span class='ocrx_word' id='word_1_131' title='bbox 2218 1765 2254 1838; x_wconf 84' lang='grc' dir='ltr'>ἡ</span> <span class='ocrx_word' id='word_1_132' title='bbox 2298 1763 2454 1838; x_wconf 81' lang='grc' dir='ltr'>πάλη</span> <span class='ocrx_word' id='word_1_133' title='bbox 2507 1763 2642 1842; x_wconf 68' lang='grc' dir='ltr'>πρὸς</span> <span class='ocrx_word' id='word_1_134' title='bbox 2691 1753 2828 1837; x_wconf 80' lang='grc' dir='ltr'>αἷμα</span> 
     </span>
     <span class='ocr_line' id='line_1_14' title="bbox 524 1862 2824 1949; baseline -0.002 -23"><span class='ocrx_word' id='word_1_135' title='bbox 524 1866 619 1926; x_wconf 85' lang='grc' dir='ltr'>καὶ</span> <span class='ocrx_word' id='word_1_136' title='bbox 663 1868 861 1949; x_wconf 72' lang='grc' dir='ltr'>σάρκαι</span> <span class='ocrx_word' id='word_1_137' title='bbox 908 1865 1001 1928; x_wconf 83' lang='grc' dir='ltr'>καὶ</span> <span class='ocrx_word' id='word_1_138' title='bbox 1048 1865 1199 1946; x_wconf 82' lang='grc' dir='ltr'>ἑξῆς.</span> <span class='ocrx_word' id='word_1_139' title='bbox 1284 1868 1545 1938; x_wconf 80' lang='grc' dir='ltr'>Λεόντιος</span> <span class='ocrx_word' id='word_1_140' title='bbox 1593 1867 1641 1926; x_wconf 76' lang='grc' dir='ltr'>δ’</span> <span class='ocrx_word' id='word_1_141' title='bbox 1688 1864 1755 1945; x_wconf 79' lang='grc' dir='ltr'>ἦν</span> <span class='ocrx_word' id='word_1_142' title='bbox 1803 1867 1978 1944; x_wconf 72' lang='grc' dir='ltr'>ὄνομα</span> <span class='ocrx_word' id='word_1_143' title='bbox 2024 1862 2070 1948; x_wconf 78' lang='grc' dir='ltr'>ᾧ</span> <span class='ocrx_word' id='word_1_144' title='bbox 2123 1866 2266 1928; x_wconf 86' lang='grc' dir='ltr'>τουτὶ</span> <span class='ocrx_word' id='word_1_145' title='bbox 2309 1869 2370 1927; x_wconf 68' lang='grc' dir='ltr'>τὶ)</span> <span class='ocrx_word' id='word_1_146' title='bbox 2413 1867 2588 1946; x_wconf 83' lang='grc' dir='ltr'>τρίτον</span> <span class='ocrx_word' id='word_1_147' title='bbox 2632 1866 2824 1945; x_wconf 82' lang='grc' dir='ltr'>λόγιον</span> 
     </span>
     <span class='ocr_line' id='line_1_15' title="bbox 524 1973 937 2052; baseline 0.002 -21"><span class='ocrx_word' id='word_1_148' title='bbox 524 1973 937 2052; x_wconf 79' lang='grc' dir='ltr'>προσεφωνήθη.</span> 
     </span>
    </p>

    <p class='ocr_par' dir='ltr' id='par_1_3' title="bbox 501 2073 2823 4460">
     <span class='ocr_line' id='line_1_16' title="bbox 616 2073 2820 2160; baseline 0 -22"><span class='ocrx_word' id='word_1_149' title='bbox 616 2075 769 2139; x_wconf 84' lang='lat' dir='ltr'>Tres</span> <span class='ocrx_word' id='word_1_150' title='bbox 802 2075 995 2160; x_wconf 84' lang='lat' dir='ltr'>igitur</span> <span class='ocrx_word' id='word_1_151' title='bbox 1018 2075 1213 2140; x_wconf 85' lang='lat' dir='ltr'>libros</span> <span class='ocrx_word' id='word_1_152' title='bbox 1236 2075 1506 2140; x_wconf 90' lang='lat' dir='ltr'>Photius</span> <span class='ocrx_word' id='word_1_153' title='bbox 1531 2076 1799 2160; x_wconf 80' lang='lat' dir='ltr'>legerat:</span> <span class='ocrx_word' id='word_1_154' title='bbox 1839 2075 1902 2158; x_wconf 90' lang='lat'>1)</span> <span class='ocrx_word' id='word_1_155' title='bbox 1929 2075 2248 2159; x_wconf 79' lang='lat' dir='ltr'>epitomen</span> <span class='ocrx_word' id='word_1_156' title='bbox 2273 2075 2428 2140; x_wconf 88' lang='lat' dir='ltr'>Inst.</span> <span class='ocrx_word' id='word_1_157' title='bbox 2457 2075 2522 2138; x_wconf 93' lang='lat' dir='ltr'>ll.</span> <span class='ocrx_word' id='word_1_158' title='bbox 2551 2073 2820 2139; x_wconf 90' lang='lat' dir='ltr'><strong>I—IHI.</strong></span> 
     </span>
     <span class='ocr_line' id='line_1_17' title="bbox 523 2177 2821 2264; baseline -0 -22"><span class='ocrx_word' id='word_1_159' title='bbox 523 2177 593 2264; x_wconf 82' lang='lat'>2)</span> <span class='ocrx_word' id='word_1_160' title='bbox 650 2179 966 2262; x_wconf 77' lang='lat' dir='ltr'><strong>epitomen</strong></span> <span class='ocrx_word' id='word_1_161' title='bbox 1016 2180 1172 2244; x_wconf 88' lang='lat' dir='ltr'>Inst.</span> <span class='ocrx_word' id='word_1_162' title='bbox 1206 2181 1271 2244; x_wconf 92' lang='lat' dir='ltr'>ll.</span> <span class='ocrx_word' id='word_1_163' title='bbox 1306 2180 1598 2244; x_wconf 91' lang='lat' dir='ltr'><strong>V—XII.</strong></span> <span class='ocrx_word' id='word_1_164' title='bbox 1670 2179 1738 2262; x_wconf 88' lang='lat'>3)</span> <span class='ocrx_word' id='word_1_165' title='bbox 1787 2179 2102 2262; x_wconf 81' lang='lat' dir='ltr'>epitomen</span> <span class='ocrx_word' id='word_1_166' title='bbox 2150 2179 2594 2244; x_wconf 85' lang='lat' dir='ltr'>Conlationum</span> <span class='ocrx_word' id='word_1_167' title='bbox 2639 2179 2672 2242; x_wconf 92' lang='lat' dir='ltr'>I</span> <span class='ocrx_word' id='word_1_168' title='bbox 2719 2177 2821 2261; x_wconf 91' lang='lat' dir='ltr'>(de</span> 
     </span>
     <span class='ocr_line' id='line_1_18' title="bbox 524 2281 2823 2366; baseline -0 -20"><span class='ocrx_word' id='word_1_169' title='bbox 524 2284 817 2348; x_wconf 90' lang='lat' dir='ltr'>monachi</span> <span class='ocrx_word' id='word_1_170' title='bbox 880 2284 1301 2349; x_wconf 77' lang='lat' dir='ltr'>destinatione</span> <span class='ocrx_word' id='word_1_171' title='bbox 1356 2285 1458 2348; x_wconf 90' lang='lat' dir='ltr'>uel</span> <span class='ocrx_word' id='word_1_172' title='bbox 1518 2283 1694 2366; x_wconf 88' lang='lat' dir='ltr'>fine),</span> <span class='ocrx_word' id='word_1_173' title='bbox 1763 2284 1829 2347; x_wconf 89' lang='lat' dir='ltr'>H</span> <span class='ocrx_word' id='word_1_174' title='bbox 1891 2281 1995 2365; x_wconf 88' lang='lat' dir='ltr'>(de</span> <span class='ocrx_word' id='word_1_175' title='bbox 2056 2283 2480 2366; x_wconf 86' lang='lat' dir='ltr'>discretione),</span> <span class='ocrx_word' id='word_1_176' title='bbox 2541 2283 2664 2347; x_wconf 88' lang='lat' dir='ltr'>VH</span> <span class='ocrx_word' id='word_1_177' title='bbox 2722 2282 2823 2366; x_wconf 87' lang='lat' dir='ltr'>(de</span> 
     </span>
     <span class='ocr_line' id='line_1_19' title="bbox 525 2386 2818 2473; baseline -0 -22"><span class='ocrx_word' id='word_1_178' title='bbox 525 2387 773 2452; x_wconf 87' lang='lat' dir='ltr'>animae</span> <span class='ocrx_word' id='word_1_179' title='bbox 820 2388 1173 2454; x_wconf 80' lang='lat' dir='ltr'>mobilitate</span> <span class='ocrx_word' id='word_1_180' title='bbox 1219 2392 1282 2453; x_wconf 89' lang='lat' dir='ltr'>et</span> <span class='ocrx_word' id='word_1_181' title='bbox 1313 2388 1703 2471; x_wconf 82' lang='lat' dir='ltr'>spiritalibus</span> <span class='ocrx_word' id='word_1_182' title='bbox 1747 2387 2094 2473; x_wconf 88' lang='lat' dir='ltr'>nequitiis).</span> <span class='ocrx_word' id='word_1_183' title='bbox 2145 2392 2331 2470; x_wconf 87' lang='lat' dir='ltr'>atque</span> <span class='ocrx_word' id='word_1_184' title='bbox 2361 2387 2576 2452; x_wconf 91' lang='lat' dir='ltr'>Photii</span> <span class='ocrx_word' id='word_1_185' title='bbox 2608 2386 2818 2450; x_wconf 89' lang='lat' dir='ltr'>uerbis</span> 
     </span>
     <span class='ocr_line' id='line_1_20' title="bbox 531 2492 2820 2578; baseline -0 -21"><span class='ocrx_word' id='word_1_186' title='bbox 531 2494 763 2577; x_wconf 89' lang='lat' dir='ltr'>optime</span> <span class='ocrx_word' id='word_1_187' title='bbox 797 2498 1150 2578; x_wconf 87' lang='lat' dir='ltr'>congruunt</span> <span class='ocrx_word' id='word_1_188' title='bbox 1183 2511 1257 2557; x_wconf 90' lang='lat' dir='ltr'>ea</span> <span class='ocrx_word' id='word_1_189' title='bbox 1287 2512 1446 2575; x_wconf 90' lang='lat' dir='ltr'>quae</span> <span class='ocrx_word' id='word_1_190' title='bbox 1478 2494 1555 2557; x_wconf 88' lang='lat' dir='ltr'>de</span> <span class='ocrx_word' id='word_1_191' title='bbox 1588 2492 2020 2558; x_wconf 87' lang='lat' dir='ltr'>translationis</span> <span class='ocrx_word' id='word_1_192' title='bbox 2053 2492 2330 2558; x_wconf 79' lang='lat' dir='ltr'>Graecae</span> <span class='ocrx_word' id='word_1_193' title='bbox 2361 2492 2820 2576; x_wconf 83' lang='lat' dir='ltr'>exemplaribus</span> 
     </span>
     <span class='ocr_line' id='line_1_21' title="bbox 523 2597 2818 2681; baseline 0 -20"><span class='ocrx_word' id='word_1_194' title='bbox 523 2618 674 2661; x_wconf 80' lang='lat' dir='ltr'>mss,</span> <span class='ocrx_word' id='word_1_195' title='bbox 734 2598 1059 2663; x_wconf 82' lang='lat' dir='ltr'>Uaticanis</span> <span class='ocrx_word' id='word_1_196' title='bbox 1101 2597 1467 2663; x_wconf 74' lang='lat' dir='ltr'>ciacconius</span> <span class='ocrx_word' id='word_1_197' title='bbox 1516 2597 1581 2661; x_wconf 90' lang='lat' dir='ltr'>in</span> <span class='ocrx_word' id='word_1_198' title='bbox 1627 2598 2016 2681; x_wconf 87' lang='lat' dir='ltr'>praefatione</span> <span class='ocrx_word' id='word_1_199' title='bbox 2065 2597 2357 2663; x_wconf 82' lang='lat' dir='ltr'>editionis</span> <span class='ocrx_word' id='word_1_200' title='bbox 2404 2616 2553 2661; x_wconf 90' lang='lat' dir='ltr'>suae</span> <span class='ocrx_word' id='word_1_201' title='bbox 2597 2598 2818 2661; x_wconf 85' lang='lat' dir='ltr'>refert:</span> 
     </span>
     <span class='ocr_line' id='line_1_22' title="bbox 522 2698 2820 2786; baseline 0 -23"><span class='ocrx_word' id='word_1_202' title='bbox 522 2711 745 2763; x_wconf 75' lang='lat' dir='ltr'>extant</span> <span class='ocrx_word' id='word_1_203' title='bbox 806 2700 1080 2786; x_wconf 76' lang='lat' dir='ltr'>quide-m,</span> <span class='ocrx_word' id='word_1_204' title='bbox 1150 2702 1375 2785; x_wconf 84' lang='lat' dir='ltr'>inquit,</span> <span class='ocrx_word' id='word_1_205' title='bbox 1442 2701 1516 2764; x_wconf 79' lang='lat' dir='ltr'>in</span> <span class='ocrx_word' id='word_1_206' title='bbox 1586 2700 1914 2764; x_wconf 77' lang='lat' dir='ltr'>Uaticana</span> <span class='ocrx_word' id='word_1_207' title='bbox 1979 2700 2362 2764; x_wconf 79' lang='lat' dir='ltr'>bibliotheca</span> <span class='ocrx_word' id='word_1_208' title='bbox 2433 2698 2820 2765; x_wconf 68' lang='lat' dir='ltr'>Collatio‘nes</span> 
     </span>
     <span class='ocr_line' id='line_1_23' title="bbox 521 2803 2814 2891; baseline -0 -24"><span class='ocrx_word' id='word_1_209' title='bbox 521 2803 773 2890; x_wconf 79' lang='lat' dir='ltr'>aliquot</span> <span class='ocrx_word' id='word_1_210' title='bbox 820 2815 877 2868; x_wconf 87' lang='lat' dir='ltr'>et</span> <span class='ocrx_word' id='word_1_211' title='bbox 921 2815 1053 2868; x_wconf 83' lang='lat' dir='ltr'>octo</span> <span class='ocrx_word' id='word_1_212' title='bbox 1092 2806 1405 2891; x_wconf 75' lang='lat' dir='ltr'>postremi</span> <span class='ocrx_word' id='word_1_213' title='bbox 1454 2804 1617 2868; x_wconf 74' lang='lat' dir='ltr'>libr-i</span> <span class='ocrx_word' id='word_1_214' title='bbox 1663 2804 2159 2869; x_wconf 72' lang='lat' dir='ltr'>Institutionum</span> <span class='ocrx_word' id='word_1_215' title='bbox 2203 2806 2276 2868; x_wconf 75' lang='lat' dir='ltr'>in</span> <span class='ocrx_word' id='word_1_216' title='bbox 2328 2804 2646 2871; x_wconf 67' lang='lat' dir='ltr'>Graecam,</span> <span class='ocrx_word' id='word_1_217' title='bbox 2695 2804 2814 2868; x_wconf 75' lang='lat' dir='ltr'>zin-</span> 
     </span>
     <span class='ocr_line' id='line_1_24' title="bbox 521 2909 2817 2995; baseline -0 -22"><span class='ocrx_word' id='word_1_218' title='bbox 521 2932 715 2995; x_wconf 85' lang='lat' dir='ltr'>9uam</span> <span class='ocrx_word' id='word_1_219' title='bbox 776 2910 1094 2987; x_wconf 66' lang='lat' dir='ltr'>conuersi,</span> <span class='ocrx_word' id='word_1_220' title='bbox 1164 2909 1277 2973; x_wconf 84' lang='lat' dir='ltr'>sed</span> <span class='ocrx_word' id='word_1_221' title='bbox 1336 2910 1429 2981; x_wconf 64' lang='lat' dir='ltr'>ab,</span> <span class='ocrx_word' id='word_1_222' title='bbox 1482 2910 1732 2974; x_wconf 78' lang='lat' dir='ltr'>homine</span> <span class='ocrx_word' id='word_1_223' title='bbox 1783 2933 2034 2995; x_wconf 74' lang='lat' dir='ltr'>parum</span> <span class='ocrx_word' id='word_1_224' title='bbox 2095 2910 2326 2974; x_wconf 78' lang='lat' dir='ltr'>Latine</span> <span class='ocrx_word' id='word_1_225' title='bbox 2387 2910 2564 2975; x_wconf 83' lang='lat' dir='ltr'>docto</span> <span class='ocrx_word' id='word_1_226' title='bbox 2627 2920 2686 2973; x_wconf 89' lang='lat' dir='ltr'>et</span> <span class='ocrx_word' id='word_1_227' title='bbox 2745 2910 2817 2973; x_wconf 76' lang='lat' dir='ltr'>in</span> 
     </span>
     <span class='ocr_line' id='line_1_25' title="bbox 522 3013 2816 3100; baseline 0.001 -25"><span class='ocrx_word' id='word_1_228' title='bbox 522 3014 729 3077; x_wconf 83' lang='lat' dir='ltr'>sacris</span> <span class='ocrx_word' id='word_1_229' title='bbox 790 3013 1027 3077; x_wconf 79' lang='lat' dir='ltr'>litteris</span> <span class='ocrx_word' id='word_1_230' title='bbox 1088 3013 1481 3100; x_wconf 67' lang='lat' dir='ltr'>neyliyenter</span> <span class='ocrx_word' id='word_1_231' title='bbox 1534 3024 1816 3079; x_wconf 76' lang='lat' dir='ltr'>uersato.</span> <span class='ocrx_word' id='word_1_232' title='bbox 1893 3038 2066 3092; x_wconf 80' lang='lat' dir='ltr'>nam,</span> <span class='ocrx_word' id='word_1_233' title='bbox 2127 3025 2204 3077; x_wconf 84' lang='lat' dir='ltr'>ut</span> <span class='ocrx_word' id='word_1_234' title='bbox 2247 3037 2450 3079; x_wconf 77' lang='lat' dir='ltr'>unum</span> <span class='ocrx_word' id='word_1_235' title='bbox 2496 3039 2527 3079; x_wconf 85' lang='lat' dir='ltr'>e</span> <span class='ocrx_word' id='word_1_236' title='bbox 2590 3013 2816 3078; x_wconf 83' lang='lat' dir='ltr'>multis</span> 
     </span>
     <span class='ocr_line' id='line_1_26' title="bbox 527 3116 2815 3205; baseline 0.001 -25"><span class='ocrx_word' id='word_1_237' title='bbox 527 3116 733 3181; x_wconf 81' lang='lat' dir='ltr'>locum</span> <span class='ocrx_word' id='word_1_238' title='bbox 752 3117 1122 3204; x_wconf 71' lang='lat' dir='ltr'>proferam,</span> <span class='ocrx_word' id='word_1_239' title='bbox 1170 3118 1343 3203; x_wconf 76' lang='lat' dir='ltr'>quod</span> <span class='ocrx_word' id='word_1_240' title='bbox 1382 3117 1614 3183; x_wconf 81' lang='lat' dir='ltr'>Collat.</span> <span class='ocrx_word' id='word_1_241' title='bbox 1649 3122 1689 3181; x_wconf 81' lang='lat'><strong><em>2</em></strong></span> <span class='ocrx_word' id='word_1_242' title='bbox 1720 3142 1862 3205; x_wconf 74' lang='lat' dir='ltr'>cap.</span> <span class='ocrx_word' id='word_1_243' title='bbox 1894 3119 1937 3181; x_wconf 85' lang='lat'><em>5</em></span> <span class='ocrx_word' id='word_1_244' title='bbox 1969 3129 2061 3183; x_wconf 85' lang='lat' dir='ltr'>est</span> <span class='ocrx_word' id='word_1_245' title='bbox 2097 3120 2417 3205; x_wconf 61' lang='lat' dir='ltr'>seriptum</span> <span class='ocrx_word' id='word_1_246' title='bbox 2449 3118 2526 3183; x_wconf 82' lang='lat' dir='ltr'>de</span> <span class='ocrx_word' id='word_1_247' title='bbox 2557 3118 2815 3183; x_wconf 76' lang='lat' dir='ltr'>Herone</span> 
     </span>
     <span class='ocr_line' id='line_1_27' title="bbox 521 3222 2814 3307; baseline -0 -21"><span class='ocrx_word' id='word_1_248' title='bbox 521 3242 711 3305; x_wconf 90' lang='lat' dir='ltr'>quem</span> <span class='ocrx_word' id='word_1_249' title='bbox 757 3224 1214 3307; x_wconf 84' lang='lat' dir='ltr'>quinquaginta</span> <span class='ocrx_word' id='word_1_250' title='bbox 1274 3225 1455 3289; x_wconf 83' lang='lat' dir='ltr'>annis</span> <span class='ocrx_word' id='word_1_251' title='bbox 1502 3226 1567 3289; x_wconf 90' lang='lat' dir='ltr'>in</span> <span class='ocrx_word' id='word_1_252' title='bbox 1625 3224 1746 3289; x_wconf 87' lang='lat' dir='ltr'>hac</span> <span class='ocrx_word' id='word_1_253' title='bbox 1789 3225 2042 3289; x_wconf 85' lang='lat' dir='ltr'>heremo</span> <span class='ocrx_word' id='word_1_254' title='bbox 2091 3229 2547 3290; x_wconf 87' lang='lat' dir='ltr'>commoratum</span> <span class='ocrx_word' id='word_1_255' title='bbox 2594 3233 2652 3287; x_wconf 87' lang='lat' dir='ltr'>et</span> <span class='ocrx_word' id='word_1_256' title='bbox 2696 3222 2814 3287; x_wconf 82' lang='lat' dir='ltr'>ille</span> 
     </span>
     <span class='ocr_line' id='line_1_28' title="bbox 520 3326 2813 3414; baseline 0 -25"><span class='ocrx_word' id='word_1_257' title='bbox 520 3327 636 3412; x_wconf 77' lang='lat' dir='ltr'>qui</span> <span class='ocrx_word' id='word_1_258' title='bbox 686 3349 814 3413; x_wconf 76' lang='lat' dir='ltr'>per</span> <span class='ocrx_word' id='word_1_259' title='bbox 873 3328 1205 3391; x_wconf 72' lang='lat' dir='ltr'>incuriam</span> <span class='ocrx_word' id='word_1_260' title='bbox 1267 3330 1332 3393; x_wconf 88' lang='lat' dir='ltr'>in</span> <span class='ocrx_word' id='word_1_261' title='bbox 1393 3330 1722 3395; x_wconf 80' lang='lat' dir='ltr'>acheremo</span> <span class='ocrx_word' id='word_1_262' title='bbox 1787 3327 2034 3414; x_wconf 85' lang='lat' dir='ltr'>le9isset</span> <span class='ocrx_word' id='word_1_263' title='bbox 2101 3339 2159 3392; x_wconf 90' lang='lat' dir='ltr'>et</span> <span class='ocrx_word' id='word_1_264' title='bbox 2211 3350 2438 3392; x_wconf 73' lang='lat' dir='ltr'>nomen</span> <span class='ocrx_word' id='word_1_265' title='bbox 2498 3350 2627 3392; x_wconf 87' lang='lat' dir='ltr'>esse</span> <span class='ocrx_word' id='word_1_266' title='bbox 2689 3326 2813 3391; x_wconf 84' lang='lat' dir='ltr'>loci</span> 
     </span>
     <span class='ocr_line' id='line_1_29' title="bbox 509 3432 2810 3518; baseline -0 -24"><span class='ocrx_word' id='word_1_267' title='bbox 509 3433 869 3518; x_wconf 75' lang='lat' dir='ltr'>proprium</span> <span class='ocrx_word' id='word_1_268' title='bbox 912 3433 1354 3510; x_wconf 76' lang='lat' dir='ltr'>existimasset,</span> <span class='ocrx_word' id='word_1_269' title='bbox 1416 3432 1510 3496; x_wconf 82' lang='lat' dir='ltr'>sic</span> <span class='ocrx_word' id='word_1_270' title='bbox 1554 3432 1783 3497; x_wconf 81' lang='lat' dir='ltr'>uertit:</span> <span class='ocrx_word' id='word_1_271' title='bbox 1847 3440 2031 3495; x_wconf 81' lang='grc' dir='ltr'>τοῦτον</span> <span class='ocrx_word' id='word_1_272' title='bbox 2077 3435 2183 3515; x_wconf 86' lang='grc' dir='ltr'>γὰρ</span> <span class='ocrx_word' id='word_1_273' title='bbox 2231 3436 2561 3511; x_wconf 79' lang='grc' dir='ltr'>μεμνήμεθα</span> <span class='ocrx_word' id='word_1_274' title='bbox 2604 3437 2810 3509; x_wconf 72' lang='grc' dir='ltr'>πεντή-</span> 
     </span>
     <span class='ocr_line' id='line_1_30' title="bbox 516 3536 2809 3623; baseline 0.001 -25"><span class='ocrx_word' id='word_1_275' title='bbox 516 3560 685 3599; x_wconf 88' lang='grc' dir='ltr'>κοντα</span> <span class='ocrx_word' id='word_1_276' title='bbox 730 3540 825 3615; x_wconf 82' lang='grc' dir='ltr'>ἔτη</span> <span class='ocrx_word' id='word_1_277' title='bbox 874 3539 933 3598; x_wconf 85' lang='grc' dir='ltr'>ἐν</span> <span class='ocrx_word' id='word_1_278' title='bbox 980 3539 1251 3620; x_wconf 72' lang='grc' dir='ltr'>ἀχερήμῳ</span> <span class='ocrx_word' id='word_1_279' title='bbox 1285 3539 1636 3619; x_wconf 77' lang='grc' dir='ltr'>διατρίψαντα</span> <span class='ocrx_word' id='word_1_280' title='bbox 1683 3547 1793 3601; x_wconf 86' lang='lat' dir='ltr'>ete.</span> <span class='ocrx_word' id='word_1_281' title='bbox 1841 3547 1899 3600; x_wconf 87' lang='lat' dir='ltr'>et</span> <span class='ocrx_word' id='word_1_282' title='bbox 1935 3536 2148 3623; x_wconf 75' lang='lat' dir='ltr'>paulo</span> <span class='ocrx_word' id='word_1_283' title='bbox 2185 3547 2338 3623; x_wconf 77' lang='lat' dir='ltr'>post</span> <span class='ocrx_word' id='word_1_284' title='bbox 2372 3560 2504 3623; x_wconf 77' lang='lat' dir='ltr'>pro</span> <span class='ocrx_word' id='word_1_285' title='bbox 2552 3542 2809 3603; x_wconf 81' lang='lat' dir='ltr'>cunctos</span> 
     </span>
     <span class='ocr_line' id='line_1_31' title="bbox 518 3642 2808 3723; baseline -0 -17"><span class='ocrx_word' id='word_1_286' title='bbox 518 3642 581 3706; x_wconf 91' lang='lat' dir='ltr'>in</span> <span class='ocrx_word' id='word_1_287' title='bbox 629 3642 749 3707; x_wconf 78' lang='lat' dir='ltr'>hae</span> <span class='ocrx_word' id='word_1_288' title='bbox 794 3643 1048 3708; x_wconf 78' lang='lat' dir='ltr'>heremo</span> <span class='ocrx_word' id='word_1_289' title='bbox 1081 3644 1457 3707; x_wconf 79' lang='lat' dir='ltr'>constitutos</span> <span class='ocrx_word' id='word_1_290' title='bbox 1487 3647 1696 3716; x_wconf 88' lang='grc' dir='ltr'>πάντας</span> <span class='ocrx_word' id='word_1_291' title='bbox 1739 3644 1862 3715; x_wconf 75' lang='grc' dir='ltr'>τοὺς</span> <span class='ocrx_word' id='word_1_292' title='bbox 1909 3644 1966 3704; x_wconf 85' lang='grc' dir='ltr'>ἐν</span> <span class='ocrx_word' id='word_1_293' title='bbox 2005 3644 2274 3723; x_wconf 74' lang='grc' dir='ltr'>ἀχερήμῳ</span> <span class='ocrx_word' id='word_1_294' title='bbox 2319 3644 2559 3723; x_wconf 85' lang='grc' dir='ltr'>πατέρας</span> <span class='ocrx_word' id='word_1_295' title='bbox 2599 3652 2808 3705; x_wconf 78' lang='lat' dir='ltr'>trans-</span> 
     </span>
     <span class='ocr_line' id='line_1_32' title="bbox 501 3744 2808 3832; baseline 0.001 -23"><span class='ocrx_word' id='word_1_296' title='bbox 501 3744 670 3831; x_wconf 70' lang='lat' dir='ltr'>fert.</span> <span class='ocrx_word' id='word_1_297' title='bbox 720 3746 1083 3811; x_wconf 79' lang='lat' dir='ltr'>testimonia</span> <span class='ocrx_word' id='word_1_298' title='bbox 1126 3768 1283 3811; x_wconf 84' lang='lat' dir='ltr'>uero</span> <span class='ocrx_word' id='word_1_299' title='bbox 1329 3770 1559 3811; x_wconf 78' lang='lat' dir='ltr'>sacrae</span> <span class='ocrx_word' id='word_1_300' title='bbox 1589 3748 1964 3832; x_wconf 71' lang='lat' dir='ltr'>scriptu-rae</span> <span class='ocrx_word' id='word_1_301' title='bbox 2009 3746 2230 3809; x_wconf 77' lang='lat' dir='ltr'>uerbis</span> <span class='ocrx_word' id='word_1_302' title='bbox 2271 3746 2474 3811; x_wconf 79' lang='lat' dir='ltr'>multo</span> <span class='ocrx_word' id='word_1_303' title='bbox 2522 3747 2808 3811; x_wconf 82' lang='lat' dir='ltr'>diuersis</span> 
     </span>
     <span class='ocr_line' id='line_1_33' title="bbox 516 3849 2806 3939; baseline 0.002 -26"><span class='ocrx_word' id='word_1_304' title='bbox 516 3849 597 3913; x_wconf 85' lang='lat' dir='ltr'>ab</span> <span class='ocrx_word' id='word_1_305' title='bbox 643 3850 751 3929; x_wconf 85' lang='lat' dir='ltr'>iis,</span> <span class='ocrx_word' id='word_1_306' title='bbox 808 3873 973 3935; x_wconf 81' lang='lat' dir='ltr'>quae</span> <span class='ocrx_word' id='word_1_307' title='bbox 1020 3851 1094 3914; x_wconf 75' lang='lat' dir='ltr'>in</span> <span class='ocrx_word' id='word_1_308' title='bbox 1138 3850 1385 3915; x_wconf 82' lang='lat' dir='ltr'>Bibliis</span> <span class='ocrx_word' id='word_1_309' title='bbox 1440 3850 1711 3916; x_wconf 75' lang='lat' dir='ltr'>Graecis</span> <span class='ocrx_word' id='word_1_310' title='bbox 1760 3851 2086 3939; x_wconf 74' lang='lat' dir='ltr'>leyuntur,</span> <span class='ocrx_word' id='word_1_311' title='bbox 2123 3850 2411 3937; x_wconf 75' lang='lat' dir='ltr'>profert.</span> <span class='ocrx_word' id='word_1_312' title='bbox 2471 3852 2585 3916; x_wconf 78' lang='lat' dir='ltr'>sed</span> <span class='ocrx_word' id='word_1_313' title='bbox 2628 3863 2686 3915; x_wconf 85' lang='lat' dir='ltr'>et</span> <span class='ocrx_word' id='word_1_314' title='bbox 2731 3876 2806 3917; x_wconf 83' lang='lat' dir='ltr'>ea-</span> 
     </span>
     <span class='ocr_line' id='line_1_34' title="bbox 514 3955 2804 4043; baseline 0 -25"><span class='ocrx_word' id='word_1_315' title='bbox 514 3977 678 4040; x_wconf 77' lang='lat' dir='ltr'>quae</span> <span class='ocrx_word' id='word_1_316' title='bbox 712 3955 860 4019; x_wconf 70' lang='lat' dir='ltr'>dimi</span> <span class='ocrx_word' id='word_1_317' title='bbox 904 3956 986 4019; x_wconf 79' lang='lat' dir='ltr'>in</span> <span class='ocrx_word' id='word_1_318' title='bbox 1026 3956 1551 4042; x_wconf 74' lang='lat' dir='ltr'>compendium</span> <span class='ocrx_word' id='word_1_319' title='bbox 1586 3957 1858 4042; x_wconf 80' lang='lat' dir='ltr'>potius</span> <span class='ocrx_word' id='word_1_320' title='bbox 1890 3956 2210 4020; x_wconf 76' lang='lat' dir='ltr'>redacta</span> <span class='ocrx_word' id='word_1_321' title='bbox 2249 3978 2468 4041; x_wconf 81' lang='lat' dir='ltr'>quam</span> <span class='ocrx_word' id='word_1_322' title='bbox 2510 3957 2804 4043; x_wconf 68' lang='lat' dir='ltr'>ivzteyre</span> 
     </span>
     <span class='ocr_line' id='line_1_35' title="bbox 513 4062 2803 4144; baseline 0.002 -21"><span class='ocrx_word' id='word_1_323' title='bbox 513 4083 893 4125; x_wconf 72' lang='lat' dir='ltr'>conuersa</span> <span class='ocrx_word' id='word_1_324' title='bbox 937 4072 1109 4127; x_wconf 79' lang='lat' dir='ltr'>sunt.</span> <span class='ocrx_word' id='word_1_325' title='bbox 1158 4100 1243 4108; x_wconf 97' lang='lat'>—</span> <span class='ocrx_word' id='word_1_326' title='bbox 1274 4062 1430 4127; x_wconf 89' lang='lat' dir='ltr'>haec</span> <span class='ocrx_word' id='word_1_327' title='bbox 1461 4062 1845 4127; x_wconf 76' lang='lat' dir='ltr'>ciacconius,</span> <span class='ocrx_word' id='word_1_328' title='bbox 1897 4081 2096 4144; x_wconf 89' lang='lat' dir='ltr'>neque</span> <span class='ocrx_word' id='word_1_329' title='bbox 2131 4066 2342 4127; x_wconf 88' lang='lat' dir='ltr'>tamen</span> <span class='ocrx_word' id='word_1_330' title='bbox 2374 4063 2803 4127; x_wconf 86' lang='lat' dir='ltr'>translationis</span> 
     </span>
     <span class='ocr_line' id='line_1_36' title="bbox 512 4165 2803 4249; baseline 0 -18"><span class='ocrx_word' id='word_1_331' title='bbox 512 4165 787 4231; x_wconf 79' lang='lat' dir='ltr'>Graecae</span> <span class='ocrx_word' id='word_1_332' title='bbox 849 4168 1227 4249; x_wconf 81' lang='lat' dir='ltr'>exemplaria</span> <span class='ocrx_word' id='word_1_333' title='bbox 1282 4185 1474 4232; x_wconf 87' lang='lat' dir='ltr'>manu</span> <span class='ocrx_word' id='word_1_334' title='bbox 1539 4168 1774 4249; x_wconf 87' lang='lat' dir='ltr'>scripta</span> <span class='ocrx_word' id='word_1_335' title='bbox 1833 4167 1898 4230; x_wconf 91' lang='lat' dir='ltr'>in</span> <span class='ocrx_word' id='word_1_336' title='bbox 1945 4167 2079 4231; x_wconf 84' lang='lat' dir='ltr'>sola</span> <span class='ocrx_word' id='word_1_337' title='bbox 2131 4166 2283 4231; x_wconf 91' lang='lat' dir='ltr'>bibl.</span> <span class='ocrx_word' id='word_1_338' title='bbox 2326 4166 2636 4231; x_wconf 83' lang='lat' dir='ltr'>Uaticana</span> <span class='ocrx_word' id='word_1_339' title='bbox 2694 4168 2803 4231; x_wconf 90' lang='lat' dir='ltr'>sed</span> 
     </span>
     <span class='ocr_line' id='line_1_37' title="bbox 512 4270 2799 4337; baseline 0 -3"><span class='ocrx_word' id='word_1_340' title='bbox 512 4272 705 4335; x_wconf 84' lang='lat' dir='ltr'>etiam</span> <span class='ocrx_word' id='word_1_341' title='bbox 775 4272 841 4336; x_wconf 91' lang='lat' dir='ltr'>in</span> <span class='ocrx_word' id='word_1_342' title='bbox 910 4272 1049 4336; x_wconf 89' lang='lat' dir='ltr'>aliis</span> <span class='ocrx_word' id='word_1_343' title='bbox 1119 4270 1521 4336; x_wconf 83' lang='lat' dir='ltr'>bibliothecis</span> <span class='ocrx_word' id='word_1_344' title='bbox 1591 4270 1934 4336; x_wconf 86' lang='lat' dir='ltr'>maioribus</span> <span class='ocrx_word' id='word_1_345' title='bbox 2005 4275 2220 4336; x_wconf 79' lang='lat' dir='ltr'>extant</span> <span class='ocrx_word' id='word_1_346' title='bbox 2287 4272 2484 4336; x_wconf 86' lang='lat' dir='ltr'>ueluti</span> <span class='ocrx_word' id='word_1_347' title='bbox 2541 4272 2799 4337; x_wconf 84' lang='lat' dir='ltr'>Parisiis</span> 
     </span>
     <span class='ocr_line' id='line_1_38' title="bbox 511 4376 2800 4460; baseline 0 -20"><span class='ocrx_word' id='word_1_348' title='bbox 511 4378 815 4460; x_wconf 82' lang='lat' dir='ltr'>conplura</span> <span class='ocrx_word' id='word_1_349' title='bbox 847 4381 909 4441; x_wconf 90' lang='lat' dir='ltr'>et</span> <span class='ocrx_word' id='word_1_350' title='bbox 941 4377 1224 4442; x_wconf 86' lang='lat' dir='ltr'>Uenetiis</span> <span class='ocrx_word' id='word_1_351' title='bbox 1258 4377 1388 4441; x_wconf 86' lang='lat' dir='ltr'>cod.</span> <span class='ocrx_word' id='word_1_352' title='bbox 1426 4396 1584 4442; x_wconf 82' lang='lat' dir='ltr'>saec.</span> <span class='ocrx_word' id='word_1_353' title='bbox 1619 4376 1744 4442; x_wconf 87' lang='grc' dir='ltr'>ΧΠ</span> <span class='ocrx_word' id='word_1_354' title='bbox 1777 4377 1850 4440; x_wconf 89' lang='lat' dir='ltr'>de</span> <span class='ocrx_word' id='word_1_355' title='bbox 1884 4381 2022 4442; x_wconf 82' lang='lat' dir='ltr'>octo</span> <span class='ocrx_word' id='word_1_356' title='bbox 2053 4376 2429 4460; x_wconf 86' lang='lat' dir='ltr'>capitalibus</span> <span class='ocrx_word' id='word_1_357' title='bbox 2461 4378 2654 4459; x_wconf 84' lang='lat' dir='ltr'>uitiis,</span> <span class='ocrx_word' id='word_1_358' title='bbox 2687 4396 2800 4441; x_wconf 89' lang='lat' dir='ltr'>nec</span> 
     </span>
    </p>
   </div>
  </div>
 </body>
</html>
