3167 4975
270 1617 323 1656 10

266 2138 319 2179 15

258 2663 319 2700 20

254 3185 317 3227 25

976 474 1205 524 contra
1241 470 1619 526 Nestorium
1658 472 1768 525 lib.
1807 472 1881 537 11,
1918 476 2070 528 4—5.
2540 475 2662 539 257

373 648 701 711 humanae.
768 650 833 711 et
870 666 1021 711 sane
1054 648 1247 712 etiam
1279 650 1333 713 si
1364 668 1613 714 sacrum
1657 650 2093 715 testimonium
2127 670 2249 716 non
2283 654 2666 735 suppeteret,

373 753 511 835 ipsa
568 752 658 815 rei
717 752 950 816 ueritas
996 753 1352 818 testimonio
1408 759 1561 835 erat,
1625 756 1770 837 quia
1824 758 2142 839 praestare
2201 775 2338 819 rem
2382 757 2668 839 perpetui

376 860 437 921 et
480 857 853 920 immortalis
885 856 1033 921 boni
1067 858 1313 941 fragilia
1344 862 1408 922 et
1437 862 1688 923 terrena
1719 879 1844 924 non
1874 864 2142 944 possunt
2172 880 2287 924 nec
2319 861 2464 925 dare
2497 862 2668 943 quis-

374 978 565 1043 quam
596 961 775 1025 alteri
803 961 993 1042 ualet,
1026 979 1147 1043 quo
1178 962 1313 1045 ipse
1344 962 1604 1046 indiget,
1638 967 1749 1028 aut
1778 964 2051 1029 tribuere
2084 964 2250 1029 illius
2285 966 2374 1029 rei
2401 966 2665 1048 copiam,

375 1065 549 1129 cuius
606 1085 673 1130 se
718 1066 995 1149 inopiam
1057 1068 1368 1132 sustinere
1414 1068 1708 1133 fateatur.
1787 1088 1824 1133 a
1869 1070 1984 1134 deo
2045 1088 2191 1153 ergo
2253 1088 2505 1133 necesse
2567 1075 2665 1135 est
2713 1079 2747 1131 3

372 1172 639 1255 gratiam
685 1172 897 1235 datam
943 1189 1067 1236 non
1100 1191 1309 1255 neges.
1381 1173 1533 1237 deus
1568 1192 1715 1258 ergo
1749 1178 1844 1238 est
1889 1176 1996 1257 qui
2041 1173 2228 1255 dedit,
2275 1173 2424 1238 data
2453 1177 2666 1239 autem

374 1279 473 1340 est
514 1295 626 1359 per
656 1276 977 1340 dominum
1010 1276 1224 1341 Iesum
1256 1276 1607 1342 Christum:
1657 1297 1804 1361 ergo
1845 1278 2134 1342 dominus
2167 1278 2343 1341 Iesus
2379 1278 2664 1343 Christus

374 1380 543 1445 deus.
623 1382 678 1445 si
722 1384 937 1445 autem
998 1386 1095 1446 est
1148 1382 1255 1446 1116
1319 1383 1554 1464 utique,
1617 1387 1689 1447 ut
1748 1387 1862 1464 est,
1923 1382 2097 1464 deus,
2159 1401 2305 1466 ergo
2351 1383 2462 1447 illa
2506 1402 2666 1465 quae

374 1486 561 1549 deum
620 1486 863 1570 peperit
920 1486 1273 1568 theotocoS,
1334 1488 1396 1551 id
1452 1491 1549 1552 est
1616 1488 1896 1571 genetrix
1959 1487 2055 1551 dei
2117 1490 2229 1551 est.
2323 1488 2444 1551 nisi
2503 1488 2665 1551 forte

376 1591 453 1655 ad
500 1594 633 1655 tam
693 1591 1019 1655 ridiculam
1082 1592 1509 1675 blasphemiae
1574 1592 2127 1658 contradictionem
2187 1592 2344 1656 uelis
2390 1594 2666 1673 tendere,

376 1698 445 1760 ut
488 1696 683 1777 illam,
731 1716 803 1759 ex
848 1714 974 1778 qua
1018 1696 1168 1761 deus
1216 1700 1401 1761 natus
1434 1700 1549 1779 est,
1599 1698 1699 1761 dei
1728 1700 1998 1761 matrem
2031 1716 2244 1781 negeS,
2291 1716 2435 1761 cum
2465 1697 2664 1778 illum,

374 1801 480 1882 qui
525 1803 708 1865 natus
756 1804 872 1882 est,
918 1802 1106 1865 deum
1152 1820 1382 1886 negare
1429 1820 1552 1867 non
1599 1804 1820 1885 possis
1900 1803 2009 1866 sed
2058 1802 2382 1866 uideamus
2430 1805 2664 1883 tamen,

373 1905 520 1987 quid
566 1906 643 1969 de
686 1905 807 1969 hac
852 1906 1073 1971 eadem
1120 1906 1355 1972 domini
1400 1907 1600 1971 nostri
1646 1907 1852 1991 gratia
1892 1907 2085 1971 etiam
2119 1907 2518 1991 euangelium
2565 1907 2666 1971 dei

374 2011 653 2074 senserit.
731 2012 1003 2094 gratia,
1063 2012 1282 2094 inquit,
1346 2016 1419 2075 et
1478 2012 1766 2076 ueritas
1812 2031 1940 2095 per
1986 2012 2236 2076 Iesum
2283 2010 2664 2076 Christum

376 2116 577 2179 facta
640 2119 771 2180 est.
852 2117 906 2180 si
960 2117 1275 2181 solitarius
1330 2116 1517 2181 homo
1564 2098 1871 2197 Christus,
1934 2116 2244 2199 quomodo
2297 2118 2452 2180 haec
2497 2116 2668 2180 facta
2711 2124 2748 2177 4

371 2238 482 2303 per
527 2220 890 2284 Christum?
938 2222 1102 2284 unde
1148 2221 1211 2284 in
1261 2240 1332 2285 eo
1378 2222 1594 2285 diuina
1639 2221 1862 2302 uirtus,
1909 2221 1965 2285 si
2010 2221 2072 2285 in
2121 2238 2192 2284 eo
2240 2220 2391 2300 sola,
2439 2223 2509 2285 ut
2555 2222 2664 2300 ais,

370 2324 649 2388 humana
678 2323 1002 2389 condicio?
1048 2325 1212 2390 unde
1245 2326 1531 2389 caelestis
1577 2326 1858 2409 largitaS,
1907 2326 1961 2389 si
2005 2328 2254 2389 terrena
2284 2328 2664 2409 paupertas?

374 2447 557 2494 nemo
590 2429 761 2494 enim
791 2431 1001 2513 potest
1030 2430 1305 2496 tribuere
1352 2430 1515 2513 quod
1546 2449 1672 2494 non
1717 2429 1926 2495 habet.
2007 2429 2162 2494 dans
2195 2446 2342 2513 ergo
2389 2429 2664 2494 diuinam

370 2534 639 2617 gratiam
671 2533 957 2599 Christus
1006 2535 1231 2599 habuit
1276 2535 1441 2618 quod
1486 2535 1674 2599 dedit.
1753 2554 1954 2616 neque
1989 2535 2156 2599 enim
2201 2536 2410 2617 potest
2440 2533 2666 2598 harum

373 2638 947 2703 diuersissimamm
993 2639 1157 2704 inter
1204 2659 1270 2704 se
1316 2659 1526 2704 rerum
1573 2641 1712 2722 quis
1759 2639 2179 2703 differentiam
2219 2639 2547 2718 sustinere,
2595 2643 2667 2702 ut

373 2742 561 2806 simul
608 2745 673 2806 et
714 2742 991 2827 patiatur
1036 2744 1445 2828 indigentiam
1506 2745 1709 2828 inopis
1772 2747 1835 2807 et
1877 2743 2108 2808 habeat
2165 2743 2664 2807 munificentiam

370 2847 711 2930 largientis
790 2850 852 2911 et
912 2848 1049 2912 ideo
1110 2849 1311 2912 sciens
1373 2849 1692 2932 apostolus
1738 2848 1975 2912 Paulus
2037 2865 2254 2912 omnes
2302 2847 2665 2911 diuitiarum

372 2951 737 3015 caelestium
784 2952 1112 3016 thesauros
1158 2954 1222 3016 in
1254 2953 1504 3018 Christo
1552 2973 1688 3016 esse
1734 2956 1902 3016 recte
1950 2953 2028 3016 ad
2074 2952 2368 3015 ecclesias
2417 2951 2664 3015 scribit:

369 3057 617 3140 gratia
674 3057 953 3120 domini
1014 3058 1257 3122 nostri
1318 3059 1489 3122 Iesu
1552 3057 1839 3122 Christi
1898 3057 2304 3122 uobiscum.
2383 3056 2493 3138 qui
2539 3055 2659 3119 sci·
2709 3063 2742 3116 5

370 3161 517 3224 licet
563 3161 809 3245 saepius
856 3163 981 3225 iam
1030 3161 1322 3227 docuerat
1368 3163 1638 3226 eundem
1685 3163 1872 3226 deum
1920 3181 2057 3226 esse
2105 3181 2292 3243 quem
2340 3160 2662 3225 Christum

372 3269 786 3348 cunctamque
832 3267 899 3330 in
944 3267 1051 3331 illo
1099 3267 1499 3331 maiestatem
1545 3266 1797 3331 deitatis
1844 3286 1980 3330 esse
2043 3269 2106 3330 et
2164 3284 2417 3330 omnem
2463 3265 2529 3328 in
2591 3283 2662 3328 eo

371 3371 773 3452 corporaliter
816 3371 1277 3454 plenitudinem
1324 3371 1675 3436 diuinitatis
1719 3371 2026 3452 habitare,
2071 3375 2242 3435 recte
2273 3370 2490 3452 utique
2537 3369 2662 3432 iam

372 3476 507 3538 sine
567 3475 913 3540 adiectione
974 3477 1244 3540 nominis
1307 3477 1404 3539 1161
1473 3476 1674 3540 solam
1733 3480 2019 3560 precatur
2078 3476 2346 3559 gratiam
2411 3473 2663 3554 Christi,

373 3579 569 3660 [quia,
630 3598 775 3643 cum
834 3580 1099 3644 eandem
1146 3581 1427 3644 docuerit
1489 3581 1736 3664 saepius
1797 3580 2070 3664 gratiam
2131 3579 2229 3644 dei
2291 3599 2427 3643 esse
2473 3595 2665 3660 quam

582 3762 671 3832 14]
706 3762 1009 3826 Ioh.1,17.
1117 3763 1210 3832 24]
1249 3763 1277 3818 1
1314 3729 1431 3818 cor.
1463 3765 1543 3825 16,
1570 3764 1654 3818 23.

461 3913 487 3967 1
536 3911 685 3981 sane]
732 3910 949 3980 quidem
995 3927 1119 3966 saue
1156 3913 1233 3966 M
1381 3914 1413 3966 2
1461 3910 1830 3965 testimonium
1874 3911 1949 3964 M
2099 3911 2132 3963 6
2179 3907 2386 3977 11616111]
2435 3907 2562 3960 data
2604 3907 2671 3962 N

367 4003 401 4055 7
441 3998 717 4052 dominum
754 4002 997 4053 nostrum
1031 4017 1063 4054 v
1191 4003 1223 4056 8
1261 4001 1343 4052 est
1378 4004 1503 4054 ante
1538 3997 1630 4050 ille
1667 4015 1769 4053 om.
1807 3997 1882 4051 M
2002 3999 2035 4052 9
2071 3994 2302 4063 genitrix
2329 4013 2374 4064 p
2447 4009 2665 4062 genera-

366 4083 475 4142 trix
510 4087 586 4141 M
716 4089 798 4141 est
840 4103 941 4142 om.
981 4088 1081 4142 Mu
1224 4088 1290 4141 10
1335 4085 1626 4139 11111611111111
1662 4086 1764 4154 ΝΡ
1907 4081 2384 4137 contradictionem
2426 4099 2527 4136 om.
2565 4081 2666 4150 ΝΡ

366 4171 587 4228 tendere
630 4172 763 4227 uelis
809 4175 908 4230 Mv
1052 4175 1117 4230 16
1171 4187 1232 4226 6ο
1287 4179 1413 4228 ante
1468 4171 1674 4241 diuina]
1731 4187 1793 4224 ea
1829 4188 1874 4240 p
2017 4172 2081 4225 17
2132 4167 2368 4224 conditio
2417 4169 2486 4222 N
2585 4171 2668 4221 est

365 4262 432 4329 (8.
461 4261 521 4328 l.)
557 4260 796 4314 condicio
824 4279 871 4331 p
1010 4263 1079 4316 20
1118 4259 1517 4314 diuissimarum
1552 4260 1620 4315 N
1687 4257 1981 4312 diuisamm
2011 4275 2056 4327 p
2181 4259 2248 4312 23
2285 4254 2562 4309 ecclesiam
2599 4257 2675 4310 M

365 4351 437 4404 25
475 4347 606 4414 diim
630 4349 697 4403 N
796 4351 865 4404 26
902 4351 1197 4416 cunctaque
1222 4349 1288 4402 N
1388 4349 1457 4404 28
1486 4346 1786 4401 adiectione
1807 4348 1883 4401 M
1979 4348 2048 4402 29
2085 4344 2174 4413 qui
2214 4359 2336 4397 cum
2362 4344 2438 4397 M
2497 4343 2668 4397 uerba

366 4436 498 4505 quia
534 4452 655 4490 cum
766 4479 775 4490 .
802 4436 1034 4504 gratiam
1072 4433 1272 4489 Christi
1308 4424 1705 4490 uncis‘inclusi
