3167 4975
548 440 674 505 278
1353 440 1671 495 Iohannis
1716 441 2018 496 Cassiani

468 626 501 679 6
552 617 765 682 filius
828 618 945 681 dei
1005 618 1180 682 uiui.
1261 617 1585 683 Christum
1629 619 1817 699 hunc,
1879 638 2064 702 quem
2125 624 2194 685 tu
2257 623 2509 685 tantum
2560 620 2834 685 hominis

548 722 752 786 filium
798 742 934 787 esse
982 723 1229 803 asse1·iS‚
1276 723 1383 787 ille
1429 726 1700 787 testatur
1743 723 1945 788 filium
1992 725 2109 789 dei.
2187 727 2286 789 cui
2332 726 2428 790 uis
2485 726 2833 806 credamuS,

548 828 661 891 tibi
708 846 788 892 an
828 827 1059 892 Petro?
1106 828 1341 911 opinor,
1389 846 1515 891 non
1561 848 1628 892 es
1675 832 1808 892 tam
1852 830 2182 913 inpudenS,
2229 833 2300 894 ut
2343 848 2727 914 praeponere
2773 834 2836 894 te

548 933 780 996 audeas
839 932 1042 1014 primo
1112 933 1555 1016 apostolorum.
1653 935 1906 998 tametsi
1967 934 2116 1016 quid
2184 938 2282 999 est
2347 935 2512 1017 quod
2575 938 2644 999 tu
2711 953 2836 1000 non

548 1037 821 1101 audeas?
870 1040 980 1101 aut
1010 1037 1539 1119 quemadmodum
1571 1038 1924 1121 apostolum
1957 1056 2081 1103 non
2123 1039 2448 1121 despicias,
2497 1040 2604 1121 qui
2650 1040 2836 1103 deum

548 1160 779 1225 negare
853 1142 1154 1224 potuisti?
1237 1145 1313 1205 tu
1382 1161 1457 1205 es
1528 1160 1675 1226 ergo
1743 1144 1948 1225 inquit
2015 1143 2366 1208 Christus
2435 1144 2652 1208 filius
2721 1144 2838 1208 dei

548 1246 723 1310 uiui.
801 1246 1105 1328 numquid
1152 1246 1271 1309 hoc
1325 1246 1608 1330 ambigui
1653 1252 1761 1312 aut
1807 1248 2056 1312 obscuri
2101 1248 2334 1330 aliquid
2379 1248 2442 1312 in
2492 1269 2557 1313 se
2603 1248 2838 1313 habet?

549 1352 815 1434 simplex
861 1354 1109 1415 tantum
1169 1353 1266 1414 est
1326 1354 1389 1415 et
1449 1356 1666 1433 aperta
1726 1352 2055 1433 confessio,
2121 1352 2444 1417 Christum
2490 1354 2589 1417 dei
2633 1353 2840 1417 filium

547 1456 883 1540 praedicat.
983 1474 1177 1539 negas
1246 1456 1513 1519 fortasse
1576 1455 1844 1520 dictum:
1917 1457 2026 1521 sed
2096 1458 2487 1541 euangelista
2545 1461 2836 1522 testatur.

550 1578 630 1625 an
662 1559 913 1624 mentiri
946 1560 1297 1643 apostolum
1332 1560 1531 1625 dicis?
1578 1562 1690 1625 sed
1736 1562 2122 1627 detestabilis
2169 1562 2437 1643 falsitaS‚
2485 1563 2842 1645 apostolum

551 1666 842 1729 falsitat-is
874 1684 1196 1729 accusans,
1276 1684 1357 1729 an
1402 1666 1479 1729 de
1511 1667 1630 1731 alio
1663 1665 1908 1731 Christo
1939 1668 2147 1749 aliquo
2179 1667 2392 1731 forsan
2438 1668 2556 1731 hoc
2602 1667 2842 1731 dictum

550 1788 687 1833 esse
747 1770 1115 1834 contendis?
1184 1769 1295 1833 sed
1353 1770 1469 1835 hoc
1530 1788 1764 1835 nouum
1824 1771 2156 1855 prodigiosi
2217 1773 2556 1835 commenti
2614 1790 2838 1855 genus,

548 1875 695 1955 quid
742 1892 887 1957 ergo
934 1876 1242 1957 reliquum
1289 1878 1427 1939 est?
1474 1894 1668 1939 unum
1718 1876 1973 1956 scilicet,
2019 1878 2111 1957 ut,
2160 1894 2304 1940 cum
2353 1879 2415 1941 et
2459 1877 2608 1958 quid
2647 1876 2844 1958 scrip-

549 1982 685 2043 tum
732 1979 813 2042 sit
858 1980 1104 2063 legatur
1149 1983 1212 2045 et
1256 1998 1477 2044 uerum
1526 1980 1608 2044 sit
1652 1980 1816 2062 quod
1860 1980 2109 2063 legitur,
2173 1980 2430 2044 tandem
2476 1981 2580 2044 uel
2625 1981 2690 2043 ui
2735 1980 2844 2043 uel

549 2084 923 2148 necessitate
986 2085 1395 2165 constrictuS‚
1464 2103 1610 2148 cum
1673 2084 2014 2150 falsitatem
2077 2088 2358 2149 astruere
2419 2102 2544 2149 non
2603 2085 2843 2165 naseas,

550 2188 880 2253 ueritatem
928 2190 1279 2273 inpugnare
1326 2190 1611 2254 desistas,

634 2292 811 2357 XIII.
860 2292 981 2359 Sed
1026 2298 1240 2358 tamen
1286 2295 1432 2376 quia
1478 2295 1709 2357 summi
1755 2294 2022 2378 apostoli
2069 2294 2430 2358 testimonio
2475 2312 2629 2357 usus
2678 2312 2844 2374 sum,

548 2415 670 2479 quo
718 2399 1042 2464 dominum
1080 2398 1295 2462 Iesum
1328 2398 1646 2463 Christum
1696 2400 1884 2463 deum
1931 2416 2140 2463 coram
2185 2399 2320 2481 ipse
2367 2398 2692 2463 confessus
2741 2399 2846 2477 sit,

549 2504 875 2568 uideamus
922 2504 1452 2585 quemadmodum
1498 2505 1956 2569 confessionem
2003 2505 2135 2569 eius
2182 2504 2235 2567 is
2283 2523 2468 2586 quem
2516 2503 2844 2568 confessus

552 2613 647 2673 est
686 2607 1061 2691 adprobarit‚
1108 2610 1255 2690 quia
1298 2610 1440 2692 plus
1482 2610 1681 2673 multo
1722 2613 1817 2673 est
1863 2626 2052 2690 quam
2099 2609 2264 2690 quod
2305 2609 2622 2692 apostolus
2669 2609 2844 2690 dixit,

551 2713 603 2776 si
649 2713 885 2776 dictum
944 2712 1113 2776 illius
1160 2713 1312 2777 deus
1359 2715 1493 2794 ipse
1539 2714 1842 2777 laudauit.
1923 2713 2154 2778 dicenti
2217 2730 2362 2796 ergo
2424 2713 2702 2796 apostolo
2765 2716 2844 2777 tu

550 2835 625 2879 es
689 2815 1031 2881 Christus
1092 2817 1304 2881 filius
1368 2818 1481 2880 dei
1544 2818 1702 2882 uiui
1763 2818 1910 2899 quid
1971 2836 2008 2882 a
2067 2818 2318 2882 domino
2377 2818 2690 2881 saluatore
2746 2836 2846 2881 re-

550 2939 851 3003 sponsum
899 2923 1035 2985 est?
1096 2920 1361 2985 beatus
1424 2941 1529 3003 eS,
1593 2923 1814 3004 inquit,
1877 2922 2130 2988 Simon
2191 2923 2333 2986 Bar
2395 2921 2606 3001 Iona,
2667 2922 2848 3002 quia

550 3043 717 3089 caro
765 3030 837 3089 et
881 3027 1188 3109 sanguis
1236 3043 1378 3089 non
1421 3028 1802 3091 reuelauit
1845 3027 2016 3109 tibi,
2064 3028 2191 3091 sed
2239 3027 2554 3109 spiritus
2599 3026 2844 3109 patris

552 3131 696 3194 mei
757 3131 880 3212 qui
940 3131 1013 3193 in
1075 3129 1303 3194 caelis
1367 3134 1498 3194 est.
1575 3132 1630 3194 si
1692 3132 1980 3215 displicet
2026 3131 2140 3195 tibi
2201 3133 2290 3195 uti
2353 3131 2618 3215 apostoli
2665 3131 2845 3194 testi-

548 3237 777 3316 monio,
825 3234 923 3298 dei
970 3238 1165 3298 utere.
1242 3235 1553 3300 laudando
1615 3235 1786 3300 enim
1833 3235 1984 3299 deus
2032 3235 2195 3317 quod
2242 3236 2478 3299 dictum
2541 3239 2642 3300 est
2695 3253 2844 3299 auc·

550 3341 867 3404 toritatem
915 3357 1095 3402 suam
1141 3340 1478 3423 apostolico
1525 3339 1686 3404 dicto
1733 3339 1988 3420 addidit,
2035 3340 2122 3403 ita
2169 3344 2257 3420 ut,
2306 3340 2554 3404 etiamsi
2600 3339 2842 3404 dictum

548 3445 702 3509 illud
764 3445 1027 3528 apostoli
1086 3463 1191 3509 ore
1251 3444 1501 3527 prodiit,
1564 3464 1750 3508 suum
1813 3465 1950 3509 esse
1995 3445 2114 3508 hoc
2159 3447 2373 3508 tamen
2421 3443 2574 3508 deus
2623 3444 2846 3508 fecerit

756 3677 850 3748 23]
887 3677 1083 3732 Matth.
1114 3679 1193 3742 16,
1224 3681 1304 3734 17.

639 3882 666 3935 1
704 3879 941 3933 hominis
978 3881 1189 3934 tantum
1224 3880 1324 3934 Mv
1428 3881 1461 3934 2
1499 3878 1585 3932 cui
1622 3877 1726 3948 uis]
1767 3877 1916 3931 cuius
1940 3879 2102 3932 N²M
2197 3881 2232 3934 3
2267 3877 2560 3946 inprudens
2585 3879 2651 3931 N
2715 3893 2844 3945 pru·

551 3967 681 4020 dens
710 3985 753 4036 p
881 3969 1227 4035 praeponeret
1262 3969 1315 4019 te
1354 3967 1417 4020 N
1418 3968 1436 4002 ²
1573 3968 1610 4020 4
1645 3969 1826 4018 tamen
1863 3965 1908 4018 si
1945 3966 2044 4035 ΝΡ
2185 3968 2216 4019 5
2243 3964 2373 4033 11011]
2413 3981 2478 4017 ne
2505 3983 2550 4034 p
2693 3968 2724 4017 6
2761 3962 2844 4016 in-

550 4053 681 4122 quid
706 4055 793 4108 N:
828 4070 928 4109 om.
956 4055 1031 4108 M
1144 4057 1177 4108 9
1215 4052 1542 4121 euangeliste
1580 4055 1852 4106 testantur
1889 4055 1962 4106 M
2080 4055 2145 4107 10
2181 4050 2486 4120 apostolum
2523 4051 2738 4104 mentiri
2777 4053 2850 4104 M

554 4144 614 4196 11
654 4143 870 4194 accusat
908 4143 981 4194 M
1086 4140 1315 4194 forsitan
1354 4142 1427 4194 M
1536 4143 1600 4196 12
1639 4156 1838 4193 nouum
1875 4140 1976 4193 hoc
2012 4158 2082 4196 av
2197 4143 2262 4194 13
2298 4139 2440 4208 quod
2477 4139 2738 4206 scriptum
2775 4139 2852 4192 M

555 4229 617 4283 14
655 4227 816 4280 tande
852 4229 917 4282 N
922 4231 937 4264 ¹
1081 4231 1145 4283 18
1181 4227 1323 4295 quod
1360 4229 1435 4282 M
1568 4243 1748 4281 coram
1793 4226 1890 4280 deo
1928 4229 2028 4282 Mv
2172 4229 2234 4282 19
2272 4224 2742 4294 quemammodum
2781 4225 2847 4278 N

552 4318 613 4370 21
654 4314 823 4384 illius]
863 4314 1027 4384 ipsius
1062 4315 1137 4369 M
1235 4314 1445 4368 dicente
1472 4333 1516 4384 p
1623 4317 1692 4370 22
1729 4315 1794 4381 de
1833 4313 1976 4367 filius
2003 4332 2048 4383 p
2155 4316 2223 4369 23
2259 4313 2436 4382 inquit
2469 4331 2571 4368 om.
2603 4331 2647 4382 p
2753 4327 2838 4379 sy·

552 4418 681 4455 mon
718 4403 793 4456 M
895 4405 959 4458 24
1000 4401 1098 4455 tibi
1135 4419 1235 4458 om.
1266 4419 1310 4471 p
1418 4405 1486 4457 26
1522 4401 1823 4456 laudandus
1851 4421 1895 4472 p
2003 4403 2071 4457 28
2108 4400 2396 4469 apostolico
2433 4401 2508 4454 M

2895 1590 2945 1629 10

2899 2112 2948 2150 15
