3167 4975
325 1569 373 1607 10

327 2091 376 2130 15

1215 433 1374 488 Inst.
1413 433 1522 488 lib.
1562 434 1657 498 VI,
1696 435 1915 490 19—23.
2582 432 2703 496 127

418 609 542 672 ista
587 610 792 673 carnis
841 609 1120 674 condicio
1168 609 1617 674 necessitatem
1654 615 1918 674 naturae
1965 610 2229 692 expleat,
2277 627 2401 673 non
2449 609 2712 672 suscitet

419 712 832 796 uoluptatem,
877 718 1236 778 concretam
1282 714 1756 778 exuberantiam
1802 714 1937 779 sine
1983 713 2113 777 ullo
2152 713 2396 797 pruritu
2428 730 2709 794 noxaque

420 817 794 900 propellenS,
841 836 966 882 non
1005 837 1286 902 pugnam
1318 819 1632 883 suscitans
1666 818 1963 882 castitati.
2014 821 2293 881 ceterum
2327 835 2528 897 menS,
2560 817 2711 880 dum

423 922 628 985 adhuc
672 922 988 986 dormiens
1029 923 1380 1005 imaginum
1410 923 1653 986 uisione
1685 921 2019 1002 deluditur,
2066 921 2313 985 nouerit
2344 939 2409 984 66
2442 920 2713 985 necdum

425 1026 502 1090 ad
545 1027 860 1110 integram
906 1027 1358 1110 perfectionem
1405 1027 1719 1091 castitatis
1766 1029 2103 1090 excoctam.

507 1130 743 1194 XXIII.
808 1131 1012 1214 Igitur
1074 1135 1144 1195 ut
1203 1132 1548 1195 inlusiones
1612 1132 1730 1195 hae
1792 1150 1871 1195 ne
1933 1129 2389 1195 dormientibus
2459 1129 2714 1211 quidem

424 1234 603 1298 nobis
665 1235 1002 1319 subrepere
1063 1236 1347 1316 ualeant,
1409 1237 1671 1319 aequale
1733 1236 2245 1317 moderatumque
2308 1238 2406 1298 est
2466 1253 2714 1316 semper

423 1341 766 1404 tenendum
811 1340 1134 1404 ieiunium.
1207 1341 1494 1422 quisquis
1541 1340 1713 1404 enim
1760 1358 2123 1404 mensuram
2171 1339 2580 1403 districtionis
2614 1357 2716 1400 ex-

425 1445 703 1525 cesserit,
766 1463 1022 1510 necesse
1083 1449 1181 1510 est
1240 1449 1313 1510 ut
1371 1444 1631 1509 modum
1686 1463 1933 1528 quoque
1986 1444 2376 1508 remissionis
2438 1443 2713 1507 excedat.

425 1567 550 1630 qua
611 1549 1060 1631 inaequalitate
1130 1550 1422 1614 detentus
1485 1549 1564 1612 ab
1625 1550 1744 1613 hoc
1804 1549 2285 1630 tranquillitatis
2345 1547 2715 1631 planissimo

427 1657 596 1716 statu
659 1653 794 1717 sine
856 1653 1045 1718 dubio
1112 1653 1538 1734 reuco-abitur,
1611 1671 1779 1718 nunc
1840 1653 2093 1735 quidem
2155 1652 2353 1716 nimia
2411 1651 2717 1715 inanitate

427 1757 726 1838 defectus,
774 1777 942 1822 nunc
987 1761 1199 1822 autem
1246 1757 1384 1822 cibo
1429 1758 1831 1841 propensiore
1893 1758 2225 1821 distentus,
2304 1775 2448 1819 cum
2510 1757 2719 1819 inmu-

428 1862 664 1925 tatione
696 1862 1008 1944 siquidem
1051 1862 1410 1927 refectionis
1456 1862 1829 1944 qualitatem
1866 1880 2109 1943 quoque
2141 1861 2435 1944 puritatis
2470 1864 2717 1924 nostrae

428 1984 682 2029 necesse
730 1971 827 2030 est
857 1966 1174 2031 inmutari.
1247 1967 1471 2030 deinde
1517 1967 1683 2051 iugis
1714 1965 2044 2030 humilitas
2079 1984 2149 2029 ac
2180 1965 2488 2049 patientia
2518 1964 2720 2028 cordis

431 2069 786 2135 adhibenda
828 2075 1130 2154 perpetuo
1177 2074 1274 2135 est
1321 2076 1510 2152 atque
1541 2072 1789 2135 intenta
1820 2071 2122 2134 aduersus
2154 2071 2309 2134 iram
2345 2071 2446 2133 uel
2480 2073 2719 2132 ceteras

431 2176 752 2257 passiones
798 2195 911 2259 per
955 2177 1122 2240 diem
1169 2176 1396 2239 cautio,
1475 2175 1584 2239 ubi
1633 2175 1803 2238 enim
1850 2175 2079 2238 furoris
2126 2174 2359 2238 insidet
2405 2174 2598 2254 1111116,
2643 2173 2720 2236 11-

430 2278 662 2343 bidinis
721 2298 966 2362 quoque
1033 2299 1288 2344 necesse
1345 2283 1442 2344 est
1486 2280 1847 2344 incendium
1893 2283 2239 2362 penetrare.
2319 2282 2464 2342 ante
2510 2277 2723 2341 omnia

432 2400 579 2447 uero
625 2384 890 2467 peruigil
955 2385 1311 2448 necessaria
1371 2387 1468 2448 est
1528 2383 1881 2448 sollicitudo
1946 2387 2268 2449 nocturna.
2348 2401 2497 2446 nam
2560 2382 2723 2445 sicut

431 2490 670 2572 puritas
719 2494 783 2553 et
827 2490 1112 2554 custodia
1155 2490 1278 2553 diei
1325 2493 1700 2553 nocturnam
1759 2492 2137 2573 praeparant
2197 2488 2575 2567 castitatem,
2638 2486 2727 2550 ita

435 2598 772 2658 nocturnae
804 2595 1057 2677 uigiliae
1104 2596 1273 2659 cordi
1318 2596 1555 2678 pariter
1600 2600 1665 2657 et
1710 2594 2131 2659 obseruationi
2180 2594 2437 2656 diurnae
2486 2595 2725 2656 statum

435 2699 885 2763 solidissimum
930 2699 1242 2782 roburque
1289 2700 1724 2782 praemittunt.

525 2892 549 2944 1
589 2889 824 2941 conditio
865 2889 1020 2945 GLS
1158 2890 1486 2942 necessitatis
1522 2890 1599 2944 L¹
1740 2890 1774 2944 2
1810 2888 2147 2941 uoluntatem
2186 2889 2253 2943 H
2386 2889 2595 2956 proi-itu
2642 2888 2723 2941 Η1

436 2992 669 3044 noxaque
697 2977 961 3032 G²H²S².·
985 2978 1244 3045 noxiaque
1275 2978 1322 3032 (J
1345 2984 1406 3031 ut
1431 2979 1546 3031 uid.
1573 2984 1623 3031 ct
1650 2980 1713 3033 S²
1789 2977 2102 3043 noxiamque
2128 2976 2402 3030 AG¹H¹L
2510 2979 2542 3029 3
2569 2975 2727 3027 casti-

435 3064 534 3115 tati
558 3063 879 3132 uoluntatiq.
909 3066 976 3119 Η
1042 3068 1074 3119 5
1101 3065 1370 3131 integrum
1396 3066 1451 3120 L
1519 3064 1845 3133 perfectione
1875 3066 1947 3117 L²
2020 3066 2340 3130 excoctamq.
2367 3062 2643 3131 peruenire
2667 3062 2735 3115 H

437 3152 470 3203 6
493 3150 649 3204 XXII
668 3152 723 3205 A
829 3151 928 3203 XX
949 3153 1018 3206 H
1105 3152 1272 3219 igitur
1299 3195 1309 3205 .
1342 3194 1352 3206 .
1383 3195 1392 3205 .
1422 3151 1665 3205 dormien
1690 3168 1845 3206 caan.
1872 3153 1935 3205 in
1957 3151 2004 3205 C
2110 3153 2171 3203 ut
2198 3168 2297 3205 om..
2326 3150 2379 3203 L
2486 3152 2518 3204 7
2547 3147 2730 3201 subre-

435 3254 556 3305 pere
601 3238 753 3292 OG1:
788 3237 1060 3307 subripere
1095 3240 1210 3293 rell.
1320 3254 1528 3307 semper
1565 3242 1649 3291 est
1684 3239 1737 3292 L
1843 3241 1877 3294 8
1915 3236 2275 3291 destrictionis
2316 3236 2435 3291 GL¹
2508 3236 2730 3289 distinc-

437 3324 597 3377 tionis
622 3326 706 3379 H¹
813 3328 847 3381 9
873 3328 996 3379 utut
1022 3327 1106 3380 H¹
1216 3328 1281 3381 10
1318 3326 1444 3393 quia
1468 3327 1633 3380 H¹L²
1737 3325 2048 3394 plenissimo
2075 3327 2161 3379 Ar
2233 3326 2297 3380 12
2322 3323 2651 3393 prosperiore
2677 3323 2730 3376 L

436 3412 752 3465 imutatione
769 3414 822 3468 L
886 3415 950 3468 14
970 3412 1247 3467 immutari
1266 3412 1363 3468 GL
1438 3415 1502 3468 15
1524 3412 1697 3481 adque
1717 3413 1929 3467 intanta
1953 3412 2001 3467 0
2074 3414 2138 3468 16
2156 3412 2428 3480 passiones
2450 3414 2649 3464 ceteras
2670 3410 2739 3464 H

437 3498 646 3553 insedet
674 3499 722 3555 G
788 3500 1046 3553 insederit
1081 3517 1146 3556 cx
1183 3498 1431 3554 insiderit
1465 3501 1518 3555 L
1630 3502 1694 3556 18
1730 3499 1981 3569 pei-uigili
2010 3500 2057 3554 C
2124 3497 2364 3568 peruigel
2390 3500 2441 3552 A
2552 3500 2615 3553 19
2654 3496 2730 3565 et]

438 3602 498 3639 ex
522 3588 577 3641 A
681 3589 750 3642 20
787 3586 1174 3641 obseruationis
1216 3587 1292 3641 6²
1359 3586 1729 3641 obseruatione
1765 3588 1927 3641 H¹L¹
2036 3586 2319 3639 diuturnae
2353 3586 2437 3639 H¹
2542 3586 2607 3640 21
2648 3600 2730 3637 ro-

438 3672 637 3742 borque
678 3674 839 3729 G¹H¹
945 3674 1320 3743 praemittunt.
1361 3670 2257 3729 mcv-nnrmnnmu-nn-vn-
2295 3674 2377 3728 sic
2414 3672 2475 3741 C',
2520 3673 2585 3726 in
2628 3690 2732 3741 quo

439 3763 831 3830 capitulatione
876 3764 1078 3817 omissa
1121 3764 1309 3817 statim
1356 3763 1486 3817 libri
1531 3762 1651 3816 VII
1692 3762 1995 3830 capitulum
2038 3762 2277 3829 primum
2318 3762 2563 3829 sequitwr
2632 3758 2732 3811 Ex-

439 3847 592 3918 plicit
629 3848 692 3902 de
731 3849 830 3917 spu
865 3848 1237 3903 fornicationis
1272 3849 1358 3917 (de
1387 3848 1740 3903 fornicatione
1764 3849 1839 3917 L)
1865 3847 2001 3902 liber
2026 3847 2102 3899 VI
2129 3848 2326 3915 (sextus
2358 3847 2499 3901 GH:
2526 3864 2628 3901 om.
2657 3846 2733 3913 A)

437 3935 666 3990 AGHL
735 3936 939 4005 Incipit
964 3935 1028 3989 de
1055 3938 1155 4005 spu
1181 3936 1483 4006 filargyriae
1510 3936 1565 3990 A
1625 3935 1827 4004 Incipit
1851 3935 1915 3988 de
1941 3933 2203 4003 filargiria
2227 3932 2362 3987 liber
2387 3934 2645 4002 septimus
2671 3935 2740 3986 H

439 4022 636 4091 Incipit
673 4022 738 4075 de
775 4024 875 4091 spu
916 4022 1192 4095 fylargirieg
1231 4023 1367 4077 liber
1405 4023 1511 4077 VII
1548 4024 1631 4077 L.-
1666 4042 1766 4078 om.
1812 4023 1863 4077 G
1898 4024 1998 4078 hoc
2035 4024 2148 4077 loco
2220 4020 2377 4089 Iucip'
2422 4006 2565 4089 capit
2609 4020 2733 4073 libri

439 4094 671 4177 66111161ιῖ
701 4110 752 4164 G
822 4110 1100 4179 Incipiunt
1136 4110 1374 4179 capitula
1411 4110 1649 4163 eiusdem
1684 4108 1812 4163 libri
1848 4112 1928 4165 L.-
1964 4127 2065 4166 om.
2094 4110 2220 4164 AH

2318 4476 2421 4527 16*
