<?xml version="1.0" encoding="UTF-8"?>
<!DOCTYPE html PUBLIC "-//W3C//DTD XHTML 1.0 Transitional//EN"
    "http://www.w3.org/TR/xhtml1/DTD/xhtml1-transitional.dtd">
<html xmlns="http://www.w3.org/1999/xhtml" xml:lang="en" lang="en">
 <head>
  <title>
</title>
<meta http-equiv="Content-Type" content="text/html;charset=utf-8" />
  <meta name='ocr-system' content='tesseract 3.04.00' />
  <meta name='ocr-capabilities' content='ocr_page ocr_carea ocr_par ocr_line ocrx_word'/>
</head>
<body>
  <div class='ocr_page' id='page_1' title='image "./corpusscriptoru28wissgoog_0138.png"; bbox 0 0 3167 4975; ppageno 0'>
   <div class='ocr_carea' id='block_1_1' title="bbox 520 428 1997 491">
    <p class='ocr_par' dir='ltr' id='par_1_1' title="bbox 520 428 1997 491">
     <span class='ocr_line' id='line_1_1' title="bbox 520 428 1997 491; baseline -0.001 -8"><span class='ocrx_word' id='word_1_1' title='bbox 520 428 560 491; x_wconf 85' lang='lat'>6</span> <span class='ocrx_word' id='word_1_2' title='bbox 1332 429 1650 482; x_wconf 83' lang='lat' dir='ltr'>Iohannis</span> <span class='ocrx_word' id='word_1_3' title='bbox 1697 429 1997 484; x_wconf 85' lang='lat' dir='ltr'>Cassiani</span> 
     </span>
    </p>
   </div>
   <div class='ocr_carea' id='block_1_2' title="bbox 520 604 2923 3725">
    <p class='ocr_par' dir='ltr' id='par_1_2' title="bbox 520 604 2923 3725">
     <span class='ocr_line' id='line_1_2' title="bbox 520 604 2815 689; baseline -0 -22"><span class='ocrx_word' id='word_1_4' title='bbox 520 605 837 688; x_wconf 88' lang='lat' dir='ltr'>prolatum</span> <span class='ocrx_word' id='word_1_5' title='bbox 898 606 1108 686; x_wconf 89' lang='lat' dir='ltr'>fuerit,</span> <span class='ocrx_word' id='word_1_6' title='bbox 1177 609 1241 670; x_wconf 90' lang='lat' dir='ltr'>et</span> <span class='ocrx_word' id='word_1_7' title='bbox 1308 606 1408 689; x_wconf 91' lang='lat' dir='ltr'>pie</span> <span class='ocrx_word' id='word_1_8' title='bbox 1467 606 1753 688; x_wconf 87' lang='lat' dir='ltr'>relegant</span> <span class='ocrx_word' id='word_1_9' title='bbox 1799 609 1863 669; x_wconf 90' lang='lat' dir='ltr'>et</span> <span class='ocrx_word' id='word_1_10' title='bbox 1917 624 2062 668; x_wconf 91' lang='lat' dir='ltr'>cum</span> <span class='ocrx_word' id='word_1_11' title='bbox 2107 605 2296 668; x_wconf 91' lang='lat' dir='ltr'>uenia</span> <span class='ocrx_word' id='word_1_12' title='bbox 2355 604 2815 688; x_wconf 77' lang='lat' dir='ltr'>indulgentiore</span> 
     </span>
     <span class='ocr_line' id='line_1_3' title="bbox 524 709 2814 793; baseline 0 -22"><span class='ocrx_word' id='word_1_13' title='bbox 524 713 903 790; x_wconf 74' lang='lat' dir='ltr'>sustentent,</span> <span class='ocrx_word' id='word_1_14' title='bbox 950 710 1139 774; x_wconf 87' lang='lat' dir='ltr'>fidem</span> <span class='ocrx_word' id='word_1_15' title='bbox 1170 711 1379 793; x_wconf 87' lang='lat' dir='ltr'>potius</span> <span class='ocrx_word' id='word_1_16' title='bbox 1423 711 1547 774; x_wconf 90' lang='lat' dir='ltr'>mei</span> <span class='ocrx_word' id='word_1_17' title='bbox 1589 711 1893 774; x_wconf 89' lang='lat' dir='ltr'>sermonis</span> <span class='ocrx_word' id='word_1_18' title='bbox 1927 728 2118 792; x_wconf 85' lang='lat' dir='ltr'>quam</span> <span class='ocrx_word' id='word_1_19' title='bbox 2148 712 2551 773; x_wconf 87' lang='lat' dir='ltr'>uenustatem</span> <span class='ocrx_word' id='word_1_20' title='bbox 2585 709 2814 791; x_wconf 87' lang='lat' dir='ltr'>eloquii</span> 
     </span>
     <span class='ocr_line' id='line_1_4' title="bbox 525 813 2815 898; baseline 0.001 -22"><span class='ocrx_word' id='word_1_21' title='bbox 525 814 931 896; x_wconf 80' lang='lat' dir='ltr'>requirentes.</span> <span class='ocrx_word' id='word_1_22' title='bbox 1028 818 1425 898; x_wconf 89' lang='lat' dir='ltr'>quapropter,</span> <span class='ocrx_word' id='word_1_23' title='bbox 1471 815 1838 878; x_wconf 79' lang='lat' dir='ltr'>beatissime</span> <span class='ocrx_word' id='word_1_24' title='bbox 1869 833 2052 898; x_wconf 89' lang='lat' dir='ltr'>papa,</span> <span class='ocrx_word' id='word_1_25' title='bbox 2099 813 2358 878; x_wconf 90' lang='lat' dir='ltr'>unicum</span> <span class='ocrx_word' id='word_1_26' title='bbox 2397 813 2718 896; x_wconf 83' lang='lat' dir='ltr'>religionis</span> <span class='ocrx_word' id='word_1_27' title='bbox 2751 817 2815 878; x_wconf 88' lang='lat' dir='ltr'>et</span> 
     </span>
     <span class='ocr_line' id='line_1_5' title="bbox 520 918 2813 1003; baseline 0 -22"><span class='ocrx_word' id='word_1_28' title='bbox 520 919 901 982; x_wconf 83' lang='lat' dir='ltr'>humilitatis</span> <span class='ocrx_word' id='word_1_29' title='bbox 950 920 1285 1003; x_wconf 86' lang='lat' dir='ltr'>exemplar,</span> <span class='ocrx_word' id='word_1_30' title='bbox 1346 919 1473 982; x_wconf 90' lang='lat' dir='ltr'>tuis</span> <span class='ocrx_word' id='word_1_31' title='bbox 1520 919 1811 1002; x_wconf 89' lang='lat' dir='ltr'>precibus</span> <span class='ocrx_word' id='word_1_32' title='bbox 1859 919 2176 983; x_wconf 89' lang='lat' dir='ltr'>animatus</span> <span class='ocrx_word' id='word_1_33' title='bbox 2239 918 2586 983; x_wconf 92' lang='lat' dir='ltr'>secundum</span> <span class='ocrx_word' id='word_1_34' title='bbox 2647 918 2813 982; x_wconf 91' lang='lat' dir='ltr'>uires</span> 
     </span>
     <span class='ocr_line' id='line_1_6' title="bbox 523 1023 2920 1108; baseline -0 -20"><span class='ocrx_word' id='word_1_35' title='bbox 523 1023 763 1107; x_wconf 89' lang='lat' dir='ltr'>ingenii</span> <span class='ocrx_word' id='word_1_36' title='bbox 808 1024 933 1088; x_wconf 90' lang='lat' dir='ltr'>mei</span> <span class='ocrx_word' id='word_1_37' title='bbox 994 1041 1149 1107; x_wconf 89' lang='lat' dir='ltr'>opus</span> <span class='ocrx_word' id='word_1_38' title='bbox 1195 1025 1361 1105; x_wconf 92' lang='lat' dir='ltr'>quod</span> <span class='ocrx_word' id='word_1_39' title='bbox 1422 1024 1704 1108; x_wconf 89' lang='lat' dir='ltr'>iniungis</span> <span class='ocrx_word' id='word_1_40' title='bbox 1752 1024 2079 1107; x_wconf 87' lang='lat' dir='ltr'>adgrediar</span> <span class='ocrx_word' id='word_1_41' title='bbox 2133 1027 2196 1087; x_wconf 89' lang='lat' dir='ltr'>et</span> <span class='ocrx_word' id='word_1_42' title='bbox 2242 1041 2333 1103; x_wconf 87' lang='lat' dir='ltr'>ea,</span> <span class='ocrx_word' id='word_1_43' title='bbox 2397 1041 2556 1104; x_wconf 89' lang='lat' dir='ltr'>quae</span> <span class='ocrx_word' id='word_1_44' title='bbox 2612 1023 2815 1087; x_wconf 89' lang='lat' dir='ltr'>omni·</span> <span class='ocrx_word' id='word_1_45' title='bbox 2894 1039 2920 1076; x_wconf 76' lang='lat'>⁵</span> 
     </span>
     <span class='ocr_line' id='line_1_7' title="bbox 523 1127 2814 1210; baseline -0 -19"><span class='ocrx_word' id='word_1_46' title='bbox 523 1128 725 1192; x_wconf 90' lang='lat' dir='ltr'>modis</span> <span class='ocrx_word' id='word_1_47' title='bbox 772 1127 1011 1193; x_wconf 91' lang='lat' dir='ltr'>intacta</span> <span class='ocrx_word' id='word_1_48' title='bbox 1054 1129 1277 1192; x_wconf 88' lang='lat' dir='ltr'>relicta</span> <span class='ocrx_word' id='word_1_49' title='bbox 1324 1132 1474 1193; x_wconf 90' lang='lat' dir='ltr'>sunt</span> <span class='ocrx_word' id='word_1_50' title='bbox 1536 1128 1614 1192; x_wconf 87' lang='lat' dir='ltr'>ab</span> <span class='ocrx_word' id='word_1_51' title='bbox 1664 1127 2079 1193; x_wconf 77' lang='lat' dir='ltr'>anterioribus</span> <span class='ocrx_word' id='word_1_52' title='bbox 2125 1127 2380 1207; x_wconf 77' lang='lat' dir='ltr'>nostriS,</span> <span class='ocrx_word' id='word_1_53' title='bbox 2441 1129 2660 1210; x_wconf 82' lang='lat' dir='ltr'>utpote</span> <span class='ocrx_word' id='word_1_54' title='bbox 2705 1127 2814 1209; x_wconf 92' lang='lat' dir='ltr'>qui</span> 
     </span>
     <span class='ocr_line' id='line_1_8' title="bbox 522 1231 2813 1317; baseline -0 -21"><span class='ocrx_word' id='word_1_55' title='bbox 522 1233 737 1297; x_wconf 88' lang='lat' dir='ltr'>audita</span> <span class='ocrx_word' id='word_1_56' title='bbox 765 1235 975 1317; x_wconf 88' lang='lat' dir='ltr'>potius</span> <span class='ocrx_word' id='word_1_57' title='bbox 1008 1251 1199 1315; x_wconf 90' lang='lat' dir='ltr'>quam</span> <span class='ocrx_word' id='word_1_58' title='bbox 1246 1237 1500 1316; x_wconf 88' lang='lat' dir='ltr'>experta</span> <span class='ocrx_word' id='word_1_59' title='bbox 1530 1232 1880 1297; x_wconf 82' lang='lat' dir='ltr'>describere</span> <span class='ocrx_word' id='word_1_60' title='bbox 1913 1235 2402 1315; x_wconf 86' lang='lat' dir='ltr'>temptauerunt,</span> <span class='ocrx_word' id='word_1_61' title='bbox 2453 1231 2629 1296; x_wconf 89' lang='lat' dir='ltr'>uelut</span> <span class='ocrx_word' id='word_1_62' title='bbox 2672 1232 2813 1296; x_wconf 93' lang='lat' dir='ltr'>rudi</span> 
     </span>
     <span class='ocr_line' id='line_1_9' title="bbox 521 1336 2815 1420; baseline -0.001 -18"><span class='ocrx_word' id='word_1_63' title='bbox 521 1339 900 1403; x_wconf 88' lang='lat' dir='ltr'>monasterio</span> <span class='ocrx_word' id='word_1_64' title='bbox 942 1342 1007 1402; x_wconf 89' lang='lat' dir='ltr'>et</span> <span class='ocrx_word' id='word_1_65' title='bbox 1052 1339 1118 1402; x_wconf 91' lang='lat' dir='ltr'>in</span> <span class='ocrx_word' id='word_1_66' title='bbox 1163 1339 1430 1402; x_wconf 89' lang='lat' dir='ltr'>ueritate</span> <span class='ocrx_word' id='word_1_67' title='bbox 1477 1337 1836 1402; x_wconf 85' lang='lat' dir='ltr'>sitientibus</span> <span class='ocrx_word' id='word_1_68' title='bbox 1870 1336 2196 1402; x_wconf 78' lang='lat' dir='ltr'>intimabo,</span> <span class='ocrx_word' id='word_1_69' title='bbox 2247 1355 2362 1402; x_wconf 90' lang='grc'><strong>1100</strong></span> <span class='ocrx_word' id='word_1_70' title='bbox 2406 1338 2592 1420; x_wconf 91' lang='lat' dir='ltr'>plane</span> <span class='ocrx_word' id='word_1_71' title='bbox 2624 1336 2815 1400; x_wconf 90' lang='lat' dir='ltr'>mira-</span> 
     </span>
     <span class='ocr_line' id='line_1_10' title="bbox 521 1441 2814 1528; baseline -0.001 -21"><span class='ocrx_word' id='word_1_72' title='bbox 521 1442 750 1507; x_wconf 88' lang='lat' dir='ltr'>bilium</span> <span class='ocrx_word' id='word_1_73' title='bbox 795 1444 896 1508; x_wconf 91' lang='lat' dir='ltr'>dei</span> <span class='ocrx_word' id='word_1_74' title='bbox 942 1443 1389 1528; x_wconf 90' lang='lat' dir='ltr'>signorumque</span> <span class='ocrx_word' id='word_1_75' title='bbox 1443 1443 1869 1508; x_wconf 81' lang='lat' dir='ltr'>narrationem</span> <span class='ocrx_word' id='word_1_76' title='bbox 1917 1441 2180 1508; x_wconf 86' lang='lat' dir='ltr'>studebo</span> <span class='ocrx_word' id='word_1_77' title='bbox 2237 1443 2581 1507; x_wconf 80' lang='lat' dir='ltr'>contexere.</span> <span class='ocrx_word' id='word_1_78' title='bbox 2653 1459 2814 1523; x_wconf 88' lang='lat' dir='ltr'>quae</span> 
     </span>
     <span class='ocr_line' id='line_1_11' title="bbox 520 1546 2920 1631; baseline -0 -20"><span class='ocrx_word' id='word_1_79' title='bbox 520 1547 813 1630; x_wconf 91' lang='lat' dir='ltr'>quamuis</span> <span class='ocrx_word' id='word_1_80' title='bbox 868 1547 1072 1612; x_wconf 90' lang='lat' dir='ltr'>multa</span> <span class='ocrx_word' id='word_1_81' title='bbox 1115 1567 1227 1631; x_wconf 90' lang='lat' dir='ltr'>per</span> <span class='ocrx_word' id='word_1_82' title='bbox 1272 1549 1547 1612; x_wconf 84' lang='lat' dir='ltr'>seniores</span> <span class='ocrx_word' id='word_1_83' title='bbox 1595 1551 1842 1613; x_wconf 88' lang='lat' dir='ltr'>nostros</span> <span class='ocrx_word' id='word_1_84' title='bbox 1891 1551 1953 1611; x_wconf 90' lang='lat' dir='ltr'>et</span> <span class='ocrx_word' id='word_1_85' title='bbox 1998 1546 2390 1611; x_wconf 81' lang='lat' dir='ltr'>incredibilia</span> <span class='ocrx_word' id='word_1_86' title='bbox 2435 1565 2560 1611; x_wconf 91' lang='lat' dir='ltr'>non</span> <span class='ocrx_word' id='word_1_87' title='bbox 2608 1547 2814 1610; x_wconf 87' lang='lat' dir='ltr'>solum</span> <span class='ocrx_word' id='word_1_88' title='bbox 2868 1562 2920 1600; x_wconf 89' lang='lat'>10</span> 
     </span>
     <span class='ocr_line' id='line_1_12' title="bbox 524 1651 2812 1734; baseline -0.001 -18"><span class='ocrx_word' id='word_1_89' title='bbox 524 1652 929 1732; x_wconf 82' lang='lat' dir='ltr'>audierimuS,</span> <span class='ocrx_word' id='word_1_90' title='bbox 984 1671 1208 1716; x_wconf 91' lang='lat' dir='ltr'>uerum</span> <span class='ocrx_word' id='word_1_91' title='bbox 1254 1653 1447 1717; x_wconf 91' lang='lat' dir='ltr'>etiam</span> <span class='ocrx_word' id='word_1_92' title='bbox 1494 1651 1610 1716; x_wconf 90' lang='lat' dir='ltr'>sub</span> <span class='ocrx_word' id='word_1_93' title='bbox 1660 1651 1986 1717; x_wconf 88' lang='lat' dir='ltr'>obtutibus</span> <span class='ocrx_word' id='word_1_94' title='bbox 2035 1651 2265 1716; x_wconf 85' lang='lat' dir='ltr'>nostris</span> <span class='ocrx_word' id='word_1_95' title='bbox 2311 1651 2812 1734; x_wconf 86' lang='lat' dir='ltr'>perspexerimus</span> 
     </span>
     <span class='ocr_line' id='line_1_13' title="bbox 523 1755 2814 1841; baseline 0 -21"><span class='ocrx_word' id='word_1_96' title='bbox 523 1757 782 1839; x_wconf 88' lang='lat' dir='ltr'>inpleta,</span> <span class='ocrx_word' id='word_1_97' title='bbox 807 1759 1022 1820; x_wconf 89' lang='lat' dir='ltr'>tamen</span> <span class='ocrx_word' id='word_1_98' title='bbox 1042 1757 1143 1820; x_wconf 90' lang='lat' dir='ltr'>his</span> <span class='ocrx_word' id='word_1_99' title='bbox 1169 1757 1462 1821; x_wconf 89' lang='lat' dir='ltr'>omnibus</span> <span class='ocrx_word' id='word_1_100' title='bbox 1488 1757 1972 1841; x_wconf 84' lang='lat' dir='ltr'>praetermissiS,</span> <span class='ocrx_word' id='word_1_101' title='bbox 1999 1774 2159 1838; x_wconf 91' lang='lat' dir='ltr'>quae</span> <span class='ocrx_word' id='word_1_102' title='bbox 2181 1755 2541 1840; x_wconf 89' lang='lat' dir='ltr'>legentibus</span> <span class='ocrx_word' id='word_1_103' title='bbox 2565 1760 2814 1840; x_wconf 89' lang='lat' dir='ltr'>praeter</span> 
     </span>
     <span class='ocr_line' id='line_1_14' title="bbox 523 1860 2813 1945; baseline -0 -20"><span class='ocrx_word' id='word_1_104' title='bbox 523 1860 1005 1925; x_wconf 86' lang='lat' dir='ltr'>admirationem</span> <span class='ocrx_word' id='word_1_105' title='bbox 1033 1861 1192 1925; x_wconf 91' lang='lat' dir='ltr'>nihil</span> <span class='ocrx_word' id='word_1_106' title='bbox 1218 1862 1488 1944; x_wconf 90' lang='lat' dir='ltr'>amplius</span> <span class='ocrx_word' id='word_1_107' title='bbox 1514 1862 1593 1925; x_wconf 88' lang='lat' dir='ltr'>ad</span> <span class='ocrx_word' id='word_1_108' title='bbox 1624 1861 2106 1926; x_wconf 80' lang='lat' dir='ltr'>instructionem</span> <span class='ocrx_word' id='word_1_109' title='bbox 2132 1861 2447 1945; x_wconf 85' lang='lat' dir='ltr'>perfectae</span> <span class='ocrx_word' id='word_1_110' title='bbox 2471 1861 2642 1926; x_wconf 88' lang='lat' dir='ltr'>uitae</span> <span class='ocrx_word' id='word_1_111' title='bbox 2666 1879 2813 1926; x_wconf 92' lang='lat' dir='ltr'>con-</span> 
     </span>
     <span class='ocr_line' id='line_1_15' title="bbox 520 1965 2812 2050; baseline 0 -20"><span class='ocrx_word' id='word_1_112' title='bbox 520 1966 754 2046; x_wconf 88' lang='lat' dir='ltr'>ferunt,</span> <span class='ocrx_word' id='word_1_113' title='bbox 801 1965 1095 2030; x_wconf 88' lang='lat' dir='ltr'>instituta</span> <span class='ocrx_word' id='word_1_114' title='bbox 1124 1985 1340 2030; x_wconf 91' lang='lat' dir='ltr'>eorum</span> <span class='ocrx_word' id='word_1_115' title='bbox 1385 1967 1825 2030; x_wconf 89' lang='lat' dir='ltr'>tantummodo</span> <span class='ocrx_word' id='word_1_116' title='bbox 1871 1984 1944 2030; x_wconf 88' lang='lat' dir='ltr'>ac</span> <span class='ocrx_word' id='word_1_117' title='bbox 1985 1966 2516 2031; x_wconf 86' lang='lat' dir='ltr'>monasteriorum</span> <span class='ocrx_word' id='word_1_118' title='bbox 2560 1967 2812 2050; x_wconf 89' lang='lat' dir='ltr'>regulas</span> 
     </span>
     <span class='ocr_line' id='line_1_16' title="bbox 522 2070 2917 2154; baseline 0.001 -21"><span class='ocrx_word' id='word_1_119' title='bbox 522 2070 915 2153; x_wconf 79' lang='lat' dir='ltr'>maximeque</span> <span class='ocrx_word' id='word_1_120' title='bbox 946 2070 1389 2154; x_wconf 88' lang='lat' dir='ltr'>principalium</span> <span class='ocrx_word' id='word_1_121' title='bbox 1420 2071 1741 2152; x_wconf 88' lang='lat' dir='ltr'>uitiorum,</span> <span class='ocrx_word' id='word_1_122' title='bbox 1781 2089 1940 2153; x_wconf 88' lang='lat' dir='ltr'>quae</span> <span class='ocrx_word' id='word_1_123' title='bbox 1972 2074 2110 2135; x_wconf 88' lang='lat' dir='ltr'>octo</span> <span class='ocrx_word' id='word_1_124' title='bbox 2143 2070 2221 2134; x_wconf 89' lang='lat' dir='ltr'>ab</span> <span class='ocrx_word' id='word_1_125' title='bbox 2256 2071 2346 2134; x_wconf 89' lang='lat' dir='ltr'>eis</span> <span class='ocrx_word' id='word_1_126' title='bbox 2379 2070 2810 2154; x_wconf 85' lang='lat' dir='ltr'>designantur,</span> <span class='ocrx_word' id='word_1_127' title='bbox 2867 2085 2917 2126; x_wconf 87' lang='lat'>1⁵</span> 
     </span>
     <span class='ocr_line' id='line_1_17' title="bbox 522 2175 2812 2258; baseline 0 -20"><span class='ocrx_word' id='word_1_128' title='bbox 522 2175 794 2258; x_wconf 88' lang='lat' dir='ltr'>origines</span> <span class='ocrx_word' id='word_1_129' title='bbox 842 2179 905 2239; x_wconf 88' lang='lat' dir='ltr'>et</span> <span class='ocrx_word' id='word_1_130' title='bbox 950 2193 1173 2240; x_wconf 85' lang='lat' dir='ltr'>causas</span> <span class='ocrx_word' id='word_1_131' title='bbox 1221 2175 1698 2258; x_wconf 87' lang='lat' dir='ltr'>curationesque</span> <span class='ocrx_word' id='word_1_132' title='bbox 1754 2176 2100 2240; x_wconf 89' lang='lat' dir='ltr'>secundum</span> <span class='ocrx_word' id='word_1_133' title='bbox 2143 2175 2514 2239; x_wconf 88' lang='lat' dir='ltr'>traditiones</span> <span class='ocrx_word' id='word_1_134' title='bbox 2577 2194 2812 2256; x_wconf 90' lang='lat' dir='ltr'>eorum,</span> 
     </span>
     <span class='ocr_line' id='line_1_18' title="bbox 526 2280 2808 2363; baseline 0 -20"><span class='ocrx_word' id='word_1_135' title='bbox 526 2282 833 2362; x_wconf 88' lang='lat' dir='ltr'>quantum</span> <span class='ocrx_word' id='word_1_136' title='bbox 858 2280 1110 2345; x_wconf 90' lang='lat' dir='ltr'>domino</span> <span class='ocrx_word' id='word_1_137' title='bbox 1128 2281 1465 2345; x_wconf 87' lang='lat' dir='ltr'>adiuuante</span> <span class='ocrx_word' id='word_1_138' title='bbox 1491 2283 1772 2363; x_wconf 90' lang='lat' dir='ltr'>potuero,</span> <span class='ocrx_word' id='word_1_139' title='bbox 1797 2281 2064 2344; x_wconf 90' lang='lat' dir='ltr'>fideliter</span> <span class='ocrx_word' id='word_1_140' title='bbox 2091 2281 2398 2363; x_wconf 86' lang='lat' dir='ltr'>explicare</span> <span class='ocrx_word' id='word_1_141' title='bbox 2415 2281 2808 2345; x_wconf 89' lang='lat' dir='ltr'>contendam.</span> 
     </span>
     <span class='ocr_line' id='line_1_19' title="bbox 522 2384 2814 2468; baseline -0 -20"><span class='ocrx_word' id='word_1_142' title='bbox 522 2385 913 2468; x_wconf 85' lang='lat' dir='ltr'>propositum</span> <span class='ocrx_word' id='word_1_143' title='bbox 963 2385 1275 2466; x_wconf 85' lang='lat' dir='ltr'>siquidem</span> <span class='ocrx_word' id='word_1_144' title='bbox 1323 2384 1482 2449; x_wconf 91' lang='lat' dir='ltr'>mihi</span> <span class='ocrx_word' id='word_1_145' title='bbox 1526 2387 1623 2448; x_wconf 89' lang='lat' dir='ltr'>est</span> <span class='ocrx_word' id='word_1_146' title='bbox 1669 2404 1794 2450; x_wconf 92' lang='lat' dir='ltr'>non</span> <span class='ocrx_word' id='word_1_147' title='bbox 1841 2385 1916 2448; x_wconf 90' lang='lat' dir='ltr'>de</span> <span class='ocrx_word' id='word_1_148' title='bbox 1965 2384 2360 2449; x_wconf 88' lang='lat' dir='ltr'>mirabilibus</span> <span class='ocrx_word' id='word_1_149' title='bbox 2406 2385 2526 2465; x_wconf 91' lang='lat' dir='ltr'>dei,</span> <span class='ocrx_word' id='word_1_150' title='bbox 2583 2385 2692 2449; x_wconf 90' lang='lat' dir='ltr'>sed</span> <span class='ocrx_word' id='word_1_151' title='bbox 2738 2385 2814 2448; x_wconf 91' lang='lat' dir='ltr'>de</span> 
     </span>
     <span class='ocr_line' id='line_1_20' title="bbox 522 2490 2814 2573; baseline -0 -19"><span class='ocrx_word' id='word_1_152' title='bbox 522 2490 903 2555; x_wconf 88' lang='lat' dir='ltr'>correctione</span> <span class='ocrx_word' id='word_1_153' title='bbox 934 2507 1180 2555; x_wconf 92' lang='lat' dir='ltr'>morum</span> <span class='ocrx_word' id='word_1_154' title='bbox 1228 2495 1585 2555; x_wconf 89' lang='lat' dir='ltr'>nostrorum</span> <span class='ocrx_word' id='word_1_155' title='bbox 1619 2494 1681 2555; x_wconf 92' lang='lat' dir='ltr'>et</span> <span class='ocrx_word' id='word_1_156' title='bbox 1726 2490 2268 2555; x_wconf 87' lang='lat' dir='ltr'>consummatione</span> <span class='ocrx_word' id='word_1_157' title='bbox 2300 2490 2468 2555; x_wconf 90' lang='lat' dir='ltr'>uitae</span> <span class='ocrx_word' id='word_1_158' title='bbox 2499 2490 2814 2573; x_wconf 87' lang='lat' dir='ltr'>perfectae</span> 
     </span>
     <span class='ocr_line' id='line_1_21' title="bbox 524 2595 2920 2678; baseline -0.001 -19"><span class='ocrx_word' id='word_1_159' title='bbox 524 2595 869 2659; x_wconf 88' lang='lat' dir='ltr'>secundum</span> <span class='ocrx_word' id='word_1_160' title='bbox 918 2613 1010 2676; x_wconf 90' lang='lat' dir='ltr'>ea,</span> <span class='ocrx_word' id='word_1_161' title='bbox 1058 2612 1217 2676; x_wconf 91' lang='lat' dir='ltr'>quae</span> <span class='ocrx_word' id='word_1_162' title='bbox 1264 2612 1302 2659; x_wconf 87' lang='lat' dir='ltr'>a</span> <span class='ocrx_word' id='word_1_163' title='bbox 1347 2595 1698 2659; x_wconf 89' lang='lat' dir='ltr'>senioribus</span> <span class='ocrx_word' id='word_1_164' title='bbox 1741 2596 1972 2659; x_wconf 89' lang='lat' dir='ltr'>nostris</span> <span class='ocrx_word' id='word_1_165' title='bbox 2019 2595 2396 2678; x_wconf 81' lang='lat' dir='ltr'>accepimuS‚</span> <span class='ocrx_word' id='word_1_166' title='bbox 2442 2613 2643 2678; x_wconf 91' lang='lat' dir='ltr'>pauca</span> <span class='ocrx_word' id='word_1_167' title='bbox 2688 2595 2814 2658; x_wconf 87' lang='lat' dir='ltr'>dis·</span> <span class='ocrx_word' id='word_1_168' title='bbox 2867 2610 2920 2649; x_wconf 77' lang='lat'>20</span> 
     </span>
     <span class='ocr_line' id='line_1_22' title="bbox 523 2698 2816 2782; baseline -0 -19"><span class='ocrx_word' id='word_1_169' title='bbox 523 2718 744 2763; x_wconf 89' lang='lat' dir='ltr'>serere.</span> <span class='ocrx_word' id='word_1_170' title='bbox 802 2699 867 2763; x_wconf 91' lang='lat' dir='ltr'>in</span> <span class='ocrx_word' id='word_1_171' title='bbox 917 2716 989 2763; x_wconf 92' lang='lat' dir='ltr'>eo</span> <span class='ocrx_word' id='word_1_172' title='bbox 1034 2717 1281 2781; x_wconf 88' lang='lat' dir='ltr'>quoqne</span> <span class='ocrx_word' id='word_1_173' title='bbox 1327 2700 1455 2764; x_wconf 90' lang='lat' dir='ltr'>tuis</span> <span class='ocrx_word' id='word_1_174' title='bbox 1496 2700 1846 2782; x_wconf 86' lang='lat' dir='ltr'>praeceptis</span> <span class='ocrx_word' id='word_1_175' title='bbox 1892 2699 2255 2763; x_wconf 87' lang='lat' dir='ltr'>satisfacere</span> <span class='ocrx_word' id='word_1_176' title='bbox 2287 2698 2574 2780; x_wconf 86' lang='lat' dir='ltr'>studebo,</span> <span class='ocrx_word' id='word_1_177' title='bbox 2622 2702 2712 2779; x_wconf 90' lang='lat' dir='ltr'>ut,</span> <span class='ocrx_word' id='word_1_178' title='bbox 2762 2699 2816 2762; x_wconf 92' lang='lat' dir='ltr'>si</span> 
     </span>
     <span class='ocr_line' id='line_1_23' title="bbox 523 2803 2816 2887; baseline 0 -20"><span class='ocrx_word' id='word_1_179' title='bbox 523 2804 676 2885; x_wconf 89' lang='lat' dir='ltr'>quid</span> <span class='ocrx_word' id='word_1_180' title='bbox 718 2803 880 2869; x_wconf 87' lang='lat' dir='ltr'>forte</span> <span class='ocrx_word' id='word_1_181' title='bbox 926 2820 1052 2867; x_wconf 92' lang='lat' dir='ltr'>non</span> <span class='ocrx_word' id='word_1_182' title='bbox 1100 2804 1446 2868; x_wconf 88' lang='lat' dir='ltr'>secundum</span> <span class='ocrx_word' id='word_1_183' title='bbox 1493 2808 1716 2887; x_wconf 87' lang='lat' dir='ltr'>typum</span> <span class='ocrx_word' id='word_1_184' title='bbox 1747 2804 2058 2868; x_wconf 89' lang='lat' dir='ltr'>maiorum</span> <span class='ocrx_word' id='word_1_185' title='bbox 2104 2804 2551 2886; x_wconf 91' lang='lat' dir='ltr'>antiquissima</span> <span class='ocrx_word' id='word_1_186' title='bbox 2582 2803 2816 2867; x_wconf 90' lang='lat' dir='ltr'>consti-</span> 
     </span>
     <span class='ocr_line' id='line_1_24' title="bbox 521 2908 2816 2991; baseline -0.001 -17"><span class='ocrx_word' id='word_1_187' title='bbox 521 2908 766 2974; x_wconf 89' lang='lat' dir='ltr'>tutione</span> <span class='ocrx_word' id='word_1_188' title='bbox 812 2908 1169 2988; x_wconf 86' lang='lat' dir='ltr'>fundatum,</span> <span class='ocrx_word' id='word_1_189' title='bbox 1233 2909 1342 2972; x_wconf 91' lang='lat' dir='ltr'>sed</span> <span class='ocrx_word' id='word_1_190' title='bbox 1386 2925 1498 2991; x_wconf 92' lang='lat' dir='ltr'>pro</span> <span class='ocrx_word' id='word_1_191' title='bbox 1558 2908 1815 2974; x_wconf 88' lang='lat' dir='ltr'>arbitrio</span> <span class='ocrx_word' id='word_1_192' title='bbox 1870 2908 2364 2990; x_wconf 89' lang='lat' dir='ltr'>uniuscuiusque</span> <span class='ocrx_word' id='word_1_193' title='bbox 2425 2908 2816 2972; x_wconf 87' lang='lat' dir='ltr'>instituentis</span> 
     </span>
     <span class='ocr_line' id='line_1_25' title="bbox 524 3013 2815 3097; baseline 0 -20"><span class='ocrx_word' id='word_1_194' title='bbox 524 3014 977 3077; x_wconf 89' lang='lat' dir='ltr'>monasterium</span> <span class='ocrx_word' id='word_1_195' title='bbox 1023 3014 1124 3077; x_wconf 91' lang='lat' dir='ltr'>uel</span> <span class='ocrx_word' id='word_1_196' title='bbox 1186 3013 1583 3077; x_wconf 88' lang='lat' dir='ltr'>deminutum</span> <span class='ocrx_word' id='word_1_197' title='bbox 1633 3013 1730 3077; x_wconf 91' lang='lat' dir='ltr'>uel</span> <span class='ocrx_word' id='word_1_198' title='bbox 1793 3013 2076 3077; x_wconf 87' lang='lat' dir='ltr'>additum</span> <span class='ocrx_word' id='word_1_199' title='bbox 2123 3013 2190 3077; x_wconf 93' lang='lat' dir='ltr'>in</span> <span class='ocrx_word' id='word_1_200' title='bbox 2249 3013 2390 3077; x_wconf 90' lang='lat' dir='ltr'>istis</span> <span class='ocrx_word' id='word_1_201' title='bbox 2451 3013 2815 3097; x_wconf 90' lang='lat' dir='ltr'>regionibus</span> 
     </span>
     <span class='ocr_line' id='line_1_26' title="bbox 525 3117 2922 3201; baseline -0 -18"><span class='ocrx_word' id='word_1_202' title='bbox 525 3117 1009 3201; x_wconf 90' lang='lat' dir='ltr'>conprobauero,</span> <span class='ocrx_word' id='word_1_203' title='bbox 1080 3118 1426 3182; x_wconf 90' lang='lat' dir='ltr'>secundum</span> <span class='ocrx_word' id='word_1_204' title='bbox 1488 3136 1628 3181; x_wconf 89' lang='lat' dir='ltr'>eam</span> <span class='ocrx_word' id='word_1_205' title='bbox 1689 3134 1880 3199; x_wconf 87' lang='lat' dir='ltr'>quam</span> <span class='ocrx_word' id='word_1_206' title='bbox 1943 3118 2220 3181; x_wconf 88' lang='lat' dir='ltr'>uidimus</span> <span class='ocrx_word' id='word_1_207' title='bbox 2289 3119 2816 3183; x_wconf 90' lang='lat' dir='ltr'>monasteriorum</span> <span class='ocrx_word' id='word_1_208' title='bbox 2868 3130 2922 3171; x_wconf 72' lang='lat'>²⁵</span> 
     </span>
     <span class='ocr_line' id='line_1_27' title="bbox 524 3221 2818 3307; baseline -0 -19"><span class='ocrx_word' id='word_1_209' title='bbox 524 3224 811 3307; x_wconf 85' lang='lat' dir='ltr'>regulam</span> <span class='ocrx_word' id='word_1_210' title='bbox 856 3242 966 3305; x_wconf 89' lang='lat' dir='ltr'>per</span> <span class='ocrx_word' id='word_1_211' title='bbox 997 3221 1359 3306; x_wconf 82' lang='lat' dir='ltr'>Aegyptum</span> <span class='ocrx_word' id='word_1_212' title='bbox 1406 3223 1506 3287; x_wconf 87' lang='lat' dir='ltr'>uel</span> <span class='ocrx_word' id='word_1_213' title='bbox 1541 3222 1972 3286; x_wconf 88' lang='lat' dir='ltr'>Palaestinam</span> <span class='ocrx_word' id='word_1_214' title='bbox 2019 3222 2368 3304; x_wconf 91' lang='lat' dir='ltr'>antiquitus</span> <span class='ocrx_word' id='word_1_215' title='bbox 2409 3223 2818 3287; x_wconf 87' lang='lat' dir='ltr'>fundatorum</span> 
     </span>
     <span class='ocr_line' id='line_1_28' title="bbox 524 3326 2818 3409; baseline 0 -17"><span class='ocrx_word' id='word_1_216' title='bbox 524 3327 695 3392; x_wconf 91' lang='lat' dir='ltr'>fideli</span> <span class='ocrx_word' id='word_1_217' title='bbox 760 3345 1047 3391; x_wconf 90' lang='lat' dir='ltr'>sermone</span> <span class='ocrx_word' id='word_1_218' title='bbox 1093 3329 1194 3392; x_wconf 91' lang='lat' dir='ltr'>uel</span> <span class='ocrx_word' id='word_1_219' title='bbox 1258 3327 1523 3391; x_wconf 90' lang='lat' dir='ltr'>adiciam</span> <span class='ocrx_word' id='word_1_220' title='bbox 1593 3328 1694 3390; x_wconf 91' lang='lat' dir='ltr'>uel</span> <span class='ocrx_word' id='word_1_221' title='bbox 1740 3326 2037 3407; x_wconf 88' lang='lat' dir='ltr'>recidam,</span> <span class='ocrx_word' id='word_1_222' title='bbox 2099 3344 2499 3409; x_wconf 89' lang='lat' dir='ltr'>nequaquam</span> <span class='ocrx_word' id='word_1_223' title='bbox 2560 3328 2818 3392; x_wconf 90' lang='lat' dir='ltr'>credens</span> 
     </span>
     <span class='ocr_line' id='line_1_29' title="bbox 524 3431 2817 3514; baseline 0 -18"><span class='ocrx_word' id='word_1_224' title='bbox 524 3431 963 3497; x_wconf 88' lang='lat' dir='ltr'>rationabilius</span> <span class='ocrx_word' id='word_1_225' title='bbox 1010 3432 1333 3514; x_wconf 88' lang='lat' dir='ltr'>quippiam</span> <span class='ocrx_word' id='word_1_226' title='bbox 1380 3432 1480 3495; x_wconf 91' lang='lat' dir='ltr'>uel</span> <span class='ocrx_word' id='word_1_227' title='bbox 1527 3431 1866 3514; x_wconf 86' lang='lat' dir='ltr'>perfectius</span> <span class='ocrx_word' id='word_1_228' title='bbox 1927 3431 2244 3495; x_wconf 90' lang='lat' dir='ltr'>nouellam</span> <span class='ocrx_word' id='word_1_229' title='bbox 2302 3432 2817 3496; x_wconf 88' lang='lat' dir='ltr'>constitutionem</span> 
     </span>
     <span class='ocr_line' id='line_1_30' title="bbox 524 3534 2820 3620; baseline 0 -19"><span class='ocrx_word' id='word_1_230' title='bbox 524 3538 588 3601; x_wconf 90' lang='lat' dir='ltr'>in</span> <span class='ocrx_word' id='word_1_231' title='bbox 653 3536 928 3602; x_wconf 91' lang='lat' dir='ltr'>occiduis</span> <span class='ocrx_word' id='word_1_232' title='bbox 982 3534 1332 3600; x_wconf 84' lang='lat' dir='ltr'>Galliarum</span> <span class='ocrx_word' id='word_1_233' title='bbox 1391 3535 1679 3619; x_wconf 89' lang='lat' dir='ltr'>partibus</span> <span class='ocrx_word' id='word_1_234' title='bbox 1743 3536 2052 3620; x_wconf 89' lang='lat' dir='ltr'>repperire</span> <span class='ocrx_word' id='word_1_235' title='bbox 2115 3537 2396 3619; x_wconf 88' lang='lat' dir='ltr'>potuisse</span> <span class='ocrx_word' id='word_1_236' title='bbox 2457 3554 2648 3618; x_wconf 92' lang='lat' dir='ltr'>quam</span> <span class='ocrx_word' id='word_1_237' title='bbox 2711 3538 2820 3601; x_wconf 89' lang='lat' dir='ltr'>illa</span> 
     </span>
     <span class='ocr_line' id='line_1_31' title="bbox 526 3640 2923 3725; baseline 0 -20"><span class='ocrx_word' id='word_1_238' title='bbox 526 3645 675 3706; x_wconf 89' lang='lat' dir='ltr'>sunt</span> <span class='ocrx_word' id='word_1_239' title='bbox 719 3641 1033 3722; x_wconf 85' lang='lat' dir='ltr'>instituta,</span> <span class='ocrx_word' id='word_1_240' title='bbox 1096 3641 1162 3705; x_wconf 90' lang='lat' dir='ltr'>in</span> <span class='ocrx_word' id='word_1_241' title='bbox 1207 3640 1436 3723; x_wconf 87' lang='lat' dir='ltr'>quibus</span> <span class='ocrx_word' id='word_1_242' title='bbox 1485 3640 1561 3705; x_wconf 87' lang='lat' dir='ltr'>ab</span> <span class='ocrx_word' id='word_1_243' title='bbox 1614 3642 1860 3705; x_wconf 89' lang='lat' dir='ltr'>exordio</span> <span class='ocrx_word' id='word_1_244' title='bbox 1906 3641 2388 3725; x_wconf 86' lang='lat' dir='ltr'>praedicationis</span> <span class='ocrx_word' id='word_1_245' title='bbox 2437 3642 2814 3725; x_wconf 88' lang='lat' dir='ltr'>apostolicae</span> <span class='ocrx_word' id='word_1_246' title='bbox 2870 3651 2923 3691; x_wconf 80' lang='lat'>³0</span> 
     </span>
    </p>
   </div>
   <div class='ocr_carea' id='block_1_3' title="bbox 522 3821 2830 4340">
    <p class='ocr_par' dir='ltr' id='par_1_3' title="bbox 522 3821 2830 4340">
     <span class='ocr_line' id='line_1_32' title="bbox 613 3821 2822 3893; baseline -0 -14"><span class='ocrx_word' id='word_1_247' title='bbox 613 3828 637 3879; x_wconf 98' lang='grc'>1</span> <span class='ocrx_word' id='word_1_248' title='bbox 677 3822 980 3893; x_wconf 84' lang='lat' dir='ltr'>praelatum</span> <span class='ocrx_word' id='word_1_249' title='bbox 1015 3824 1099 3878; x_wconf 91' lang='lat' dir='ltr'>H¹</span> <span class='ocrx_word' id='word_1_250' title='bbox 1204 3822 1381 3893; x_wconf 84' lang='lat' dir='ltr'>piaese</span> <span class='ocrx_word' id='word_1_251' title='bbox 1417 3822 1601 3891; x_wconf 83' lang='lat' dir='ltr'>legant</span> <span class='ocrx_word' id='word_1_252' title='bbox 1637 3824 1704 3877; x_wconf 87' lang='grc' dir='ltr'><strong>Η</strong></span> <span class='ocrx_word' id='word_1_253' title='bbox 1811 3821 2196 3892; x_wconf 75' lang='lat' dir='ltr'>indulgentior-i</span> <span class='ocrx_word' id='word_1_254' title='bbox 2232 3824 2372 3878; x_wconf 86' lang='lat' dir='ltr'>HL²</span> <span class='ocrx_word' id='word_1_255' title='bbox 2491 3824 2524 3878; x_wconf 85' lang='lat'><strong>2</strong></span> <span class='ocrx_word' id='word_1_256' title='bbox 2561 3823 2822 3878; x_wconf 88' lang='lat' dir='ltr'>sermonis</span> 
     </span>
     <span class='ocr_line' id='line_1_33' title="bbox 524 3909 2822 3979; baseline -0.001 -13"><span class='ocrx_word' id='word_1_257' title='bbox 524 3912 629 3966; x_wconf 86' lang='lat' dir='ltr'>mei</span> <span class='ocrx_word' id='word_1_258' title='bbox 666 3913 735 3967; x_wconf 91' lang='lat' dir='ltr'><em>H</em></span> <span class='ocrx_word' id='word_1_259' title='bbox 833 3910 1037 3979; x_wconf 72' lang='lat' dir='ltr'>eloqui*</span> <span class='ocrx_word' id='word_1_260' title='bbox 1078 3912 1147 3965; x_wconf 88' lang='grc' dir='ltr'>Η</span> <span class='ocrx_word' id='word_1_261' title='bbox 1246 3913 1279 3965; x_wconf 89' lang='grc'><strong>3</strong></span> <span class='ocrx_word' id='word_1_262' title='bbox 1317 3927 1547 3964; x_wconf 85' lang='lat' dir='ltr'>unacum</span> <span class='ocrx_word' id='word_1_263' title='bbox 1591 3910 1664 3965; x_wconf 67' lang='grc' dir='ltr'>ΘΙ</span> <span class='ocrx_word' id='word_1_264' title='bbox 1773 3909 2054 3979; x_wconf 85' lang='lat' dir='ltr'>relegionis</span> <span class='ocrx_word' id='word_1_265' title='bbox 2101 3912 2168 3965; x_wconf 90' lang='lat' dir='ltr'><strong><em>H</em></strong></span> <span class='ocrx_word' id='word_1_266' title='bbox 2267 3914 2300 3965; x_wconf 88' lang='grc'>6</span> <span class='ocrx_word' id='word_1_267' title='bbox 2347 3910 2514 3964; x_wconf 81' lang='lat' dir='ltr'>teleta</span> <span class='ocrx_word' id='word_1_268' title='bbox 2555 3911 2628 3965; x_wconf 78' lang='lat' dir='ltr'>G¹</span> <span class='ocrx_word' id='word_1_269' title='bbox 2737 3913 2822 3964; x_wconf 84' lang='lat' dir='ltr'>ut-</span> 
     </span>
     <span class='ocr_line' id='line_1_34' title="bbox 522 3998 2830 4068; baseline 0 -16"><span class='ocrx_word' id='word_1_270' title='bbox 522 4001 650 4068; x_wconf 85' lang='lat' dir='ltr'>pute</span> <span class='ocrx_word' id='word_1_271' title='bbox 673 4000 757 4053; x_wconf 81' lang='grc' dir='ltr'>Η1</span> <span class='ocrx_word' id='word_1_272' title='bbox 852 4001 883 4053; x_wconf 88' lang='lat'><strong>7</strong></span> <span class='ocrx_word' id='word_1_273' title='bbox 910 4013 1074 4066; x_wconf 85' lang='lat' dir='ltr'>quam</span> <span class='ocrx_word' id='word_1_274' title='bbox 1101 4000 1314 4067; x_wconf 84' lang='lat' dir='ltr'>experta</span> <span class='ocrx_word' id='word_1_275' title='bbox 1338 4016 1439 4053; x_wconf 84' lang='lat' dir='ltr'>om.</span> <span class='ocrx_word' id='word_1_276' title='bbox 1467 4000 1542 4051; x_wconf 86' lang='lat' dir='ltr'>L¹</span> <span class='ocrx_word' id='word_1_277' title='bbox 1640 4000 2004 4052; x_wconf 82' lang='lat' dir='ltr'>temtauerunt</span> <span class='ocrx_word' id='word_1_278' title='bbox 2029 4000 2112 4052; x_wconf 82' lang='lat'>11¹</span> <span class='ocrx_word' id='word_1_279' title='bbox 2221 4001 2280 4054; x_wconf 95' lang='lat'>11</span> <span class='ocrx_word' id='word_1_280' title='bbox 2311 3998 2736 4066; x_wconf 85' lang='lat' dir='ltr'>conspexerimus</span> <span class='ocrx_word' id='word_1_281' title='bbox 2761 4000 2830 4053; x_wconf 91' lang='lat' dir='ltr'><strong><em>H</em></strong></span> 
     </span>
     <span class='ocr_line' id='line_1_35' title="bbox 528 4084 2822 4154; baseline -0.001 -12"><span class='ocrx_word' id='word_1_282' title='bbox 528 4090 593 4142; x_wconf 89' lang='grc'>16</span> <span class='ocrx_word' id='word_1_283' title='bbox 630 4086 871 4154; x_wconf 87' lang='lat' dir='ltr'>origenes</span> <span class='ocrx_word' id='word_1_284' title='bbox 913 4086 985 4140; x_wconf 82' lang='lat' dir='ltr'>G¹</span> <span class='ocrx_word' id='word_1_285' title='bbox 1117 4084 1348 4154; x_wconf 84' lang='lat' dir='ltr'>origenis</span> <span class='ocrx_word' id='word_1_286' title='bbox 1385 4087 1461 4140; x_wconf 68' lang='lat'>12¹</span> <span class='ocrx_word' id='word_1_287' title='bbox 1591 4087 1654 4141; x_wconf 88' lang='grc'>19</span> <span class='ocrx_word' id='word_1_288' title='bbox 1694 4085 2023 4154; x_wconf 87' lang='lat' dir='ltr'>correptione</span> <span class='ocrx_word' id='word_1_289' title='bbox 2061 4087 2177 4139; x_wconf 88' lang='lat' dir='ltr'>HL</span> <span class='ocrx_word' id='word_1_290' title='bbox 2305 4089 2372 4140; x_wconf 84' lang='lat'>20</span> <span class='ocrx_word' id='word_1_291' title='bbox 2411 4084 2701 4153; x_wconf 85' lang='lat' dir='ltr'>accipimus</span> <span class='ocrx_word' id='word_1_292' title='bbox 2739 4086 2822 4140; x_wconf 88' lang='lat' dir='ltr'>H¹</span> 
     </span>
     <span class='ocr_line' id='line_1_36' title="bbox 527 4172 2830 4227; baseline 0 -1"><span class='ocrx_word' id='word_1_293' title='bbox 527 4174 765 4227; x_wconf 84' lang='lat' dir='ltr'>deserere</span> <span class='ocrx_word' id='word_1_294' title='bbox 806 4174 963 4227; x_wconf 78' lang='lat' dir='ltr'>G¹H¹</span> <span class='ocrx_word' id='word_1_295' title='bbox 1096 4176 1163 4227; x_wconf 84' lang='lat'>23</span> <span class='ocrx_word' id='word_1_296' title='bbox 1199 4172 1515 4225; x_wconf 85' lang='lat' dir='ltr'>instruentis</span> <span class='ocrx_word' id='word_1_297' title='bbox 1553 4174 1621 4227; x_wconf 88' lang='lat' dir='ltr'><em>H</em></span> <span class='ocrx_word' id='word_1_298' title='bbox 1747 4175 1814 4227; x_wconf 84' lang='lat'>24</span> <span class='ocrx_word' id='word_1_299' title='bbox 1851 4172 2187 4225; x_wconf 87' lang='lat' dir='ltr'>deminutum</span> <span class='ocrx_word' id='word_1_300' title='bbox 2225 4174 2305 4227; x_wconf 89' lang='lat' dir='ltr'>L:</span> <span class='ocrx_word' id='word_1_301' title='bbox 2341 4172 2669 4225; x_wconf 86' lang='lat' dir='ltr'>diminutum</span> <span class='ocrx_word' id='word_1_302' title='bbox 2711 4172 2830 4226; x_wconf 80' lang='lat' dir='ltr'>GH</span> 
     </span>
     <span class='ocr_line' id='line_1_37' title="bbox 528 4257 2824 4340; baseline -0.002 -23"><span class='ocrx_word' id='word_1_303' title='bbox 528 4264 594 4317; x_wconf 84' lang='lat'>25</span> <span class='ocrx_word' id='word_1_304' title='bbox 634 4259 959 4329; x_wconf 86' lang='lat' dir='ltr'>conprobaro</span> <span class='ocrx_word' id='word_1_305' title='bbox 996 4260 1072 4314; x_wconf 91' lang='lat' dir='ltr'>L¹</span> <span class='ocrx_word' id='word_1_306' title='bbox 1190 4264 1258 4315; x_wconf 82' lang='lat'>‘26</span> <span class='ocrx_word' id='word_1_307' title='bbox 1294 4259 1614 4340; x_wconf 76' lang='lat' dir='ltr'>palestinam</span> <span class='ocrx_word' id='word_1_308' title='bbox 1650 4260 1806 4316; x_wconf 84' lang='lat' dir='ltr'>codd.</span> <span class='ocrx_word' id='word_1_309' title='bbox 1914 4262 1982 4314; x_wconf 80' lang='lat'>27</span> <span class='ocrx_word' id='word_1_310' title='bbox 2018 4259 2262 4313; x_wconf 86' lang='lat' dir='ltr'>recedam</span> <span class='ocrx_word' id='word_1_311' title='bbox 2300 4261 2365 4315; x_wconf 93' lang='lat' dir='ltr'><em>H</em></span> <span class='ocrx_word' id='word_1_312' title='bbox 2369 4263 2382 4294; x_wconf 97' lang='lat'><strong>¹</strong></span> <span class='ocrx_word' id='word_1_313' title='bbox 2491 4257 2708 4313; x_wconf 88' lang='lat' dir='ltr'>credens</span> <span class='ocrx_word' id='word_1_314' title='bbox 2745 4260 2824 4313; x_wconf 90' lang='lat' dir='ltr'>L:</span> 
     </span>
    </p>
   </div>
   <div class='ocr_carea' id='block_1_4' title="bbox 532 4383 1555 4459">
    <p class='ocr_par' dir='ltr' id='par_1_4' title="bbox 532 4383 1555 4459">
     <span class='ocr_line' id='line_1_38' title="bbox 532 4383 1555 4459; baseline 0 -14"><span class='ocrx_word' id='word_1_315' title='bbox 532 4392 675 4445; x_wconf 88' lang='lat' dir='ltr'>enim</span> <span class='ocrx_word' id='word_1_316' title='bbox 714 4390 887 4445; x_wconf 87' lang='lat' dir='ltr'>credis</span> <span class='ocrx_word' id='word_1_317' title='bbox 926 4392 979 4447; x_wconf 79' lang='lat' dir='ltr'><strong><em>G</em></strong></span> <span class='ocrx_word' id='word_1_318' title='bbox 1050 4390 1193 4445; x_wconf 88' lang='lat' dir='ltr'>enim</span> <span class='ocrx_word' id='word_1_319' title='bbox 1230 4383 1449 4459; x_wconf 65' lang='lat' dir='ltr'>crederis</span> <span class='ocrx_word' id='word_1_320' title='bbox 1486 4392 1555 4445; x_wconf 90' lang='lat' dir='ltr'><em>H</em></span> 
     </span>
    </p>
   </div>
  </div>
 </body>
</html>
