3167 4975
342 1596 393 1633 lo

994 455 1225 506 contra
1260 452 1640 508 Nestorium
1679 453 1788 508 lib.
1819 453 1940 518 VII,
1979 457 2200 510 23-25.
2613 455 2740 520 383

447 629 641 692 circo
690 633 910 692 natus
958 633 1100 710 est,
1162 649 1249 693 ne
1296 629 1477 693 deus
1526 649 1668 694 non
1715 635 2067 695 maneret.
2146 632 2304 694 item
2349 631 2630 695 eiusdem
2677 631 2742 694 in

446 733 763 816 prooemio
833 734 1231 817 expositionis
1302 735 1614 818 euangelii
1678 735 2020 800 secundum
2081 736 2512 800 Matthaeum:
2584 739 2742 799 erat

446 825 761 919 'namque
829 839 1149 921 primum
1226 840 1744 904 necessarium
1819 840 2070 920 nobiS‚
2147 845 2228 904 ut
2301 839 2739 923 unigenitus

446 941 623 1005 deus
685 943 929 1007 nostri
984 961 1211 1008 causa
1254 943 1469 1008 homo
1524 947 1746 1008 natus
1795 948 2396 1028 cognosceretur.
2474 945 2629 1009 item
2675 945 2740 1008 in

446 1046 1005 1129 consequentibus:
1077 1049 1159 1112 ad
1230 1049 1302 1112 id
1362 1049 1553 1130 quod
1615 1049 1794 1113 deus
1857 1053 2046 1131 erat,
2117 1050 2358 1130 homo,
2420 1049 2492 1112 id
2551 1050 2741 1130 quod

444 1155 597 1216 tum
644 1170 786 1217 non
834 1156 1021 1233 crat,
1068 1154 1527 1236 gigneretur.
1604 1155 1758 1218 item
1789 1155 1854 1218 in
1887 1154 2134 1218 eodem:
2181 1154 2494 1218 tertium
2542 1153 2741 1218 dein-

445 1274 615 1338 ceps
662 1256 853 1321 illud
902 1274 1309 1341 congruum
1354 1257 1527 1338 fuit,
1573 1262 1682 1338 ut,
1732 1259 1904 1340 quia
1951 1260 2130 1323 deus
2177 1258 2391 1324 homo
2438 1259 2738 1342 genitus

444 1362 514 1424 in
588 1361 886 1442 mundo,
968 1365 1031 1426 et
1096 1365 1320 1426 cetera.
1398 1362 1553 1426 haec
1623 1363 1878 1445 quidem
1949 1382 2150 1446 pauca
2219 1367 2370 1427 sunt
2435 1363 2511 1427 de
2579 1364 2733 1426 satis

444 1465 681 1546 multiS,
744 1466 853 1529 sed
914 1469 1130 1530 tamen
1192 1467 1369 1531 uides
1430 1467 1624 1531 etiam
1685 1487 1759 1532 ex
1826 1467 1923 1532 his
1987 1486 2146 1551 quae
2213 1467 2501 1548 diximuS,
2577 1466 2739 1549 quod

443 1570 653 1651 palam
702 1573 765 1634 et
820 1571 1142 1636 euidenter
1204 1575 1424 1636 natum
1486 1591 1559 1635 cx
1606 1571 1812 1636 Maria
1858 1572 2045 1636 deum
2089 1573 2428 1655 praedicat.
2508 1575 2572 1636 et
2631 1570 2738 1634 ubi

444 1675 597 1738 illud
645 1678 855 1740 tuum:
916 1693 1057 1740 non
1104 1675 1355 1759 potuit
1414 1680 1764 1741 creatura
1821 1694 2080 1760 parere
2142 1681 2587 1756 creatorem,
2649 1679 2736 1740 et:

444 1779 633 1860 quod
680 1783 933 1844 natum
982 1783 1095 1844 est
1142 1800 1223 1844 ex
1278 1799 1526 1860 carne,
1591 1800 1760 1846 caro
1825 1785 1981 1845 est?
2043 1781 2302 1865 longum
2350 1784 2446 1844 est
2491 1781 2566 1844 de
2613 1781 2740 1844 sin-

444 1885 605 1966 gulis
666 1885 947 1967 personis
1016 1885 1455 1950 conuenientia
1516 1886 1749 1950 dicere:
1822 1887 2210 1950 enumeratio
2277 1886 2478 1969 magis
2549 1903 2737 1967 quam

446 1991 754 2054 exsecutio
803 1990 1112 2055 dictorum
1160 1990 1403 2074 agenda
1452 1993 1567 2071 est,
1631 1991 1780 2073 quia
1839 1989 1958 2054 sibi
2005 1991 2084 2054 ad
2129 1990 2593 2054 exsecutionem
2641 1990 2738 2054 sui

366 2118 392 2156 5
442 2093 579 2174 ipsa
625 2094 963 2159 sufficiunt.

527 2199 723 2262 XXV.
772 2198 1167 2280 AmbrosiuS,
1216 2199 1479 2264 eximius
1528 2199 1626 2262 dei
1666 2199 1977 2280 sacerdoS,
2026 2200 2132 2282 qui
2180 2219 2218 2263 a
2261 2217 2454 2264 manu
2501 2199 2738 2262 domini

444 2320 569 2366 non
614 2303 911 2367 recedens
960 2304 1022 2368 in
1072 2305 1169 2368 dci
1230 2323 1479 2387 semper
1523 2303 1720 2387 digito
1765 2304 1945 2386 quasi
1992 2323 2246 2387 gemma
2305 2303 2610 2383 rutilauit,
2672 2304 2736 2367 in

442 2407 596 2471 libro
643 2407 749 2490 qui
797 2413 893 2472 est
938 2409 1014 2472 ad
1059 2408 1341 2494 uirgines
1382 2409 1475 2473 ita
1504 2413 1840 2474 memorat:
1889 2409 2276 2474 fraternus
2323 2427 2527 2472 meus
2575 2426 2737 2472 can-

442 2513 656 2577 didus
720 2516 790 2577 et
848 2514 1159 2596 rubeuS,
1224 2515 1585 2579 candidus
1649 2514 1824 2597 quia
1882 2515 2120 2598 patris
2187 2515 2543 2597 splendor
2604 2518 2737 2594 est,

442 2616 716 2681 rubeus
779 2620 953 2699 quia
1013 2624 1274 2703 partus
1337 2623 1454 2683 est
1515 2619 1856 2702 uirginis.
1935 2622 2308 2683 memento
2369 2620 2736 2683 tamenin

444 2740 525 2785 eo
565 2723 991 2805 antiquiora
1031 2724 1467 2789 diuinitatis
1508 2724 1846 2807 insignia
1883 2741 2100 2805 quam
2131 2723 2464 2806 corporis
2497 2742 2737 2787 sacra-

442 2830 709 2891 menta.
809 2847 951 2893 non
1020 2829 1213 2893 enim
1284 2829 1533 2913 coepit
1609 2847 1688 2892 ex
1757 2829 2085 2912 uirgine,
2163 2828 2290 2891 sed
2359 2828 2482 2910 qui
2557 2832 2736 2908 erat,

444 2933 652 2996 uenit
710 2932 783 2997 in
846 2934 1235 3017 uirginem.
1314 2934 1469 2997 item
1516 2934 1712 3017 ipsius
1775 2932 1840 2997 in
1901 2933 2112 2997 natale
2160 2932 2422 2997 domini:
2485 2932 2732 2996 uidete

445 3036 885 3101 miraculum
954 3037 1216 3102 matris
1286 3037 1736 3102 dominicae:
1805 3038 2016 3121 uirgo
2084 3037 2456 3120 concepit,
2524 3036 2735 3119 uirgo

366 3166 391 3205 r,
442 3141 767 3223 peperit,
842 3142 1053 3226 uirgo
1128 3160 1289 3206 cum
1364 3143 1754 3225 parturiit,
1830 3142 2042 3225 uirgo
2111 3142 2448 3225 grauida,
2526 3141 2734 3224 uirgo

444 3250 613 3328 post
654 3249 983 3330 partum,
1046 3247 1245 3311 sicut
1288 3248 1363 3311 in
1408 3246 1804 3311 Ezechiele
1849 3247 2154 3311 dicitur:
2203 3251 2276 3310 et
2321 3250 2533 3329 porta
2578 3250 2736 3309 erat

651 3453 709 3521 2]
746 3454 847 3507 hoc
882 3453 1215 3523 prooemium
1252 3453 1411 3508 hodie
1454 3469 1559 3507 non
1608 3456 1778 3507 extat:
1827 3453 1893 3508 cf.
1929 3453 2128 3522 Migne,
2160 3453 2363 3507 Patrol.
2398 3452 2516 3507 Lat..
2551 3452 2731 3517 VIIII,

443 3558 493 3609 p.
532 3543 650 3595 912.
763 3540 851 3610 18]
891 3540 935 3605 1,
972 3544 1056 3597 46.
1131 3540 1284 3596 Cant.
1312 3544 1361 3604 5,
1392 3544 1457 3597 10
1494 3540 1698 3610 (LXX).
1806 3541 1898 3610 23]
1936 3541 1963 3594 ’ἓ
1989 3540 2016 3594 ⁸?
2122 3542 2212 3611 26]
2251 3540 2436 3594 Ezech.
2463 3544 2548 3605 44,
2574 3544 2620 3595 2.

537 3718 561 3769 l
614 3730 680 3767 ne
723 3728 831 3768 non
874 3714 1003 3768 deus
1046 3716 1236 3770 Hilar.
1344 3714 1401 3768 in
1450 3714 1688 3769 eiusdem
1735 3714 1792 3768 in
1839 3716 1915 3769 M
2011 3718 2045 3770 2
2093 3715 2239 3785 §mio
2275 3714 2352 3769 M
2411 3716 2650 3784 proemio
2689 3734 2732 3785 Ρ

444 3801 745 3870 euuangelii
768 3821 811 3872 Ρ
918 3802 1193 3855 matheum
1220 3803 1287 3859 N
1350 3802 1561 3856 mathm
1584 3820 1630 3872 Ρ
1735 3804 1768 3856 6
1806 3802 1968 3855 tercio
1996 3802 2072 3857 M
2169 3805 2200 3856 ’ἲ
2240 3802 2462 3872 congru!
2475 3818 2670 3870 gruum
2687 3821 2732 3872 p

444 3892 478 3943 8
512 3888 643 3942 haec
681 3888 923 3958 quidem]
960 3888 1207 3957 equidem
1245 3891 1322 3945 Μ
1456 3892 1517 3945 11
1559 3894 1616 3943 et
1650 3907 1751 3945 om.
1791 3890 1867 3943 M
2004 3891 2068 3945 12
2113 3892 2194 3941 est
2236 3896 2362 3943 ante
2396 3904 2458 3941 ex
2493 3906 2592 3944 om.
2633 3890 2732 3960 ΝΡ

447 3978 513 4030 13
548 3976 928 4029 οουιιοιιὶοιιοίῑί
952 3978 1028 4031 Μ
1145 3978 1209 4032 14
1246 3976 1488 4030 execucio
1516 3993 1562 4046 Ρ
1679 3975 2128 4029 exsecusationem
2159 3977 2236 4031 Μ
2298 3976 2660 4029 executionem
2689 3994 2733 4047 Ρ

447 4064 513 4117 16
550 4062 633 4116 dei
670 4080 772 4119 om.
820 4063 895 4118 Μ
994 4062 1224 4131 domini]
1262 4063 1347 4117 dei
1384 4064 1459 4119 Μ
1559 4066 1624 4119 18
1660 4062 1932 4116 fratruelis
1969 4063 2035 4117 N
2039 4064 2058 4098 ²
2174 4062 2341 4116 frater
2377 4064 2477 4118 Mv
2583 4066 2649 4119 19
2683 4070 2734 4133 ct

444 4152 513 4205 20
549 4148 741 4205 robeus
778 4151 847 4206 N
848 4154 863 4187 ¹
975 4154 1038 4206 19
1075 4154 1159 4204 est
1193 4169 1296 4207 om.
1322 4153 1569 4207 Ambrae.
1679 4153 1750 4206 20
1787 4150 2090 4219 antiquiora
2124 4150 2180 4204 in
2216 4166 2278 4203 eo
2301 4152 2403 4205 Ma·
2505 4153 2573 4205 22
2610 4152 2735 4217 quia

444 4252 551 4289 non
587 4238 763 4305 coepit
798 4254 830 4290 a
865 4238 1116 4293 Ambros.
1273 4238 1417 4309 cepit
1452 4239 1591 4293 ΝΜ
1677 4238 1818 4307 cepit
1844 4254 1890 4307 Ρ
2042 4240 2110 4293 23
2147 4237 2320 4291 natele
2355 4239 2422 4292 N
2500 4237 2666 4291 natali
2701 4257 2734 4293 v

442 4326 511 4379 25
536 4340 659 4395 cum
696 4325 784 4381 N:
820 4344 923 4381 om.
962 4326 1037 4379 M
1100 4324 1227 4379 dum
1260 4344 1303 4395 Ρ
1445 4326 1680 4393 parturit
1715 4326 1854 4395 Mpv
1992 4327 2060 4379 26
2095 4324 2412 4379 hiezechiele
2447 4326 2514 4380 N
2602 4326 2732 4379 ieze-

444 4411 609 4465 chiele
639 4432 684 4482 Ρ
792 4416 845 4465 et
881 4431 984 4469 om.
1013 4431 1058 4482 p

2315 4500 2411 4551 32*
