3167 4975
553 432 762 488 LVIII

554 600 935 665 recensionis
997 601 1164 665 haud
1211 620 1412 684 pauca
1467 603 1737 685 uestigia
1784 608 1952 682 sunt,
2016 603 2091 665 ad
2140 604 2403 666 alteram
2450 600 2574 662 KZ
2624 606 2687 665 et
2740 599 2841 677 02,

552 706 615 770 id
649 710 748 769 est
793 711 1100 770 corrector
1132 706 1240 788 qni
1286 706 1450 769 hanc
1481 707 1713 771 codicis.
1754 712 1999 790 partem
2046 708 2122 771 ad
2156 708 2470 789 exemplar
2503 707 2843 789 quoppiam

553 811 830 874 familiae
879 810 1202 874 deterioris
1250 810 1763 875 conformandam
1813 811 2107 893 suscepit.
2184 811 2411 875 harum
2458 811 2842 875 familiarum

552 915 884 979 diuersitas
933 915 1126 978 etiam
1173 915 1237 979 in
1285 914 1667 979 editionibus
1714 915 2114 997 conspicitur.
2182 934 2327 979 nam
2374 934 2519 978 cum
2566 914 2840 997 Cuyckio

553 1024 803 1083 tantum
866 1019 1010 1082 libri
1071 1020 1452 1083 recensionis
1523 1018 1731 1081 02KZ
1788 1023 2039 1102 praest-o
2100 1020 2363 1099 fuerint,
2434 1020 2499 1083 in
2571 1020 2841 1084 edit-ione

553 1124 856 1203 Romana,
918 1142 1303 1206 quamquam
1353 1142 1584 1207 magna
1632 1143 1703 1187 ex
1748 1128 1925 1205 parte
1973 1142 2115 1187 cum
2165 1124 2423 1207 Cuyckii
2481 1124 2841 1187 recensione

551 1228 858 1311 congruit,
921 1232 1134 1291 tamen
1199 1229 1390 1292 etiam
1438 1228 1767 1291 meliorum
1830 1228 2134 1292 librorum
2198 1228 2542 1311 scripturae
2604 1229 2840 1291 multae

551 1336 836 1415 recept-ae
899 1336 1065 1396 sunt.
1145 1333 1470 1413 utriusque
1535 1336 1749 1395 autem
1818 1333 2095 1396 familiae
2163 1333 2463 1396 lectione-s
2525 1336 2619 1396 tot
2684 1332 2837 1396 locis

551 1440 874 1519 tantopere
939 1437 1288 1515 discedunt,
1349 1442 1440 1517 ut,
1503 1436 1627 1499 uisi
1674 1438 1932 1501 alterius
1995 1440 2237 1501 textum
2283 1437 2631 1520 genuinum
2692 1440 2757 1501 et
2802 1455 2841 1500 a

551 1540 850 1605 Cassiano
912 1542 1046 1625 ipso
1107 1542 1478 1624 profectum,
1541 1542 1800 1605 alterius
1847 1543 2134 1605 consulto
2188 1542 2639 1624 interpolatum
2700 1561 2839 1605 esse

549 1662 660 1727 pro
722 1650 890 1709 certo
952 1644 1374 1723 confirmet-ur,
1438 1646 1643 1709 omnis
1704 1645 1863 1710 ratio
1926 1647 2078 1709 artis
2143 1646 2397 1709 criticae
2457 1645 2839 1709 labefactata

550 1750 823 1813 uacillet.
871 1750 1209 1833 seligendis
1258 1750 1426 1813 enim
1471 1769 1582 1832 pro
1640 1750 1908 1833 singulis
1954 1750 2107 1814 locis
2155 1750 2481 1833 scripturis
2528 1750 2632 1813 hic
2679 1750 2835 1814 nihil

550 1854 842 1934 efficitur,
890 1872 1033 1917 cum
1065 1854 1529 1937 interpolatoris
1579 1854 1881 1918 sedulitas
1912 1874 2046 1917 rem
2090 1858 2219 1917 tam
2254 1854 2585 1917 artificiose
2618 1855 2835 1937 egerit,

548 1962 638 2039 ut,
687 1959 742 2022 si
788 1958 920 2022 eius
953 1959 1229 2023 recensio
1263 1959 1397 2023 sola
1435 1959 1621 2023 hodie
1669 1962 2026 2041 superesset
2059 1961 2167 2021 aut
2199 1959 2629 2040 unusquisque
2662 1959 2835 2023 locus

547 2062 680 2144 ipse
726 2082 836 2145 per
883 2082 949 2125 se
997 2066 1244 2127 tantum
1286 2063 1806 2142 consideraretur,
1854 2062 2012 2127 nihil
2060 2062 2314 2126 omnino
2361 2062 2722 2127 offensionis
2770 2064 2835 2126 in

547 2166 757 2230 uerbis
803 2167 936 2231 eius
986 2171 1116 2231 tam
1163 2168 1386 2231 callide
1427 2168 1768 2251 conpositis
1816 2168 2225 2231 inueniretur.
2274 2168 2398 2231 alia
2442 2167 2633 2249 igitur
2680 2168 2833 2231 artis

545 2272 798 2335 crit-icae
845 2273 949 2335 uia
995 2274 1056 2335 in
1103 2272 1224 2335 hac
1269 2278 1448 2355 parte
1489 2272 1898 2356 ingredienda
1942 2275 2058 2352 est,
2106 2275 2197 2351 ut,
2245 2273 2369 2335 utri
2416 2272 2693 2335 familiae
2724 2292 2833 2354 per

545 2380 747 2439 totum
795 2396 950 2459 opus
994 2378 1189 2440 maior
1233 2378 1388 2440 fides
1436 2377 1756 2457 debeatur,
1805 2396 1993 2459 quam
2028 2377 2397 2440 certissimis
2444 2376 2577 2439 fieri
2624 2380 2833 2459 potest·

545 2482 933 2565 argumentis
981 2485 1270 2546 accurate
1317 2501 1790 2566 cognoscamus,

630 2587 848 2668 Itaque.
897 2591 968 2650 ut·
1013 2586 1090 2649 ab
1140 2587 1230 2650 eis
1279 2606 1437 2668 quae¹
1485 2589 1787 2652 momenti
1836 2587 2196 2671 grauissimi
2244 2591 2395 2650 sunt
2432 2587 2831 2667 incipiamUS‚

543 2690 780 2771 aliquot
827 2691 942 2754 loci
992 2691 1302 2773 longiores
1351 2691 1414 2755 in
1462 2691 1705 2774 131³(OE
1758 2693 1957 2756 multo
2006 2691 2189 2754 aliter
2235 2695 2423 2772 atque
2469 2691 2535 2753 in
2582 2688 2741 2771 KZ(
2744 2687 2825 2773 O)

541 2795 862 2877 conparati
921 2798 1086 2858 sunt.
1167 2795 1319 2858 dicit
1367 2795 1708 2859 Cassianus
1758 2797 1930 2860 Gonl.
1966 2796 2236 2875 XVIIII,
2280 2794 2307 2856 1
2360 2815 2427 2858 se
2483 2799 2830 2858 conuentus

539 2899 865 2962 cuiusdam
901 2900 1352 2964 monachorum
1399 2900 1534 2963 ideo
1568 2901 1952 2964 mentionem
1984 2901 2229 2978 fecisse,
2280 2903 2349 2962 ut
2380 2899 2582 2982 patie
2598 2900 2828 2962 utiam

541 3003 872 3066 cuiusdam
919 3005 1152 3084 fratriS‚
1199 3023 1361 3086 quae
1409 3003 1695 3067 inmobili
1728 3005 1861 3067 eius
1908 3005 2134 3068 claruit
2166 3004 2509 3084 lenitate,
2558 3003 2833 3066 breuiter

541 3109 1008 3191 perstringeret.
1083 3129 1182 3172 res
1231 3114 1444 3172 autem
1491 3110 1629 3192 ipsa
1676 3110 1737 3172 in
1786 3108 2103 3172 codicibus
2152 3108 2241 3172 ita
2286 3109 2531 3170 diuerse
2580 3111 2833 3171 narrata

539 3215 654 3290 est,
697 3216 768 3274 ut
800 3213 862 3275 in
897 3214 1094 3277 altera
1123 3219 1301 3296 parte
1333 3218 1506 3278 stent.
1535 3213 1693 3296 BF(
1704 3212 1876 3296 ΨΒ,
1910 3213 1975 3276 in
2008 3214 2205 3276 altera
2234 3211 2399 3296 KZ(
2402 3213 2509 3297 Ο).
2560 3213 2833 3276 sufficiet.

541 3319 751 3380 tamen
801 3317 994 3380 uerba
1039 3318 1319 3381 codicum
1371 3316 1569 3378 1301<
1606 3319 1769 3381 inter
1817 3337 1883 3380 se-
1930 3321 2268 3400 conpa'rata
2312 3336 2561 3400 ponere.

1147 3493 1318 3556 Conl.
1355 3493 1627 3574 XVIIII,
1667 3493 1721 3570 l,
1756 3493 1796 3554 2
1840 3513 1901 3576 p.
1935 3492 2083 3572 534,
2118 3491 2220 3556 20.

879 3631 920 3682 B
1654 3629 1697 3683 0
2432 3630 2481 3682 Κ

621 3735 700 3795 In
745 3735 986 3819 inqenti
1027 3735 1244 3819 itaque
1417 3735 1791 3822 Inyentibus
1811 3736 2025 3820 itaque
2198 3736 2277 3798 In
2320 3736 2565 3821 inyenti
2610 3737 2827 3820 itaque

536 3839 714 3900 atrio
747 3838 1096 3902 subdiuali
1126 3838 1248 3901 illa
1329 3839 1505 3902 atrio
1529 3839 1879 3902 subcliuali
1906 3839 2028 3902 illa
2114 3888 2129 3902 .
2152 3889 2165 3902 .
2188 3889 2201 3902 .
2222 3862 2560 3902 numerum
2582 3841 2825 3924 (mnne-

535 3945 990 4006 monacho‘rum
1027 3943 1244 4005 multi·
1327 3947 1785 4008 monachornm
1810 3943 1973 4006 mult
1984 3944 2027 4006 i-
2120 3966 2189 4004 ro
2230 3964 2421 4009 manu
2463 3943 2525 4026 l)
2563 3943 2825 4006 distinc-

535 4048 899 4134 tudiucper
920 4047 1244 4110 duodena-
1330 4049 1558 4112 tudine
1566 4048 2025 4134 percluodcna-
2114 4049 2196 4111 tis
2246 4069 2281 4110 ο
2300 4071 2333 4110 ι·
2346 4047 2565 4111 bibus
2620 4049 2824 4110 consi-

539 4153 711 4215 rium
761 4175 1102 4216 nume-rum
1149 4153 1195 4215 d
1203 4153 1245 4214 i·
1331 4154 1508 4216 rin-m
1545 4175 1888 4216 nmncrnm
1930 4154 2024 4216 ‹zi-
2112 4152 2295 4215 (lente
2315 4175 2485 4216 cum.
2501 4200 2515 4214 .
2530 4199 2545 4214 .
2564 4152 2825 4215 intulis·

531 4258 786 4320 stae’nctis
869 4281 902 4320 ο
930 4256 1126 4319 rbib
1147 4279 1244 4319 us
1328 4257 2027 4320 uindicet-dinibus
2110 4268 2221 4334 set,
2253 4257 2391 4319 sub
2418 4256 2823 4320 occasione

533 4362 896 4425 considente
928 4385 1068 4424 cum
1107 4363 1246 4446 qui·
1337 4362 1446 4447 (=
1521 4365 1584 4448 v)
1663 4361 2029 4426 considente
2117 4362 2357 4425 istius
2398 4361 2823 4424 tarditatis
