3167 4975
520 407 604 472 32
1336 406 1652 462 Iohannis
1700 406 2001 462 Cassiani

518 585 867 670 Aegyptios
920 605 1129 670 genua
1182 605 1304 652 non
1362 588 1632 669 curuati,
1691 586 1800 651 sed
1856 605 1935 650 ne
1989 587 2141 651 totis
2195 586 2450 668 quidem
2496 584 2816 668 Quinqua-

518 691 843 774 gensimae
867 691 1108 774 diebuS,
1142 709 1257 756 nec
1281 692 1581 757 custodiri
1606 692 1672 756 in
1698 692 1787 755 eis
1812 691 2188 756 ieiuniorum
2211 691 2514 775 regulam.
2549 708 2817 773 quarum

520 813 731 860 rerum
778 797 938 861 ratio
986 815 1099 861 suo
1145 797 1280 862 loco
1326 797 1391 861 in
1440 797 1900 862 conlationibus
1947 798 2284 878 seniorum,
2333 815 2478 860 cum
2525 797 2815 861 dominus

520 901 795 982 iusserit,
844 906 1200 984 exponetur.
1252 921 1419 966 nunc
1464 903 1858 985 propositum
1903 901 2086 966 nobis
2134 906 2231 966 est
2269 919 2492 966 causas
2533 905 2815 966 tantum-

520 1007 703 1070 modo
726 1006 905 1070 breui
930 1007 1285 1072 narratione
1310 1025 1692 1090 percurrere,
1725 1025 1804 1071 ne
1827 1007 2207 1090 castigatum
2235 1007 2492 1071 modum
2517 1007 2811 1071 uolumen
2893 1022 2920 1060 ⁵

518 1111 821 1174 excedens
869 1114 978 1175 aut
1024 1112 1277 1176 fastidio
1323 1112 1643 1196 legentem
1689 1114 1906 1176 oneret
1951 1115 2062 1176 aut
2106 1111 2336 1175 labore.

1252 1473 1553 1558 LIBER
1625 1473 2060 1559 TERTIUS.

598 1629 729 1694 DE
791 1627 1273 1697 OANONIOO
1335 1631 1913 1698 DIURNARUM
1975 1629 2540 1696 ORATIONUM
2599 1630 2723 1695 ET

1194 1751 1780 1819 PSALMORUM
1841 1752 2136 1818 MODO.

1428 1913 1892 1965 CAPITULA.
2861 1929 2912 1966 10

599 2049 649 2112 I.
699 2049 795 2113 De
841 2051 1266 2116 sollemnitate
1312 2051 1501 2117 horae
1550 2052 1794 2128 tertiae,
1851 2055 2060 2115 sextae
2109 2051 2210 2116 uel
2257 2069 2477 2132 nonae,
2533 2068 2696 2134 quae
2742 2051 2806 2116 in

512 2153 727 2237 Syriae
772 2155 1057 2238 partibus
1104 2155 1538 2221 obseruantur.

598 2259 681 2322 II.
734 2258 911 2340 Quod
954 2261 1120 2343 apud
1150 2259 1497 2345 Aegyptios
1540 2261 1676 2325 sine
1717 2260 2013 2325 horarum
2055 2260 2428 2325 discretione
2459 2279 2570 2344 per
2601 2264 2806 2325 totum

513 2363 681 2427 diem
727 2382 873 2428 cum
918 2366 1121 2448 operis
1168 2366 1513 2431 adiectione
1562 2369 1628 2430 et
1671 2364 2058 2429 orationibus
2105 2366 2334 2450 iugiter
2373 2365 2704 2430 insistatur
2743 2371 2808 2430 et

511 2469 794 2551 psalmis.
2860 2502 2912 2542 ιε

597 2574 715 2638 III.
772 2574 950 2655 Quod
1006 2595 1115 2659 per
1170 2593 1422 2641 omnem
1469 2574 1792 2641 Orientem
1849 2576 2239 2641 sollemnitas
2294 2577 2536 2658 tertiae,
2593 2580 2802 2641 sextae

512 2679 614 2742 uel
660 2697 861 2744 nonae
909 2680 1091 2744 trinis
1138 2682 1391 2745 tantum
1430 2681 1696 2764 psalmis
1736 2684 1799 2744 et
1838 2680 2228 2745 orationibus
2268 2680 2544 2763 finiatur,
2591 2686 2655 2745 et
2695 2700 2805 2745 cur

513 2784 845 2867 specialius
891 2784 1033 2848 ist-is
1078 2784 1250 2849 horis
1296 2786 1451 2849 haec
1498 2784 1810 2868 spiritalia
1857 2785 1984 2849 sint
2029 2784 2236 2849 officia
2279 2785 2597 2868 deputata.

597 2889 746 2952 IIII.
798 2887 975 2969 Quod
1021 2890 1336 2954 matutina
1382 2889 1777 2954 sollemnitas
1823 2908 1948 2955 non
1995 2891 2256 2972 antiqua
2299 2888 2632 2954 traditione
2675 2893 2804 2955 sta-

510 2996 651 3056 tuta
696 2992 800 3071 sit,
847 2993 956 3057 sed
1003 2998 1215 3059 nostro
1261 2998 1543 3078 tempore
1591 3012 1702 3077 pro
1749 2998 1922 3059 certa
1967 3012 2158 3058 causa
2204 2993 2288 3057 sit
2333 2994 2689 3058 adinuenta.
2855 3034 2906 3071 ,ο

596 3098 671 3161 V.
722 3097 899 3178 Quod
952 3101 1097 3181 post
1150 3098 1499 3163 matutinas
1557 3099 1871 3164 orationes
1927 3099 2006 3163 ad
2061 3116 2354 3163 somnum
2398 3099 2626 3173 reuerti
2676 3116 2800 3162 non

510 3204 812 3284 oporteat.

718 3358 775 3427 3]
814 3356 879 3412 cf.
908 3356 1057 3413 Conl.
1085 3358 1229 3423 XXI,
1259 3360 1319 3414 11
1362 3374 1475 3427 sqq.

599 3499 627 3552 1
667 3498 1173 3567 quinquagensimae
1204 3498 1346 3553 GH:
1369 3496 1838 3566 quinquagesimae
1875 3496 1924 3564 (e
1959 3499 2024 3551 in
2045 3496 2178 3565 rae.)
2203 3497 2256 3551 L
2362 3498 2395 3552 2
2429 3496 2696 3551 custodire
2726 3498 2800 3552 G1

508 3586 543 3639 4
580 3583 733 3638 nobis
770 3588 853 3639 est
893 3584 1034 3640 GH:
1070 3588 1153 3638 est
1190 3584 1341 3638 nobis
1379 3586 1465 3639 Lv
1572 3586 1607 3639 6
1643 3583 1860 3636 excedat
1895 3584 1972 3653 (at
2006 3585 2070 3639 in
2103 3602 2212 3639 ras,
2237 3602 2306 3638 m.
2331 3582 2388 3653 2)
2417 3584 2468 3637 G
2579 3584 2802 3637 honeret

508 3671 648 3725 HL¹
754 3674 849 3725 aut
878 3671 1059 3726 labore
1084 3688 1185 3727 om.
1215 3671 1267 3725 G
1372 3670 1605 3740 Explicit
1629 3653 1748 3739 (ffb
1790 3670 1876 3724 -ΙΙ-
1911 3670 2040 3725 add.
2069 3672 2158 3739 ΙΙ)
2197 3668 2261 3723 dc
2298 3670 2548 3723 canonico
2585 3676 2800 3725 noctur-

508 3774 700 3811 narum
736 3759 1141 3827 (norturnarum
1168 3758 1261 3827 H)
1297 3758 1602 3813 orationum
1639 3762 1694 3811 et
1727 3758 2057 3827 psalmorum
2095 3757 2254 3811 modo
2283 3756 2418 3811 liber
2445 3758 2532 3811 -ΙΙ-
2559 3758 2670 3827 (-ΙῙ·
2696 3778 2797 3815 om.

508 3846 593 3913 II)
622 3846 765 3900 GH.-
799 3865 899 3902 om.
926 3847 980 3900 L
1067 3844 1345 3915 Incipiunt
1381 3844 1618 3915 capitula
1653 3845 1876 3915 (psentis
1912 3844 2036 3899 libri
2062 3845 2191 3899 add.
2223 3844 2294 3913 G)
2324 3844 2446 3899 GH
2528 3845 2801 3915 Incipiunt

507 3932 741 4001 capitula
777 3932 843 3985 de
878 3932 1016 3987 libro
1052 3933 1212 3986 tertio
1250 3948 1309 3985 ex
1346 3932 1819 4001 interpraetatione
1862 3932 2115 3986 horarum
2159 3948 2258 4001 que
2294 3932 2350 3985 in
2387 3932 2560 4000 syriae
2597 3933 2800 4001 partib:

506 4018 860 4073 obser-uantur
876 4022 929 4075 L
1028 4022 1088 4076 11
1119 4019 1395 4089 sollempn.
1416 4020 1468 4075 L
1488 4022 1742 4089 (passim)
1850 4024 2091 4073 sextaeue
2112 4034 2331 4088 nonaeq.
2353 4020 2421 4075 H
2513 4021 2575 4075 12
2596 4020 2718 4073 sirie
2737 4022 2806 4075 H

504 4110 787 4161 seruantur
823 4110 893 4162 H
1011 4110 1075 4163 13
1122 4110 1253 4176 aput
1289 4108 1364 4161 L¹
1494 4110 1557 4163 17
1595 4107 1679 4161 uel
1718 4123 1887 4161 nonae
1929 4108 2010 4161 L.-
2054 4122 2244 4177 nonoq.
2283 4109 2352 4162 H
2467 4107 2708 4176 psalmiis
2745 4109 2798 4162 L

503 4194 722 4248 finiatur
758 4197 811 4247 et
846 4193 1175 4248 orationibus
1212 4196 1281 4249 H
1382 4210 1470 4247 eor
1506 4195 1583 4249 L²
1717 4198 1782 4250 18
1826 4193 2070 4262 specialis
2107 4195 2176 4249 ΙΙ
2296 4194 2402 4247 hiis
2445 4195 2520 4248 L¹
2591 4194 2676 4247 his
2719 4195 2800 4249 L²

501 4280 668 4335 horiis
692 4282 767 4335 L¹
874 4284 1003 4335 sunt
1025 4282 1095 4338 H
1196 4280 1455 4350 deputata
1478 4280 1658 4334 officia
1682 4281 1735 4336 L
1845 4285 1908 4337 19
1944 4282 2152 4334 ratione
2177 4282 2246 4336 H
2342 4283 2412 4337 20
2437 4284 2582 4334 certa
2605 4300 2708 4337 om.
2736 4282 2805 4335 H

500 4370 566 4423 21
613 4384 897 4439 sompnum
935 4370 989 4423 L
1094 4372 1299 4423 reuerte
1336 4370 1411 4423 L¹
