3167 4975
493 439 616 502 110
1287 438 1607 492 Iohannis
1653 438 1954 493 Cassiani

487 613 778 678 monachi
827 633 948 678 non
1005 616 1210 679 solum
1270 615 1691 680 continentiae
1752 615 2044 698 rigorem,
2106 634 2330 679 uerum
2391 616 2581 679 etiam
2643 615 2773 678 sin-

486 719 878 784 cerissimum
913 721 1178 784 retinere
1225 720 1576 785 dilectionis
1624 721 1921 785 affectum
1966 721 2151 785 unius
2204 721 2605 802 eiusdemque
2652 719 2773 782 uiri

485 825 898 888 instituantur
946 825 1244 908 exemplo.
1309 825 1411 889 hic
1441 843 1715 908 namque
1748 844 1873 890 non
1906 825 2169 909 ignobili
2200 826 2500 890 oriundus
2531 824 2775 889 familia

487 930 565 992 ad
595 929 1068 1010 monasterium,
1103 931 1263 1011 quod
1300 947 1336 993 a
1366 931 1682 1012 praedicto
1714 930 1937 1013 oppido
1969 930 2169 994 ferme
2192 933 2489 1012 quattuor
2514 928 2772 993 milibus

485 1034 695 1114 distat,
744 1035 960 1097 mundi
1005 1035 1188 1098 huius
1236 1053 1306 1098 ac
1353 1039 1688 1119 parentum
1735 1035 2063 1100 affectione
2103 1039 2461 1119 contempta
2502 1053 2539 1098 a
2567 1035 2773 1118 pueri-

484 1138 649 1202 libus
697 1140 878 1202 annis
926 1139 1185 1222 aufugit.
1258 1139 1366 1204 ubi
1413 1140 1502 1204 ita
1545 1141 1713 1204 uitae
1762 1158 1913 1204 suae
1954 1159 2208 1204 omnem
2242 1141 2445 1224 exegit
2478 1143 2772 1219 aetatem,

485 1247 554 1307 ut
599 1261 946 1325 numquam
991 1262 1244 1327 prorsus
1290 1263 1400 1326 per
1446 1247 1611 1308 totos
1658 1245 2115 1329 quinquaginta
2160 1263 2357 1309 annos
2404 1262 2529 1309 non
2569 1245 2774 1308 solum

483 1349 714 1428 uicum,
780 1368 851 1412 ex
912 1367 1034 1430 quo
1083 1367 1372 1432 egressus
1421 1354 1536 1430 est,
1600 1367 1717 1414 nec
1760 1349 1955 1414 fuerit
1999 1351 2321 1434 ingressus
2367 1369 2481 1414 nec
2527 1350 2773 1430 uiderit,

483 1453 594 1516 sed
639 1473 716 1516 ne
765 1454 1132 1535 cuiusquam
1179 1453 1434 1535 quidem
1479 1454 1751 1518 feminae
1800 1456 1901 1519 uel
1948 1455 2143 1537 ipsius
2194 1455 2410 1519 matris
2444 1473 2594 1518 suae
2627 1473 2775 1518 con-

483 1559 754 1640 spexerit
799 1558 1065 1621 uultum.
1145 1559 1384 1622 interea
1426 1562 1607 1641 pater
1653 1563 1851 1623 morte
1898 1562 2281 1642 praeuentus
2328 1563 2585 1623 centum
2632 1560 2777 1623 soli—

483 1663 704 1727 dorum
751 1662 1034 1726 debitum
1081 1662 1428 1745 dereliquit.
1507 1682 1777 1745 cumque
1807 1664 1909 1728 hic
1942 1667 2111 1728 esset
2142 1665 2313 1728 omni
2346 1664 2773 1746 iuquietudine

483 1767 732 1850 penitus
781 1768 1041 1848 alienus,
1089 1771 1304 1851 utpote
1353 1769 1459 1851 qui
1505 1770 1817 1833 uniuersis
1857 1769 2265 1833 facultatibus
2298 1771 2575 1852 paternis
2608 1774 2777 1833 esset

487 1873 763 1952 extorriS,
826 1891 862 1935 a
923 1873 1334 1936 creditoribus
1393 1877 1609 1937 tamen
1666 1873 2001 1956 inquietari
2044 1875 2451 1941 uehementer
2496 1875 2776 1957 conperit

489 1979 774 2040 matrem.
851 1979 986 2040 tum
1033 1977 1132 2041 hic
1179 1977 1255 2041 ab
1321 1979 1685 2062 euangelico
1746 1973 1853 2042 ill'o
1912 1975 2139 2061 rigore}
2199 1997 2321 2060 quo
2386 1979 2649 2043 antehac
2708 1979 2773 2042 iu

485 2085 655 2144 statu
701 2099 997 2165 prospero
1041 2081 1408 2165 parentibus
1456 2082 1818 2147 constitutis
1874 2101 1991 2146 nec
2050 2087 2294 2166 patrem
2354 2102 2422 2146 se
2482 2084 2547 2146 in
2608 2086 2776 2146 terra

485 2189 666 2250 norat
711 2185 1006 2250 habuisse
1053 2205 1168 2250 nec
1213 2191 1504 2268 matrem,
1553 2187 1806 2270 pietatis
1848 2187 2339 2252 consideratione
2372 2187 2653 2252 mollitus
2685 2188 2775 2250 ita

485 2310 550 2352 se
596 2291 826 2354 habere
875 2291 1134 2356 credidIt
1175 2295 1443 2355 matrem
1478 2292 1657 2374 eique
1690 2291 2028 2356 subuenire
2060 2292 2387 2356 festinauit
2418 2309 2771 2376 oppressae,

483 2399 556 2458 ut
587 2395 738 2459 nihil
771 2413 808 2459 a
837 2395 1156 2479 proposita
1187 2395 1576 2460 districtione
1609 2397 1865 2460 laxaret.
1913 2397 2079 2461 intra
2108 2397 2473 2460 monasterii
2504 2415 2775 2478 namque

484 2502 758 2565 claustra
801 2500 1144 2585 perdurans
1193 2502 1357 2566 soliti
1404 2503 1607 2586 operis
1662 2521 1930 2585 pensum
1992 2501 2250 2567 sibimet
2309 2503 2607 2585 triplicari
2664 2520 2775 2585 po-

483 2606 702 2688 poscit,
751 2610 812 2669 et
858 2606 944 2670 ibi
975 2625 1084 2689 per
1114 2610 1319 2671 totum
1352 2608 1500 2671 anni
1532 2608 1809 2689 spatium
1840 2606 2060 2671 diebus
2092 2608 2326 2690 pariter
2358 2608 2769 2688 noctibusque

483 2710 794 2773 desudans
843 2710 1037 2775 debiti
1082 2711 1340 2775 modum
1385 2712 1591 2795 operis
1637 2711 1863 2777 sudore
1909 2716 2162 2795 partum
2208 2712 2617 2777 creditoribus
2650 2712 2773 2777 sol—

481 2832 635 2877 uens
683 2818 950 2879 matrem
997 2816 1170 2880 omni
1229 2815 1677 2898 inquietudinis
1738 2816 1967 2881 iniuria
2026 2817 2339 2897 liberauit,
2400 2818 2489 2881 ita
2549 2836 2773 2881 eruens

485 2937 624 2981 eam
670 2918 865 2983 debiti
911 2920 1178 3001 sarcina,
1241 2924 1312 2984 ut
1373 2921 1526 2984 nihil
1592 2920 1669 2984 de
1714 2921 2018 3004 propositi
2064 2921 2268 3005 rigore
2312 2920 2452 3003 piae
2500 2922 2775 2985 necessi-

483 3023 632 3087 tatis
667 3022 930 3087 obtentu
961 3027 1282 3107 pateretur
1313 3025 1615 3089 inminui:
1662 3026 1755 3089 ita
1795 3025 2247 3090 districtionem
2281 3026 2533 3089 solitam
2564 3030 2773 3089 custo-

483 3125 656 3207 diuit,
691 3130 760 3191 ut
790 3146 1190 3210 nequaquam
1221 3128 1476 3211 pietatis
1507 3147 1665 3213 opus
1697 3130 2000 3193 maternis
2034 3128 2381 3193 uisceribus
2414 3130 2770 3213 denegaret,

482 3249 672 3311 quam
719 3251 828 3314 pro
877 3232 1106 3297 Christi
1153 3234 1412 3297 caritate
1458 3233 1635 3316 prius
1695 3234 2091 3316 despexerat,
2152 3252 2262 3317 pro
2326 3235 2459 3297 eius
2519 3252 2771 3297 rursum

481 3336 714 3417 pietate
761 3354 1161 3419 cognoscens.

567 3440 957 3504 XXXVIIII.
1007 3440 1168 3505 Cum
1213 3444 1406 3505 frater
1451 3440 1635 3505 nobis
1680 3443 1913 3526 optime
1959 3461 2140 3507 carus
2187 3442 2439 3507 nomine
2480 3442 2769 3525 Symeon,

481 3545 730 3625 penitus
763 3544 986 3609 Graeci
1025 3546 1331 3610 sermonis
1377 3546 1653 3629 ignarus,
1700 3566 1733 3610 e
1765 3547 2048 3630 partibus
2080 3548 2301 3611 Italiae
2334 3551 2769 3629 commeasset,

571 3704 596 3754 1
637 3700 810 3767 rigore
846 3702 900 3755 L
1005 3704 1039 3756 4
1075 3702 1189 3754 IIII
1231 3702 1284 3755 G
1389 3706 1421 3757 5
1459 3720 1491 3755 a
1526 3720 1629 3759 om.
1660 3703 1724 3757 H
1826 3706 1859 3757 6
1894 3702 1970 3755 ibi
2008 3705 2077 3758 H
2176 3703 2340 3771 exigit
2376 3705 2443 3757 H
2544 3705 2575 3758 7
2604 3702 2687 3756 ·L·
2718 3704 2770 3757 G

480 3790 513 3841 9
539 3802 636 3840 nec
660 3788 713 3842 L
819 3787 1160 3856 conspexitA
1219 3788 1428 3842 uultum
1457 3790 1787 3858 conspexerit
1812 3791 1865 3845 L
1976 3793 2035 3846 11
2066 3790 2359 3858 dereliquid
2380 3792 2490 3845 AL
2544 3789 2770 3843 derelin-

481 3874 598 3941 quit
633 3874 716 3929 Η1
837 3878 902 3930 12
943 3878 1133 3944 utpute
1182 3876 1420 3931 G¹H¹L¹
1545 3877 1783 3945 paternis
1832 3877 2178 3931 facultatibus
2215 3879 2303 3933 Av
2420 3880 2484 3933 13
2530 3876 2771 3946 conperit

485 3960 730 4015 GHLT:
765 3960 858 4015 ubi
919 3963 1190 4031 conspexit
1216 3964 1271 4017 A
1345 3966 1406 4019 14
1433 3962 1520 4017 hic
1545 3983 1647 4019 om.
1676 3966 1729 4019 A
1802 3964 2057 4018 antehaec
2081 3965 2152 4019 H
2204 3968 2325 4018 ante
2353 3966 2429 4019 L²
2500 3964 2555 4017 in
2579 3983 2681 4021 om.
2708 3966 2776 4019 H

484 4050 548 4103 16
585 4051 808 4102 nouerat
843 4050 1012 4105 HL²r
1121 4052 1183 4105 17
1223 4050 1372 4118 eique
1410 4052 1487 4105 ita
1522 4053 1574 4105 A
1690 4056 1752 4107 18
1804 4051 2147 4106 destrictione
2184 4054 2237 4107 L
2354 4055 2417 4109 19
2462 4051 2681 4105 solitum
2714 4052 2767 4103 A

479 4136 545 4190 21
573 4138 788 4203 partum
807 4137 948 4191 AG.-
970 4140 1216 4206 paratum
1245 4138 1416 4192 HLT
1481 4140 1548 4193 23
1574 4137 1839 4191 sarcinam
1866 4140 1939 4193 L¹
2012 4139 2130 4207 piae
2156 4157 2258 4194 om.
2282 4140 2349 4193 H
2414 4138 2769 4192 necessitaus

481 4221 546 4290 (ti
581 4224 738 4291 cras.)
763 4222 978 4292 pietatis
1002 4225 1072 4278 H
1159 4227 1226 4279 24
1263 4224 1664 4279 destrictioneln
1694 4226 1767 4280 G¹
1864 4228 1931 4281 25
1966 4228 2027 4279 ut
2052 4244 2153 4281 om.
2180 4227 2255 4281 L¹
2350 4225 2565 4295 pietatis
2588 4243 2689 4279 om.
2716 4225 2767 4279 L

480 4311 548 4363 26
573 4312 626 4363 et
651 4326 814 4379 quam
840 4312 892 4365 A
965 4311 1262 4380 dispexerat
1288 4313 1370 4366 H¹
1443 4314 1511 4368 28
1537 4312 1825 4367 XXXVIII
1845 4314 1969 4381 (sic)
1990 4315 2059 4368 H
2121 4313 2321 4367 obtimo
2348 4314 2415 4368 H
2480 4312 2683 4366 simeon
2708 4312 2777 4365 H

481 4398 547 4451 29
583 4397 752 4464 grecis
790 4398 864 4452 L¹
973 4414 1034 4451 ex
1069 4399 1122 4453 L
1229 4398 1566 4453 commiasset
1604 4402 1687 4455 H¹

2832 1583 2886 1621 10

2830 2105 2881 2144 15
