3167 4975
2436 446 2577 503 XLI

297 614 390 697 (in
435 624 670 679 morte.-
715 613 936 679 DWO
992 615 1066 677 in
1111 624 1375 677 mortem
1429 644 1496 671 τ.-
1553 615 1633 688 εἰς
1678 613 1939 697 Θάνατον,
1987 615 2063 679 cf.
2100 614 2265 679 Uict.
2302 614 2581 679 Uitensis

295 720 408 801 ΙΠ,
439 718 574 804 40).
618 719 725 801 25,
757 720 799 783 2
843 718 1145 805 (cordis).
1194 719 1298 801 30,
1331 718 1372 783 3
1423 718 1549 803 (a).
1581 718 1688 799 32,
1719 719 1763 781 4
1812 716 2257 803 (tenebrarum
2288 718 2581 803 karum).

297 824 464 904 VIII,
522 824 582 905 7,
637 824 682 887 4
737 825 988 909 (Uulg.:
1046 826 1125 889 cf.
1184 830 1402 889 contra
1453 825 1701 889 Nestor.
1761 824 1871 905 VI,
1927 823 2057 907 21).
2116 824 2325 903 VIIII,
2381 822 2484 903 29,
2542 822 2582 885 3

295 927 650 1010 (iudicium
693 929 934 1013 Ualg).
983 929 1088 1010 34,
1135 928 1176 991 2
1232 928 1735 1013 (deprimentis).
1784 930 1863 1009 X,
1910 926 1971 1009 8,
2002 928 2063 993 4.
2102 927 2203 1009 10,
2235 927 2277 991 2
2322 927 2582 1013 (propo—

291 1031 534 1116 nitur).
585 1032 685 1113 11,
725 1032 756 1093 1
811 1031 1320 1117 (beatitudinem
1366 1031 1862 1119 euanyelicam).
1910 1050 2207 1117 persaepe
2256 1033 2445 1097 etiam
2492 1033 2583 1096 la-

298 1154 493 1201 cunae
539 1137 604 1201 in
663 1134 722 1197 V
760 1142 1114 1218 occurrunt,
1171 1156 1314 1201 cum
1363 1141 1472 1202 aut
1516 1156 1716 1201 unum
1761 1138 1863 1201 uel
1910 1139 2094 1220 plura
2138 1137 2333 1201 uerba
2376 1137 2586 1201 desint

294 1246 402 1305 aut
447 1241 776 1306 enuntiata
835 1242 1083 1325 integra
1137 1243 1529 1306 omittantur.
1603 1242 1682 1305 cf.
1716 1242 1868 1322 IIII,
1906 1240 2005 1322 15,
2042 1242 2098 1305 1.
2141 1240 2246 1321 20,
2278 1240 2337 1305 3.
2383 1240 2487 1321 21,
2520 1240 2580 1306 2.

293 1346 367 1425 V,
397 1344 496 1426 10,
520 1344 582 1409 4.
615 1343 714 1425 15,
744 1345 775 1406 1
813 1348 876 1410 et
905 1344 964 1409 2.
1003 1344 1103 1425 16,
1129 1344 1171 1408 2
1204 1350 1266 1410 et
1297 1344 1356 1411 3.
1397 1344 1496 1426 18,
1522 1344 1580 1409 2.
1616 1346 1727 1425 VI,
1751 1345 1815 1427 4,
1840 1344 1899 1410 2.
1933 1346 2075 1426 VII,
2107 1345 2170 1425 4,
2202 1344 2261 1409 3.
2297 1344 2355 1409 9.
2395 1344 2495 1425 15,
2519 1345 2580 1410 4.

293 1448 396 1529 26,
437 1448 479 1511 2
523 1454 587 1513 et
622 1448 684 1513 4.
729 1448 831 1513 27.
875 1448 978 1513 28.
1022 1448 1126 1531 32,
1159 1448 1200 1513 2
1247 1450 1470 1532 (uerba
1515 1451 1579 1514 in
1639 1448 1697 1511 V
1736 1451 1973 1515 omissa
2017 1468 2055 1514 a
2099 1449 2399 1515 Cassiano
2443 1468 2585 1534 pro·
2634 1455 2641 1463 '

293 1554 458 1617 fecta
503 1572 640 1617 esse
687 1573 854 1618 nunc
899 1554 1149 1637 iudico).
1199 1555 1374 1635 VIII,
1421 1552 1522 1635 18,
1573 1554 1629 1619 1.
1678 1553 1783 1635 25,
1831 1552 1889 1618 6.
1938 1554 2147 1635 VIIII,
2194 1554 2255 1635 3,
2302 1552 2361 1617 3.
2413 1552 2471 1634 9,
2519 1552 2580 1618 2.

295 1656 394 1739 15,
440 1657 495 1720 1.
539 1658 619 1738 Χ,
659 1655 722 1738 2,
767 1656 826 1720 2.
869 1657 928 1739 3,
973 1656 1033 1722 5.
1077 1656 1138 1739 8,
1180 1658 1239 1722 5.
1291 1656 1390 1739 10,
1440 1659 1493 1722 1.
1559 1659 1719 1723 aliae
1773 1660 2035 1722 lacunae
2089 1662 2341 1742 propter
2396 1662 2585 1735 ὁμοιο-

291 1763 547 1823 τέλευτον
605 1767 778 1827 ortae
834 1767 1002 1842 sunt,
1057 1763 1258 1827 ueluti
1313 1762 1390 1843 V,
1429 1762 1530 1843 11,
1571 1760 1632 1825 5.
1682 1760 1781 1843 12,
1813 1761 1873 1827 4.
1921 1761 2021 1843 16,
2064 1762 2121 1825 2.
2164 1763 2341 1843 VIII,
2378 1761 2477 1844 18,
2518 1760 2578 1827 2.

292 1866 502 1947 VIIII,
536 1866 597 1948 6,
629 1866 690 1930 5.
730 1864 829 1947 18,
861 1866 921 1930 3.
955 1868 1034 1947 X,
1066 1865 1129 1947 5,
1161 1865 1221 1931 2.
1262 1868 1362 1948 14,
1400 1867 1452 1930 1.
1489 1886 1641 1931 num
1675 1886 1825 1931 uero
1871 1868 1947 1948 V,
1984 1866 2086 1947 12,
2118 1866 2160 1930 5
2189 1868 2387 1932 uerba
2418 1876 2583 1930 recte

296 2017 312 2031 .
347 2018 361 2031 .
397 2018 412 2033 .
445 1980 761 2047 acuatur,
810 1990 968 2053 quae
1013 1972 1080 2035 in
1122 1969 1452 2035 V¹D¹WP
1491 1972 1726 2037 omissa
1770 1976 1939 2053 sunt,
1985 1974 2154 2036 recte
2188 1992 2254 2036 se
2286 1972 2583 2053 habeant,

293 2080 503 2157 potest
549 2074 852 2139 dubitari:
899 2094 1046 2140 nam
1093 2076 1341 2137 noua-ri
1386 2098 1428 2137 a
1475 2094 1789 2158 nusquam
1836 2077 1999 2161 apud
2042 2076 2413 2141 Cassianum
2461 2078 2584 2141 nisi

293 2180 400 2244 illo
432 2180 568 2245 loco
598 2180 846 2264 legitur.
895 2185 1239 2265 praeterea,
1289 2181 1341 2243 si
1375 2200 1448 2245 ea
1494 2180 1689 2245 uerba
1719 2181 2063 2261 deleantur,
2113 2182 2215 2245 uix
2247 2181 2583 2264 quicquam

295 2284 767 2349 desiderabitur.
817 2285 1084 2367 denique
1117 2286 1450 2349 dicendum
1495 2288 1592 2349 est
1636 2305 1715 2349 ne
1761 2286 2275 2368 interpolationes
2308 2286 2583 2368 quidem,

292 2389 584 2469 quamuis
607 2389 958 2453 minutulae
991 2389 1138 2469 sint,
1162 2390 1236 2453 ·in
1272 2388 1334 2451 V
1354 2390 1607 2471 penitus
1638 2390 1873 2453 deesse.
1920 2390 1997 2454 cf.
2028 2390 2169 2469 VII,
2198 2388 2257 2470 8,
2282 2389 2325 2451 3
2358 2388 2507 2475 [etJ.
2541 2390 2581 2451 9

293 2493 693 2556 consortium
740 2492 884 2579 [ut]
931 2515 1074 2578 quc.
1123 2492 1228 2576 26,
1261 2493 1302 2557 2
1349 2493 1683 2557 habitauit
1729 2493 1878 2580 [in]
1926 2493 2148 2557 locum.
2197 2495 2373 2576 VIII,
2405 2493 2511 2576 24,
2548 2496 2578 2557 1

283 2619 528 2684 passus
581 2597 748 2685 [est]
789 2598 930 2662 sine
985 2598 1105 2681 (ita
1159 2600 1350 2663 etiam
1395 2598 1498 2681 P).
1559 2597 1663 2680 24,
1705 2599 1745 2662 3
1800 2621 1911 2661 nec
1954 2597 2103 2685 [in]
2148 2598 2581 2684 euanqelium.

293 2701 400 2784 25,
446 2701 491 2766 4
533 2701 670 2788 [et]
715 2723 823 2765 ero
871 2704 956 2787 (et
1003 2723 1036 2766 e
1083 2703 1360 2787 Uulgata
1403 2703 1765 2787 intrusum).

381 2807 742 2872 Consensus
783 2809 1067 2872 codicum
1097 2805 1272 2884 DW,
1319 2807 1548 2890 quibus
1590 2806 1644 2870 O
1675 2827 2149 2890 nonnumquam
2184 2809 2581 2893 suffragatur,

293 2913 392 2977 his
438 2913 593 2978 locis
651 2911 713 2973 V
750 2917 814 2977 et
857 2914 1114 2995 reliquis
1163 2915 1637 2996 anteponendus
1685 2933 1823 2977 esse
1870 2913 2151 2978 uidetur:
2194 2915 2345 2994 ΠΙΙ,
2397 2913 2496 2995 19,
2541 2914 2585 2976 4

291 3016 626 3080 adcurret.
659 3017 736 3098 V,
767 3017 866 3098 11,
895 3016 928 3080 7
957 3017 1176 3080 omnia
1201 3017 1543 3100 (consentit
1567 3017 1681 3099 X).
1718 3015 1822 3098 23,
1848 3017 1889 3079 2
1920 3017 2209 3080 uidentis
2243 3019 2361 3102 (ita
2392 3020 2583 3083 etiam

291 3119 420 3205 ΡΙ).
477 3122 590 3202 VI,
622 3121 684 3201 2,
717 3119 760 3184 2
798 3120 1166 3206 perdemus.
1230 3122 1372 3202 VII,
1406 3119 1510 3202 21,
1543 3121 1586 3183 4
1618 3122 1690 3182 in
1736 3131 2018 3185 mortem.
2066 3121 2169 3204 32,
2202 3123 2245 3185 4
2274 3123 2582 3208 scorpios.

295 3226 502 3307 vnn,
548 3225 650 3302 12,
690 3225 732 3290 2
777 3235 854 3289 te.
923 3230 1244 3310 praeterea
1289 3226 1540 3290 bonitas
1588 3227 1909 3310 archetypi
1955 3225 2117 3289 DW
2155 3227 2345 3291 etiam
2395 3247 2466 3291 ex
2512 3247 2583 3293 eo

291 3333 572 3414 apparet,
605 3332 768 3412 quod
795 3332 1032 3414 aliquot
1055 3332 1208 3395 locis
1234 3331 1392 3395 alter
1417 3349 1635 3395 eorum
1666 3335 1777 3396 aut
1808 3332 1978 3396 solus
2012 3336 2123 3395 aut
2153 3333 2583 3396 consentiente

291 3439 544 3500 tantum
590 3455 714 3500 uno
757 3437 1032 3500 alteroue
1064 3454 1138 3499 ex
1184 3435 1596 3500 deterioribus
1630 3454 1845 3500 ueram
1878 3437 2251 3520 scripturam
2286 3437 2580 3501 seruauit.

293 3540 446 3604 talia
477 3543 628 3604 sunt
651 3541 727 3620 V,
757 3539 859 3619 10,
884 3537 926 3602 2
957 3548 1278 3602 exarescet
1323 3537 1576 3616 WOD‘2,
1616 3538 1715 3620 10,
1749 3539 1789 3602 3
1807 3539 2154 3622 fruticant
2175 3538 2387 3621 DOX,
2419 3540 2517 3620 14,
2542 3539 2585 3603 2

290 3641 738 3724 infirmiorum
780 3642 956 3720 D1X,
1005 3644 1112 3723 VI,
1159 3643 1258 3724 11,
1306 3643 1387 3706 10
1447 3643 1741 3706 numinis
1802 3641 1959 3720 WO,
2001 3645 2143 3724 VH,
2190 3643 2267 3706 18
2315 3664 2582 3729 quaeres

305 3745 396 3822 ΠΤ,
430 3749 642 3829 VIIII,
680 3747 760 3811 19
777 3746 1100 3832 futuram
1144 3746 1228 3810 W
1249 3749 1518 3830 (scilicet
1548 3758 1837 3812 mentem:
1866 3746 2196 3832 futurum
2226 3749 2385 3829 rell.,
2416 3749 2581 3831 quod

291 3853 436 3916 ferri
481 3853 751 3936 nequit),
796 3854 876 3933 X,
908 3851 970 3932 4,
1002 3851 1043 3916 2
1073 3851 1366 3937 profecit
1397 3851 1482 3929 D,
1520 3851 1621 3934 10,
1655 3851 1697 3916 2
1728 3852 1893 3915 mihi
1921 3851 2037 3930 12¹,
2072 3853 2173 3934 10,
2214 3853 2288 3915 11
2324 3851 2583 3939 dispar-

288 3956 500 4018 siones
523 3955 611 4033 D,
642 3957 742 4038 11,
767 3958 812 4019 4
833 3966 1118 4020 satanan
1139 3954 1224 4018 D.
1253 3957 1470 4020 eadem
1497 3957 1655 4022 ratio
1682 3957 1875 4022 etiam
1901 3957 1968 4022 in
1994 3957 2459 4036 Coum—1111,
2481 3956 2581 4038 11,

289 4079 452 4142 quae
489 4080 636 4146 pars
669 4062 732 4126 in
779 4061 837 4124 V
860 4063 1054 4141 deest,
1103 4062 1450 4126 intercedit.
1501 4063 1684 4127 modo
1733 4062 1902 4126 enim
1930 4059 1999 4122 D
2028 4063 2211 4126 modo
2257 4060 2340 4124 W
2362 4081 2581 4126 uerum

290 4165 568 4245 exhibet,
615 4167 798 4232 modo
830 4167 996 4231 inter
1041 4186 1108 4230 se
1141 4167 1563 4231 consentiunt.
1632 4171 1694 4230 et
1741 4167 1806 4230 in
1836 4165 1903 4228 D
1933 4167 2187 4248 quidem
2230 4170 2400 4230 recte
2433 4167 2585 4230 scri-

287 4269 530 4334 buntur
575 4273 768 4353 praef.
812 4271 867 4353 §.
909 4271 952 4332 4
1011 4279 1286 4354 actuque
1330 4270 1506 4353 (nam
1570 4280 1753 4333 actus
1815 4272 1983 4334 idem
2044 4271 2359 4354 significat
2418 4271 2583 4352 quod

287 4372 459 4450 uita,
505 4373 973 4461 conuersatio),
1031 4375 1084 4454 I,
1116 4372 1177 4454 6,
1211 4373 1251 4436 3
1295 4395 1499 4458 super
1555 4373 1909 4459 iniquitate
1953 4373 2259 4460 9audere,
2322 4375 2371 4456 I,
2404 4373 2507 4454 23,
2540 4374 2583 4436 5
