3167 4975
1185 394 1345 448 Inst.
1385 393 1494 447 lib.
1521 393 1673 458 VIII,
1717 396 1935 450 18-20.
2582 395 2705 458 163

413 575 710 636 contrane
773 571 1166 655 scalpellum,
1227 590 1372 635 cum
1434 570 1765 636 incidenda
1827 569 2039 636 hebeti
2102 573 2233 635 acie
2281 573 2557 655 segniter
2604 591 2705 635 ex-

415 680 678 756 secaret,
725 680 1065 758 contraque
1099 676 1363 757 silicem,
1413 677 1466 741 si
1499 677 1658 740 forte
1692 695 1764 740 ex
1811 695 1885 741 ea
1916 676 2366 742 festinantibus
2398 675 2581 741 nobis
2628 677 2705 741 ad

412 780 746 844 lectionem
795 781 1034 845 tardius
1089 780 1366 845 scintilla
1410 781 1574 864 ignis
1624 781 1900 861 emicuit,
1962 781 2053 845 ita
2098 781 2550 866 indignationis
2610 783 2707 846 in-

413 885 685 967 repsisse
733 888 998 966 motum,
1047 888 1118 949 ut
1165 902 1288 949 uon
1329 884 1484 949 alias
1533 885 2071 968 perturbationem
2103 886 2337 950 mentis
2383 903 2572 967 quam
2605 887 2705 950 nel

332 1005 356 1042 5
413 994 632 1054 contra
676 989 1075 1054 insensibiles
1107 989 1405 1054 materias
1452 990 1555 1054 uel
1602 993 1769 1054 certe
1801 989 2103 1055 aduersus
2149 989 2471 1055 diabolum
2510 991 2705 1056 male-

305 1535 356 1574 10

302 2057 353 2095 15

412 1094 680 1158 dictione
721 1093 966 1178 prolata
995 1094 1271 1178 digerere
1305 1097 1492 1176 atque
1524 1112 1861 1178 enaporare
1893 1113 2242 1178 possemus
2292 1093 2701 1177 quamobrem
2752 1104 2787 1158 3

412 1201 492 1263 ad
550 1199 952 1283 perfectionis
999 1199 1328 1263 dumtaxat
1387 1199 1699 1264 rationem
1754 1218 1881 1264 non
1943 1199 2095 1264 satis
2150 1199 2425 1284 proderit
2487 1199 2705 1264 abesse

410 1305 721 1385 homineS,
780 1305 846 1368 in
892 1321 1046 1387 quos
1109 1303 1202 1367 ira
1246 1307 1598 1384 moueatur,
1662 1321 1826 1385 cum,
1889 1305 1943 1368 si
1986 1303 2295 1388 patientia
2345 1304 2520 1386 prius
2580 1323 2704 1369 non

409 1410 602 1475 fuerit
654 1409 988 1491 adquisita,
1050 1409 1241 1473 etiam
1308 1427 1456 1492 erga
1500 1427 1599 1473 res
1648 1413 1857 1473 mutas
1918 1408 2187 1473 exerceri
2232 1407 2524 1474 similiter
2582 1409 2706 1474 ira-

411 1515 674 1578 cundiae
719 1515 922 1598 possit
952 1513 1236 1595 affectuS,
1283 1513 1393 1595 qui
1437 1513 1718 1577 residens
1750 1513 1815 1578 in
1863 1513 2045 1577 corde
2086 1516 2299 1578 nostro
2346 1531 2462 1578 nec
2493 1513 2705 1597 iugem

411 1636 524 1683 nos
583 1617 901 1701 possidere
963 1617 1438 1699 tranquillitatis
1485 1621 1723 1682 statum
1786 1636 1901 1681 nec
1944 1618 2212 1682 residuis
2273 1617 2448 1682 uitiis
2494 1636 2704 1682 carere

409 1723 747 1806 permittet.
837 1721 959 1786 nisi
1021 1723 1182 1786 forte
1251 1722 1318 1786 in
1379 1739 1449 1785 eo
1519 1726 1816 1804 putemus
1878 1719 2406 1786 commotionibus
2475 1723 2703 1786 nostris

409 1828 656 1891 lucrum
701 1825 954 1909 aliquod
999 1826 1100 1890 uel
1146 1826 1494 1890 remedium
1539 1827 1885 1909 conparari,
1948 1827 2112 1908 quod
2158 1825 2703 1890 maledictionibus

411 1932 512 1995 uel
559 1930 916 1996 iracundiae
963 1933 1214 1995 nostrae
1261 1930 1521 1994 minime
1566 1949 1667 1994 res
1712 1930 2031 1994 inanimae
2077 1933 2415 2013 mutaeque
2448 1949 2703 2014 respon-

411 2038 601 2100 deant
646 2039 708 2100 et
754 2034 1306 2118 intemperantiam
1351 2034 1552 2099 cordis
1601 2034 1798 2099 nostri
1844 2035 1923 2100 ad
1970 2036 2273 2100 maiorem
2304 2053 2705 2118 nequaquam

409 2144 750 2224 prouocent
795 2140 1192 2203 exardescere
1238 2139 1464 2203 furoris
1511 2139 1846 2204 insaniam.

495 2246 634 2310 XX.
683 2244 1072 2328 Quapropter
1134 2244 1188 2307 si
1234 2243 1410 2307 illam
1473 2261 1791 2307 summam
1838 2243 2035 2308 diuini
2088 2244 2353 2326 praemii
2414 2244 2703 2328 cupimus

408 2350 703 2433 adipisci,
775 2349 850 2413 de
911 2367 1034 2430 quo
1094 2348 1348 2413 dicitur:
1422 2348 1629 2412 beati
1690 2348 1960 2412 mundo
2030 2347 2279 2428 corde,
2351 2349 2701 2430 quoniam

405 2454 555 2538 ipsi
601 2454 812 2519 deum
858 2452 1247 2535 uidebunt,
1295 2471 1422 2518 11011
1469 2453 1673 2518 solum
1718 2452 1874 2518 haec
1920 2471 1953 2517 e
1998 2452 2231 2517 nostris
2278 2452 2523 2519 actibus
2571 2472 2703 2519 am-

410 2558 686 2643 putanda
718 2561 833 2638 est,
881 2558 990 2623 sed
1021 2558 1214 2623 etiam
1261 2558 1336 2621 de
1369 2557 1633 2623 internis
1667 2558 1915 2621 animae
1944 2557 2246 2622 radicitus
2281 2558 2698 2641 exstirpanda.

407 2684 528 2730 non
589 2664 758 2729 enim
803 2663 988 2727 ualde
1033 2661 1311 2746 proderit
1368 2662 1730 2727 iracundiae
1791 2662 2105 2727 cohibitus
2152 2663 2321 2728 furor
2383 2664 2449 2728 in
2510 2663 2701 2729 uerbo

406 2788 523 2834 nec
567 2770 633 2833 in
681 2766 975 2833 effectum
1019 2767 1322 2851 prolatus,
1369 2767 1422 2831 si
1467 2766 1651 2833 illum
1698 2768 1938 2832 arcanis
1970 2768 2240 2851 pectoris
2286 2768 2485 2833 nostri
2526 2769 2700 2849 deuS‚

405 2892 594 2955 quem
641 2876 882 2937 secreta
942 2872 1224 2937 cordium
1269 2889 1396 2936 non
1440 2872 1662 2953 latent,
1725 2874 1933 2937 inesse
1977 2873 2379 2956 perspexerit.
2456 2873 2696 2937 radices
2746 2883 2781 2935 2

407 2977 576 3041 enim
607 2976 904 3041 uitiorum
948 2978 1157 3060 potius
1205 2976 1401 3041 excidi
1447 2976 1767 3061 praecepit
1808 2977 2209 3061 euangelicus
2256 2995 2463 3042 sermo
2509 2996 2699 3060 qnam

617 3122 704 3192 18]
741 3122 934 3177 Matth.
962 3126 1012 3187 5,
1038 3127 1086 3179 8.
1195 3122 1286 3192 24]
1327 3122 1392 3177 cf.
1420 3122 1615 3178 matth.
1644 3128 1693 3187 3,
1721 3126 1802 3179 10.

494 3310 518 3361 1
561 3304 854 3359 incedenda
891 3306 975 3360 H¹
1045 3273 1370 3373 incedenda*
1412 3306 1460 3371 (s
1495 3308 1655 3375 era-s.)
1693 3307 1745 3360 L
1886 3305 2057 3361 hebiti
2092 3308 2231 3362 HL¹
2374 3308 2598 3376 signiter
2634 3308 2703 3363 H

403 3396 436 3448 3
473 3392 752 3446 emicuerit
786 3392 856 3447 H
951 3393 987 3446 4
1025 3395 1174 3447 motu
1211 3393 1265 3447 L
1368 3390 1771 3462 perturbatione
1809 3395 1863 3447 L
1970 3398 2001 3449 5
2041 3392 2319 3448 diabulum
2356 3395 2441 3450 H¹
2538 3398 2571 3450 6
2607 3394 2696 3448 de-

401 3496 584 3547 gerere
609 3480 662 3535 L
757 3478 962 3548 adquae
987 3481 1057 3533 H
1155 3496 1443 3549 euapurare
1470 3482 1539 3535 H
1539 3484 1556 3517 ¹
1662 3497 1937 3550 possemus
1960 3482 2076 3536 11².-
2110 3496 2393 3550 possumus
2418 3482 2501 3537 H¹
2573 3498 2694 3551 pos-

403 3568 570 3621 simus
605 3568 720 3623 rell.
828 3570 861 3623 8
898 3566 1159 3636 sapientia
1182 3568 1251 3623 Η
1349 3568 1500 3636 prius
1525 3569 1773 3624 AHLT:
1808 3568 1959 3637 prius
1983 3569 2125 3623 inter
2152 3567 2342 3623 fratres
2371 3569 2423 3624 G
2529 3573 2563 3625 9
2600 3568 2693 3623 ad-

402 3654 608 3721 quesita
652 3654 736 3709 H¹
914 3669 998 3707 res
1042 3657 1222 3708 mutas
1272 3655 1406 3709 GL:
1451 3654 1650 3709 multas
1698 3656 1895 3724 spe-cies
1932 3658 1987 3711 A
2058 3672 2141 3709 res
2179 3659 2357 3710 mutas
2394 3656 2695 3725 speciesque

403 3741 636 3794 minutas
682 3742 852 3797 HTv:
896 3742 964 3809 cf.
1012 3742 1170 3810 infra
1213 3760 1265 3795 u.
1302 3746 1372 3796 14
1417 3758 1500 3795 res
1545 3741 1813 3796 inanimae
1850 3744 2135 3810 mutaeque
2280 3746 2343 3798 10
2380 3742 2596 3797 effectus
2634 3744 2701 3799 H

401 3827 645 3881 resedens
671 3830 740 3883 H
838 3831 898 3883 11
939 3827 1217 3896 possedere
1243 3830 1326 3883 Η1
1433 3828 1842 3897 tranquillitatis
1880 3832 2082 3883 statum
2112 3830 2355 3885 GHLT:
2393 3830 2694 3898 tranquilli-

403 3918 570 3968 tatem
607 3917 662 3969 A
772 3917 835 3971 12
879 3915 1159 3984 permittet
1199 3916 1277 3970 G:
1311 3916 1580 3984 permittit
1605 3917 1779 3972 AHT
1842 3916 2175 3985 pei-mittin*
2217 3918 2271 3972 L
2381 3919 2443 3973 13
2481 3932 2693 3986 compa-

403 4002 508 4055 rari
545 4004 656 4057 AL
767 4005 830 4059 15
868 4003 1279 4071 temperantiam
1305 4004 1374 4058 H
1476 4006 1541 4059 16
1578 4004 1902 4057 exal-discere
1928 4006 1981 4059 A
2091 4007 2154 4058 17
2192 4022 2475 4060 nanterum
2511 4022 2611 4063 om.
2643 4006 2694 4059 G

400 4089 624 4158 proemii
647 4091 700 4144 L
772 4090 1042 4158 praecepti
1061 4092 1116 4145 A
1227 4094 1290 4147 18
1316 4106 1420 4159 qua
1440 4092 1652 4147 A2L²T
1754 4093 1819 4148 19
1843 4090 1974 4145 haec
1999 4108 2026 4145 e
2046 4092 2125 4146 A:
2150 4092 2281 4145 haec
2304 4109 2337 4145 a
2359 4093 2413 4147 L
2448 4092 2609 4146 haec*
2634 4093 2699 4147 H

398 4192 428 4230 e
461 4176 660 4230 nostris
697 4176 827 4231 haec
864 4175 1071 4231 actibus
1102 4177 1153 4232 G
1224 4177 1534 4246 anputanda
1569 4181 1625 4231 A
1731 4181 1798 4233 20
1835 4182 1917 4233 est
1951 4179 2199 4234 AHLT:
2234 4182 2317 4232 est
2351 4179 2614 4234 sententia
2642 4180 2694 4234 G

399 4261 608 4316 intimis
627 4264 696 4317 H
761 4262 928 4316 animi
946 4264 1000 4318 L
1095 4264 1281 4333 extirp.
1301 4265 1446 4320 (ΡΗ
1534 4267 1603 4319 22
1623 4262 1773 4318 illam
1793 4266 1860 4320 H
1950 4265 2194 4319 archanis
2218 4266 2346 4320 G¹L
2440 4269 2509 4322 23
2528 4260 2694 4321 cordi*

403 4352 586 4403 nostro
622 4349 674 4416 (0
710 4351 804 4405 alt.
831 4351 894 4404 in
929 4349 947 4402 i
988 4351 1196 4418 mutat.)
1233 4366 1340 4404 non
1376 4351 1430 4405 L
1535 4350 1731 4405 radicis
1766 4352 1841 4405 L¹
1951 4354 2017 4407 24
2052 4352 2315 4421 praecipit
2351 4354 2475 4407 ΑΗ
