<?xml version="1.0" encoding="UTF-8"?>
<!DOCTYPE html PUBLIC "-//W3C//DTD XHTML 1.0 Transitional//EN"
    "http://www.w3.org/TR/xhtml1/DTD/xhtml1-transitional.dtd">
<html xmlns="http://www.w3.org/1999/xhtml" xml:lang="en" lang="en">
 <head>
  <title>
</title>
<meta http-equiv="Content-Type" content="text/html;charset=utf-8" />
  <meta name='ocr-system' content='tesseract 3.04.00' />
  <meta name='ocr-capabilities' content='ocr_page ocr_carea ocr_par ocr_line ocrx_word'/>
</head>
<body>
  <div class='ocr_page' id='page_1' title='image "./corpusscriptoru28wissgoog_0236.png"; bbox 0 0 3167 4975; ppageno 0'>
   <div class='ocr_carea' id='block_1_1' title="bbox 514 413 1983 479">
    <p class='ocr_par' dir='ltr' id='par_1_1' title="bbox 514 413 1983 479">
     <span class='ocr_line' id='line_1_1' title="bbox 514 413 1983 479; baseline -0.004 -5"><span class='ocrx_word' id='word_1_1' title='bbox 514 413 638 479; x_wconf 86' lang='lat'>104</span> <span class='ocrx_word' id='word_1_2' title='bbox 1319 415 1637 468; x_wconf 84' lang='lat' dir='ltr'><strong>Iohannis</strong></span> <span class='ocrx_word' id='word_1_3' title='bbox 1684 414 1983 470; x_wconf 82' lang='lat' dir='ltr'>Cassiani</span> 
     </span>
    </p>
   </div>
   <div class='ocr_carea' id='block_1_2' title="bbox 495 590 2801 3611">
    <p class='ocr_par' dir='ltr' id='par_1_2' title="bbox 495 590 2801 3611">
     <span class='ocr_line' id='line_1_2' title="bbox 507 590 2797 674; baseline 0.001 -20"><span class='ocrx_word' id='word_1_4' title='bbox 507 591 756 671; x_wconf 82' lang='lat' dir='ltr'>inferre,</span> <span class='ocrx_word' id='word_1_5' title='bbox 805 593 868 655; x_wconf 92' lang='lat' dir='ltr'>in</span> <span class='ocrx_word' id='word_1_6' title='bbox 903 610 1195 655; x_wconf 87' lang='lat' dir='ltr'>somnum</span> <span class='ocrx_word' id='word_1_7' title='bbox 1229 591 1515 673; x_wconf 90' lang='lat' dir='ltr'>protinus</span> <span class='ocrx_word' id='word_1_8' title='bbox 1549 590 1937 672; x_wconf 80' lang='lat' dir='ltr'>concidebat,</span> <span class='ocrx_word' id='word_1_9' title='bbox 1984 609 2058 655; x_wconf 86' lang='lat' dir='ltr'>ac</span> <span class='ocrx_word' id='word_1_10' title='bbox 2090 611 2167 656; x_wconf 90' lang='lat' dir='ltr'>ne</span> <span class='ocrx_word' id='word_1_11' title='bbox 2201 610 2402 674; x_wconf 89' lang='lat' dir='ltr'>usque</span> <span class='ocrx_word' id='word_1_12' title='bbox 2442 593 2519 656; x_wconf 87' lang='lat' dir='ltr'>ad</span> <span class='ocrx_word' id='word_1_13' title='bbox 2553 594 2797 658; x_wconf 90' lang='lat' dir='ltr'>aurium</span> 
     </span>
     <span class='ocr_line' id='line_1_3' title="bbox 507 693 2628 780; baseline 0.002 -22"><span class='ocrx_word' id='word_1_14' title='bbox 507 695 760 777; x_wconf 90' lang='lat' dir='ltr'>quidem</span> <span class='ocrx_word' id='word_1_15' title='bbox 810 697 942 759; x_wconf 89' lang='lat' dir='ltr'>eius</span> <span class='ocrx_word' id='word_1_16' title='bbox 989 696 1402 779; x_wconf 79' lang='lat' dir='ltr'>pollutionem</span> <span class='ocrx_word' id='word_1_17' title='bbox 1448 695 1622 760; x_wconf 89' lang='lat' dir='ltr'>uirus</span> <span class='ocrx_word' id='word_1_18' title='bbox 1670 693 1948 778; x_wconf 88' lang='lat' dir='ltr'>obloquii</span> <span class='ocrx_word' id='word_1_19' title='bbox 1992 700 2239 780; x_wconf 89' lang='lat' dir='ltr'>poterat</span> <span class='ocrx_word' id='word_1_20' title='bbox 2283 698 2628 780; x_wconf 85' lang='lat' dir='ltr'>peruenire.</span> 
     </span>
     <span class='ocr_line' id='line_1_4' title="bbox 592 800 2801 867; baseline 0.001 -2"><span class='ocrx_word' id='word_1_21' title='bbox 592 800 790 865; x_wconf 87' lang='lat' dir='ltr'>XXX.</span> <span class='ocrx_word' id='word_1_22' title='bbox 838 800 962 864; x_wconf 91' lang='lat' dir='ltr'>Hic</span> <span class='ocrx_word' id='word_1_23' title='bbox 1007 800 1174 864; x_wconf 86' lang='lat' dir='ltr'>idem</span> <span class='ocrx_word' id='word_1_24' title='bbox 1225 819 1410 864; x_wconf 80' lang='lat' dir='ltr'>senex</span> <span class='ocrx_word' id='word_1_25' title='bbox 1456 819 1603 865; x_wconf 92' lang='lat' dir='ltr'>cum</span> <span class='ocrx_word' id='word_1_26' title='bbox 1648 800 2010 865; x_wconf 89' lang='lat' dir='ltr'>institueret</span> <span class='ocrx_word' id='word_1_27' title='bbox 2053 819 2168 865; x_wconf 91' lang='lat' dir='ltr'>nos</span> <span class='ocrx_word' id='word_1_28' title='bbox 2215 801 2533 866; x_wconf 90' lang='lat' dir='ltr'>neminem</span> <span class='ocrx_word' id='word_1_29' title='bbox 2575 802 2801 867; x_wconf 89' lang='lat' dir='ltr'>diiudi-</span> 
     </span>
     <span class='ocr_line' id='line_1_5' title="bbox 505 904 2800 989; baseline 0.001 -21"><span class='ocrx_word' id='word_1_30' title='bbox 505 923 646 969; x_wconf 84' lang='lat' dir='ltr'>care</span> <span class='ocrx_word' id='word_1_31' title='bbox 709 904 954 988; x_wconf 89' lang='lat' dir='ltr'>debere,</span> <span class='ocrx_word' id='word_1_32' title='bbox 1017 906 1235 970; x_wconf 89' lang='lat' dir='ltr'>intulit</span> <span class='ocrx_word' id='word_1_33' title='bbox 1295 906 1418 971; x_wconf 88' lang='lat' dir='ltr'>tria</span> <span class='ocrx_word' id='word_1_34' title='bbox 1476 905 1674 971; x_wconf 89' lang='lat' dir='ltr'>fuisse</span> <span class='ocrx_word' id='word_1_35' title='bbox 1722 907 1785 970; x_wconf 90' lang='lat' dir='ltr'>in</span> <span class='ocrx_word' id='word_1_36' title='bbox 1833 905 2063 989; x_wconf 92' lang='lat' dir='ltr'>quibus</span> <span class='ocrx_word' id='word_1_37' title='bbox 2110 907 2480 972; x_wconf 79' lang='lat' dir='ltr'>discusserit</span> <span class='ocrx_word' id='word_1_38' title='bbox 2538 908 2641 972; x_wconf 90' lang='lat' dir='ltr'>uel</span> <span class='ocrx_word' id='word_1_39' title='bbox 2702 927 2800 972; x_wconf 90' lang='lat' dir='ltr'>re—</span> 
     </span>
     <span class='ocr_line' id='line_1_6' title="bbox 501 1009 2799 1095; baseline 0.001 -21"><span class='ocrx_word' id='word_1_40' title='bbox 501 1009 906 1093; x_wconf 88' lang='lat' dir='ltr'>prehenderit</span> <span class='ocrx_word' id='word_1_41' title='bbox 949 1011 1198 1091; x_wconf 81' lang='lat' dir='ltr'>fratres,</span> <span class='ocrx_word' id='word_1_42' title='bbox 1246 1012 1411 1093; x_wconf 92' lang='lat' dir='ltr'>quod</span> <span class='ocrx_word' id='word_1_43' title='bbox 1458 1011 1699 1076; x_wconf 87' lang='lat' dir='ltr'>scilicet</span> <span class='ocrx_word' id='word_1_44' title='bbox 1735 1029 1929 1075; x_wconf 88' lang='lat' dir='ltr'>uuam</span> <span class='ocrx_word' id='word_1_45' title='bbox 1961 1011 2083 1075; x_wconf 87' lang='lat' dir='ltr'>sibi</span> <span class='ocrx_word' id='word_1_46' title='bbox 2114 1011 2403 1077; x_wconf 89' lang='lat' dir='ltr'>nonnulli</span> <span class='ocrx_word' id='word_1_47' title='bbox 2432 1015 2799 1095; x_wconf 86' lang='lat' dir='ltr'>paterentur</span> 
     </span>
     <span class='ocr_line' id='line_1_7' title="bbox 504 1114 2797 1200; baseline 0 -20"><span class='ocrx_word' id='word_1_48' title='bbox 504 1114 764 1196; x_wconf 83' lang='lat' dir='ltr'>abscidi,</span> <span class='ocrx_word' id='word_1_49' title='bbox 828 1116 993 1198; x_wconf 90' lang='lat' dir='ltr'>quod</span> <span class='ocrx_word' id='word_1_50' title='bbox 1053 1115 1362 1180; x_wconf 86' lang='lat' dir='ltr'>haberent</span> <span class='ocrx_word' id='word_1_51' title='bbox 1421 1116 1488 1179; x_wconf 92' lang='lat' dir='ltr'>in</span> <span class='ocrx_word' id='word_1_52' title='bbox 1543 1114 1787 1179; x_wconf 89' lang='lat' dir='ltr'>cellulis</span> <span class='ocrx_word' id='word_1_53' title='bbox 1838 1134 2081 1200; x_wconf 87' lang='lat' dir='ltr'>sagum,</span> <span class='ocrx_word' id='word_1_54' title='bbox 2143 1116 2310 1199; x_wconf 87' lang='lat' dir='ltr'>quod</span> <span class='ocrx_word' id='word_1_55' title='bbox 2355 1117 2563 1182; x_wconf 90' lang='lat' dir='ltr'>oleum</span> <span class='ocrx_word' id='word_1_56' title='bbox 2606 1116 2797 1182; x_wconf 88' lang='lat' dir='ltr'>bene-</span> 
     </span>
     <span class='ocr_line' id='line_1_8' title="bbox 503 1218 2797 1304; baseline 0.001 -21"><span class='ocrx_word' id='word_1_57' title='bbox 503 1220 782 1284; x_wconf 83' lang='lat' dir='ltr'>dicentes</span> <span class='ocrx_word' id='word_1_58' title='bbox 831 1220 1309 1304; x_wconf 82' lang='lat' dir='ltr'>exposcentibus</span> <span class='ocrx_word' id='word_1_59' title='bbox 1357 1218 1785 1284; x_wconf 88' lang='lat' dir='ltr'>saecularibus</span> <span class='ocrx_word' id='word_1_60' title='bbox 1834 1220 2076 1302; x_wconf 89' lang='lat' dir='ltr'>darent,</span> <span class='ocrx_word' id='word_1_61' title='bbox 2140 1225 2204 1285; x_wconf 90' lang='lat' dir='ltr'>et</span> <span class='ocrx_word' id='word_1_62' title='bbox 2263 1221 2419 1286; x_wconf 90' lang='lat' dir='ltr'>haec</span> <span class='ocrx_word' id='word_1_63' title='bbox 2472 1223 2686 1286; x_wconf 87' lang='lat' dir='ltr'>omnia</span> <span class='ocrx_word' id='word_1_64' title='bbox 2730 1241 2797 1286; x_wconf 87' lang='lat' dir='ltr'>se</span> 
     </span>
     <span class='ocr_line' id='line_1_9' title="bbox 502 1324 2796 1409; baseline 0.001 -21"><span class='ocrx_word' id='word_1_65' title='bbox 502 1325 838 1389; x_wconf 86' lang='lat' dir='ltr'>incurrisse</span> <span class='ocrx_word' id='word_1_66' title='bbox 885 1325 1150 1389; x_wconf 88' lang='lat' dir='ltr'>dicebat.</span> <span class='ocrx_word' id='word_1_67' title='bbox 1229 1343 1381 1390; x_wconf 89' lang='lat' dir='ltr'>nam</span> <span class='ocrx_word' id='word_1_68' title='bbox 1427 1324 1887 1409; x_wconf 87' lang='lat' dir='ltr'>aegritudinem</span> <span class='ocrx_word' id='word_1_69' title='bbox 1916 1343 2078 1389; x_wconf 87' lang='lat' dir='ltr'>uuae</span> <span class='ocrx_word' id='word_1_70' title='bbox 2126 1325 2501 1390; x_wconf 86' lang='lat' dir='ltr'>contrahens</span> <span class='ocrx_word' id='word_1_71' title='bbox 2533 1326 2796 1408; x_wconf 87' lang='lat' dir='ltr'>tamdiu,</span> 
     </span>
     <span class='ocr_line' id='line_1_10' title="bbox 503 1429 2797 1513; baseline 0 -20"><span class='ocrx_word' id='word_1_72' title='bbox 503 1430 728 1511; x_wconf 87' lang='lat' dir='ltr'>inquit,</span> <span class='ocrx_word' id='word_1_73' title='bbox 787 1429 922 1494; x_wconf 89' lang='lat' dir='ltr'>eius</span> <span class='ocrx_word' id='word_1_74' title='bbox 983 1431 1282 1513; x_wconf 85' lang='lat' dir='ltr'>languore</span> <span class='ocrx_word' id='word_1_75' title='bbox 1345 1429 1645 1512; x_wconf 86' lang='lat' dir='ltr'>distabui,</span> <span class='ocrx_word' id='word_1_76' title='bbox 1706 1430 1903 1495; x_wconf 88' lang='grc'><strong>(101100</strong></span> <span class='ocrx_word' id='word_1_77' title='bbox 1964 1434 2095 1494; x_wconf 87' lang='lat' dir='ltr'>tam</span> <span class='ocrx_word' id='word_1_78' title='bbox 2144 1431 2374 1495; x_wconf 85' lang='lat' dir='ltr'>doloris</span> <span class='ocrx_word' id='word_1_79' title='bbox 2420 1431 2797 1496; x_wconf 86' lang='lat' dir='ltr'>necessitate</span> 
     </span>
     <span class='ocr_line' id='line_1_11' title="bbox 501 1535 2794 1619; baseline 0.001 -22"><span class='ocrx_word' id='word_1_80' title='bbox 501 1553 692 1617; x_wconf 83' lang='lat' dir='ltr'>quam</span> <span class='ocrx_word' id='word_1_81' title='bbox 725 1536 1044 1600; x_wconf 90' lang='lat' dir='ltr'>seniorum</span> <span class='ocrx_word' id='word_1_82' title='bbox 1077 1535 1354 1599; x_wconf 89' lang='lat' dir='ltr'>omnium</span> <span class='ocrx_word' id='word_1_83' title='bbox 1389 1535 1827 1599; x_wconf 86' lang='lat' dir='ltr'>adhortatione</span> <span class='ocrx_word' id='word_1_84' title='bbox 1859 1535 2199 1618; x_wconf 89' lang='lat' dir='ltr'>conpulsus</span> <span class='ocrx_word' id='word_1_85' title='bbox 2226 1535 2463 1599; x_wconf 89' lang='lat' dir='ltr'>abscidi</span> <span class='ocrx_word' id='word_1_86' title='bbox 2490 1554 2630 1600; x_wconf 91' lang='lat' dir='ltr'>eam</span> <span class='ocrx_word' id='word_1_87' title='bbox 2655 1556 2794 1619; x_wconf 89' lang='lat' dir='ltr'>per-</span> 
     </span>
     <span class='ocr_line' id='line_1_12' title="bbox 502 1639 2794 1723; baseline 0.001 -21"><span class='ocrx_word' id='word_1_88' title='bbox 502 1640 840 1704; x_wconf 88' lang='lat' dir='ltr'>mitterem.</span> <span class='ocrx_word' id='word_1_89' title='bbox 885 1640 1063 1704; x_wconf 91' lang='lat' dir='ltr'>cuius</span> <span class='ocrx_word' id='word_1_90' title='bbox 1096 1641 1287 1704; x_wconf 87' lang='lat' dir='ltr'>etiam</span> <span class='ocrx_word' id='word_1_91' title='bbox 1319 1639 1709 1703; x_wconf 88' lang='lat' dir='ltr'>infirmitatis</span> <span class='ocrx_word' id='word_1_92' title='bbox 1741 1639 2004 1704; x_wconf 89' lang='lat' dir='ltr'>obtentu</span> <span class='ocrx_word' id='word_1_93' title='bbox 2038 1658 2263 1723; x_wconf 87' lang='lat' dir='ltr'>sagum</span> <span class='ocrx_word' id='word_1_94' title='bbox 2294 1658 2537 1722; x_wconf 90' lang='lat' dir='ltr'>quoque</span> <span class='ocrx_word' id='word_1_95' title='bbox 2563 1641 2794 1705; x_wconf 90' lang='lat' dir='ltr'>habere</span> 
     </span>
     <span class='ocr_line' id='line_1_13' title="bbox 501 1743 2793 1826; baseline 0 -18"><span class='ocrx_word' id='word_1_96' title='bbox 501 1747 755 1808; x_wconf 88' lang='lat' dir='ltr'>coactus</span> <span class='ocrx_word' id='word_1_97' title='bbox 803 1763 965 1808; x_wconf 90' lang='lat' dir='ltr'>sum.</span> <span class='ocrx_word' id='word_1_98' title='bbox 1038 1746 1246 1809; x_wconf 89' lang='lat' dir='ltr'>oleum</span> <span class='ocrx_word' id='word_1_99' title='bbox 1301 1745 1494 1809; x_wconf 87' lang='lat' dir='ltr'>etiam</span> <span class='ocrx_word' id='word_1_100' title='bbox 1539 1743 1910 1808; x_wconf 85' lang='lat' dir='ltr'>benedicere</span> <span class='ocrx_word' id='word_1_101' title='bbox 1957 1762 2030 1808; x_wconf 87' lang='lat' dir='ltr'>ac</span> <span class='ocrx_word' id='word_1_102' title='bbox 2078 1744 2579 1826; x_wconf 85' lang='lat' dir='ltr'>supplicantibus</span> <span class='ocrx_word' id='word_1_103' title='bbox 2626 1746 2793 1826; x_wconf 89' lang='lat' dir='ltr'>dare,</span> 
     </span>
     <span class='ocr_line' id='line_1_14' title="bbox 499 1848 2796 1933; baseline 0 -20"><span class='ocrx_word' id='word_1_104' title='bbox 499 1849 666 1930; x_wconf 91' lang='lat' dir='ltr'>quod</span> <span class='ocrx_word' id='word_1_105' title='bbox 710 1867 859 1932; x_wconf 89' lang='lat' dir='ltr'>prae</span> <span class='ocrx_word' id='word_1_106' title='bbox 906 1849 1199 1913; x_wconf 89' lang='lat' dir='ltr'>omnibus</span> <span class='ocrx_word' id='word_1_107' title='bbox 1248 1849 1601 1930; x_wconf 73' lang='lat' dir='ltr'>execrabat,</span> <span class='ocrx_word' id='word_1_108' title='bbox 1649 1854 1867 1933; x_wconf 90' lang='lat' dir='ltr'>utpote</span> <span class='ocrx_word' id='word_1_109' title='bbox 1914 1848 2198 1914; x_wconf 87' lang='lat' dir='ltr'>iudicans</span> <span class='ocrx_word' id='word_1_110' title='bbox 2246 1850 2399 1914; x_wconf 89' lang='lat' dir='ltr'>illud</span> <span class='ocrx_word' id='word_1_111' title='bbox 2450 1868 2521 1913; x_wconf 87' lang='lat' dir='ltr'>ex</span> <span class='ocrx_word' id='word_1_112' title='bbox 2564 1868 2796 1933; x_wconf 87' lang='lat' dir='ltr'>magna</span> 
     </span>
     <span class='ocr_line' id='line_1_15' title="bbox 500 1953 2793 2037; baseline 0.001 -20"><span class='ocrx_word' id='word_1_113' title='bbox 500 1955 702 2018; x_wconf 85' lang='lat' dir='ltr'>cordis</span> <span class='ocrx_word' id='word_1_114' title='bbox 763 1954 1272 2037; x_wconf 88' lang='lat' dir='ltr'>praesumptione</span> <span class='ocrx_word' id='word_1_115' title='bbox 1334 1955 1731 2035; x_wconf 87' lang='lat' dir='ltr'>descendere,</span> <span class='ocrx_word' id='word_1_116' title='bbox 1794 1953 2333 2018; x_wconf 86' lang='lat' dir='ltr'>circumdantibus</span> <span class='ocrx_word' id='word_1_117' title='bbox 2388 1973 2489 2018; x_wconf 89' lang='lat' dir='ltr'>me</span> <span class='ocrx_word' id='word_1_118' title='bbox 2535 1959 2793 2037; x_wconf 90' lang='lat' dir='ltr'>repente</span> 
     </span>
     <span class='ocr_line' id='line_1_16' title="bbox 499 2058 2792 2140; baseline 0.001 -18"><span class='ocrx_word' id='word_1_119' title='bbox 499 2058 924 2123; x_wconf 84' lang='lat' dir='ltr'>saecularibus</span> <span class='ocrx_word' id='word_1_120' title='bbox 971 2059 1190 2123; x_wconf 91' lang='lat' dir='ltr'>multis</span> <span class='ocrx_word' id='word_1_121' title='bbox 1237 2059 1329 2123; x_wconf 92' lang='lat' dir='ltr'>ita</span> <span class='ocrx_word' id='word_1_122' title='bbox 1375 2061 1753 2124; x_wconf 82' lang='lat' dir='ltr'>constrictus</span> <span class='ocrx_word' id='word_1_123' title='bbox 1802 2078 1963 2140; x_wconf 91' lang='lat' dir='ltr'>sum,</span> <span class='ocrx_word' id='word_1_124' title='bbox 2027 2063 2098 2124; x_wconf 91' lang='lat' dir='ltr'>ut</span> <span class='ocrx_word' id='word_1_125' title='bbox 2160 2060 2315 2123; x_wconf 84' lang='lat' dir='ltr'>alias</span> <span class='ocrx_word' id='word_1_126' title='bbox 2374 2077 2478 2124; x_wconf 87' lang='lat' dir='ltr'>eos</span> <span class='ocrx_word' id='word_1_127' title='bbox 2526 2061 2792 2124; x_wconf 87' lang='lat' dir='ltr'>euadere</span> 
     </span>
     <span class='ocr_line' id='line_1_17' title="bbox 500 2163 2793 2247; baseline 0.001 -20"><span class='ocrx_word' id='word_1_128' title='bbox 500 2164 862 2228; x_wconf 85' lang='lat' dir='ltr'>nullatenus</span> <span class='ocrx_word' id='word_1_129' title='bbox 909 2182 1180 2247; x_wconf 91' lang='lat' dir='ltr'>possem,</span> <span class='ocrx_word' id='word_1_130' title='bbox 1229 2164 1352 2228; x_wconf 88' lang='lat' dir='ltr'>nisi</span> <span class='ocrx_word' id='word_1_131' title='bbox 1399 2182 1436 2228; x_wconf 92' lang='lat' dir='ltr'>a</span> <span class='ocrx_word' id='word_1_132' title='bbox 1481 2183 1581 2228; x_wconf 89' lang='lat' dir='ltr'>me</span> <span class='ocrx_word' id='word_1_133' title='bbox 1632 2182 1881 2228; x_wconf 87' lang='lat' dir='ltr'>summa</span> <span class='ocrx_word' id='word_1_134' title='bbox 1926 2165 1991 2228; x_wconf 89' lang='lat' dir='ltr'>ui</span> <span class='ocrx_word' id='word_1_135' title='bbox 2034 2168 2096 2227; x_wconf 92' lang='lat' dir='ltr'>et</span> <span class='ocrx_word' id='word_1_136' title='bbox 2128 2163 2655 2229; x_wconf 84' lang='lat' dir='ltr'>obtestationibus</span> <span class='ocrx_word' id='word_1_137' title='bbox 2689 2185 2793 2229; x_wconf 88' lang='lat' dir='ltr'>ex-</span> 
     </span>
     <span class='ocr_line' id='line_1_18' title="bbox 498 2268 2791 2353; baseline 0.001 -21"><span class='ocrx_word' id='word_1_138' title='bbox 498 2268 852 2350; x_wconf 85' lang='lat' dir='ltr'>torsissent,</span> <span class='ocrx_word' id='word_1_139' title='bbox 913 2274 988 2334; x_wconf 89' lang='lat' dir='ltr'>ut</span> <span class='ocrx_word' id='word_1_140' title='bbox 1045 2268 1257 2333; x_wconf 86' lang='lat' dir='ltr'>oblato</span> <span class='ocrx_word' id='word_1_141' title='bbox 1319 2269 1396 2333; x_wconf 86' lang='lat' dir='ltr'>ab</span> <span class='ocrx_word' id='word_1_142' title='bbox 1461 2268 1550 2334; x_wconf 87' lang='lat' dir='ltr'>eis</span> <span class='ocrx_word' id='word_1_143' title='bbox 1614 2269 1871 2333; x_wconf 84' lang='lat' dir='ltr'>uasculo</span> <span class='ocrx_word' id='word_1_144' title='bbox 1934 2288 2193 2333; x_wconf 89' lang='lat' dir='ltr'>manum</span> <span class='ocrx_word' id='word_1_145' title='bbox 2254 2287 2463 2334; x_wconf 91' lang='lat' dir='ltr'>meam</span> <span class='ocrx_word' id='word_1_146' title='bbox 2508 2270 2791 2353; x_wconf 89' lang='lat' dir='ltr'>inpresso</span> 
     </span>
     <span class='ocr_line' id='line_1_19' title="bbox 499 2373 2790 2457; baseline 0.001 -20"><span class='ocrx_word' id='word_1_147' title='bbox 499 2373 700 2437; x_wconf 88' lang='lat' dir='ltr'>crucis</span> <span class='ocrx_word' id='word_1_148' title='bbox 735 2374 1058 2457; x_wconf 85' lang='lat' dir='ltr'>signaculo</span> <span class='ocrx_word' id='word_1_149' title='bbox 1085 2393 1600 2457; x_wconf 86' lang='lat' dir='ltr'>superponerem:</span> <span class='ocrx_word' id='word_1_150' title='bbox 1634 2374 1847 2456; x_wconf 89' lang='lat' dir='ltr'>itaque</span> <span class='ocrx_word' id='word_1_151' title='bbox 1882 2393 1947 2437; x_wconf 91' lang='lat' dir='ltr'>se</span> <span class='ocrx_word' id='word_1_152' title='bbox 1980 2376 2304 2438; x_wconf 85' lang='lat' dir='ltr'>credentes</span> <span class='ocrx_word' id='word_1_153' title='bbox 2336 2374 2790 2440; x_wconf 89' lang='lat' dir='ltr'>benedictionis</span> 
     </span>
     <span class='ocr_line' id='line_1_20' title="bbox 496 2479 2789 2563; baseline 0 -19"><span class='ocrx_word' id='word_1_154' title='bbox 496 2479 704 2544; x_wconf 88' lang='lat' dir='ltr'>oleum</span> <span class='ocrx_word' id='word_1_155' title='bbox 774 2481 1141 2544; x_wconf 88' lang='lat' dir='ltr'>consecutos</span> <span class='ocrx_word' id='word_1_156' title='bbox 1211 2480 1467 2545; x_wconf 88' lang='lat' dir='ltr'>tandem</span> <span class='ocrx_word' id='word_1_157' title='bbox 1529 2499 1631 2544; x_wconf 90' lang='lat' dir='ltr'>me</span> <span class='ocrx_word' id='word_1_158' title='bbox 1694 2479 2029 2561; x_wconf 88' lang='lat' dir='ltr'>aliquando</span> <span class='ocrx_word' id='word_1_159' title='bbox 2090 2480 2465 2545; x_wconf 81' lang='lat' dir='ltr'>relaxarunt.</span> <span class='ocrx_word' id='word_1_160' title='bbox 2560 2479 2789 2563; x_wconf 88' lang='lat' dir='ltr'>quibus</span> 
     </span>
     <span class='ocr_line' id='line_1_21' title="bbox 501 2583 2788 2668; baseline 0.001 -22"><span class='ocrx_word' id='word_1_161' title='bbox 501 2583 656 2647; x_wconf 91' lang='lat' dir='ltr'>mihi</span> <span class='ocrx_word' id='word_1_162' title='bbox 703 2584 1039 2648; x_wconf 83' lang='lat' dir='ltr'>manifeste</span> <span class='ocrx_word' id='word_1_163' title='bbox 1086 2588 1454 2668; x_wconf 87' lang='lat' dir='ltr'>conpertum</span> <span class='ocrx_word' id='word_1_164' title='bbox 1494 2588 1592 2649; x_wconf 91' lang='lat' dir='ltr'>est</span> <span class='ocrx_word' id='word_1_165' title='bbox 1621 2585 1825 2649; x_wconf 90' lang='lat' dir='ltr'>isdem</span> <span class='ocrx_word' id='word_1_166' title='bbox 1856 2584 2061 2649; x_wconf 87' lang='lat' dir='ltr'>causis</span> <span class='ocrx_word' id='word_1_167' title='bbox 2096 2603 2167 2649; x_wconf 91' lang='lat' dir='ltr'>ac</span> <span class='ocrx_word' id='word_1_168' title='bbox 2198 2585 2373 2649; x_wconf 89' lang='lat' dir='ltr'>uitiis</span> <span class='ocrx_word' id='word_1_169' title='bbox 2407 2584 2788 2650; x_wconf 87' lang='lat' dir='ltr'>monachum</span> 
     </span>
     <span class='ocr_line' id='line_1_22' title="bbox 498 2686 2788 2773; baseline 0 -21"><span class='ocrx_word' id='word_1_170' title='bbox 498 2686 784 2771; x_wconf 87' lang='lat' dir='ltr'>obligari,</span> <span class='ocrx_word' id='word_1_171' title='bbox 827 2688 893 2752; x_wconf 90' lang='lat' dir='ltr'>in</span> <span class='ocrx_word' id='word_1_172' title='bbox 925 2687 1153 2771; x_wconf 87' lang='lat' dir='ltr'>quihus</span> <span class='ocrx_word' id='word_1_173' title='bbox 1185 2688 1260 2751; x_wconf 88' lang='lat' dir='ltr'>de</span> <span class='ocrx_word' id='word_1_174' title='bbox 1294 2689 1432 2753; x_wconf 88' lang='lat' dir='ltr'>aliis</span> <span class='ocrx_word' id='word_1_175' title='bbox 1464 2689 1739 2753; x_wconf 85' lang='lat' dir='ltr'>iudicare</span> <span class='ocrx_word' id='word_1_176' title='bbox 1770 2688 2285 2773; x_wconf 87' lang='lat' dir='ltr'>praesumpserit.</span> <span class='ocrx_word' id='word_1_177' title='bbox 2347 2693 2593 2773; x_wconf 90' lang='lat' dir='ltr'>oportet</span> <span class='ocrx_word' id='word_1_178' title='bbox 2624 2690 2788 2753; x_wconf 89' lang='lat' dir='ltr'>enim</span> 
     </span>
     <span class='ocr_line' id='line_1_23' title="bbox 499 2794 2789 2877; baseline 0.001 -22"><span class='ocrx_word' id='word_1_179' title='bbox 499 2810 1010 2876; x_wconf 89' lang='lat' dir='ltr'>unumquemque</span> <span class='ocrx_word' id='word_1_180' title='bbox 1055 2797 1258 2857; x_wconf 89' lang='lat' dir='ltr'>semet</span> <span class='ocrx_word' id='word_1_181' title='bbox 1301 2794 1510 2877; x_wconf 87' lang='lat' dir='ltr'>ipsum</span> <span class='ocrx_word' id='word_1_182' title='bbox 1565 2794 2005 2859; x_wconf 87' lang='lat' dir='ltr'>tantummodo</span> <span class='ocrx_word' id='word_1_183' title='bbox 2066 2794 2341 2858; x_wconf 87' lang='lat' dir='ltr'>iudicare</span> <span class='ocrx_word' id='word_1_184' title='bbox 2402 2798 2466 2858; x_wconf 91' lang='lat' dir='ltr'>et</span> <span class='ocrx_word' id='word_1_185' title='bbox 2524 2794 2789 2858; x_wconf 87' lang='lat' dir='ltr'>circum-</span> 
     </span>
     <span class='ocr_line' id='line_1_24' title="bbox 500 2898 2789 2980; baseline 0.001 -21"><span class='ocrx_word' id='word_1_186' title='bbox 500 2901 710 2980; x_wconf 88' lang='lat' dir='ltr'>specte</span> <span class='ocrx_word' id='word_1_187' title='bbox 756 2902 1061 2979; x_wconf 90' lang='lat' dir='ltr'>cauteque</span> <span class='ocrx_word' id='word_1_188' title='bbox 1104 2898 1170 2961; x_wconf 89' lang='lat' dir='ltr'>in</span> <span class='ocrx_word' id='word_1_189' title='bbox 1217 2898 1509 2963; x_wconf 89' lang='lat' dir='ltr'>omnibus</span> <span class='ocrx_word' id='word_1_190' title='bbox 1557 2899 1893 2979; x_wconf 90' lang='lat' dir='ltr'>custodire,</span> <span class='ocrx_word' id='word_1_191' title='bbox 1956 2916 2081 2963; x_wconf 92' lang='lat' dir='ltr'>non</span> <span class='ocrx_word' id='word_1_192' title='bbox 2136 2898 2403 2963; x_wconf 89' lang='lat' dir='ltr'>aliorum</span> <span class='ocrx_word' id='word_1_193' title='bbox 2458 2915 2789 2963; x_wconf 87' lang='lat' dir='ltr'>conuersa-</span> 
     </span>
     <span class='ocr_line' id='line_1_25' title="bbox 498 3002 2788 3087; baseline 0.001 -21"><span class='ocrx_word' id='word_1_194' title='bbox 498 3002 736 3066; x_wconf 89' lang='lat' dir='ltr'>tionem</span> <span class='ocrx_word' id='word_1_195' title='bbox 767 3003 1090 3084; x_wconf 88' lang='lat' dir='ltr'>uitamque</span> <span class='ocrx_word' id='word_1_196' title='bbox 1122 3004 1454 3085; x_wconf 88' lang='lat' dir='ltr'>discutere,</span> <span class='ocrx_word' id='word_1_197' title='bbox 1498 3003 1844 3067; x_wconf 86' lang='lat' dir='ltr'>secundum</span> <span class='ocrx_word' id='word_1_198' title='bbox 1875 3004 2031 3068; x_wconf 91' lang='lat' dir='ltr'>illud</span> <span class='ocrx_word' id='word_1_199' title='bbox 2064 3005 2332 3087; x_wconf 81' lang='lat' dir='ltr'>apostoli</span> <span class='ocrx_word' id='word_1_200' title='bbox 2354 3008 2788 3087; x_wconf 84' lang='lat' dir='ltr'>praeceptum:</span> 
     </span>
     <span class='ocr_line' id='line_1_26' title="bbox 497 3108 2789 3189; baseline 0 -18"><span class='ocrx_word' id='word_1_201' title='bbox 497 3110 576 3171; x_wconf 85' lang='lat' dir='ltr'>tu</span> <span class='ocrx_word' id='word_1_202' title='bbox 624 3110 873 3171; x_wconf 90' lang='lat' dir='ltr'>autem</span> <span class='ocrx_word' id='word_1_203' title='bbox 919 3108 1094 3189; x_wconf 88' lang='lat' dir='ltr'>quid</span> <span class='ocrx_word' id='word_1_204' title='bbox 1143 3108 1432 3172; x_wconf 87' lang='lat' dir='ltr'>iudicas</span> <span class='ocrx_word' id='word_1_205' title='bbox 1478 3108 1794 3173; x_wconf 89' lang='lat' dir='ltr'>fratrem</span> <span class='ocrx_word' id='word_1_206' title='bbox 1840 3112 2092 3173; x_wconf 78' lang='lat' dir='ltr'>tuum?</span> <span class='ocrx_word' id='word_1_207' title='bbox 2141 3126 2270 3173; x_wconf 86' lang='lat' dir='ltr'>suo</span> <span class='ocrx_word' id='word_1_208' title='bbox 2303 3109 2600 3174; x_wconf 88' lang='lat' dir='ltr'>domino</span> <span class='ocrx_word' id='word_1_209' title='bbox 2634 3111 2789 3173; x_wconf 90' lang='lat' dir='ltr'>stat</span> 
     </span>
     <span class='ocr_line' id='line_1_27' title="bbox 497 3212 2787 3294; baseline 0.001 -20"><span class='ocrx_word' id='word_1_210' title='bbox 497 3215 626 3275; x_wconf 89' lang='lat' dir='ltr'>aut</span> <span class='ocrx_word' id='word_1_211' title='bbox 669 3212 898 3292; x_wconf 88' lang='lat' dir='ltr'>cadit,</span> <span class='ocrx_word' id='word_1_212' title='bbox 956 3215 1046 3276; x_wconf 87' lang='lat' dir='ltr'>et:</span> <span class='ocrx_word' id='word_1_213' title='bbox 1109 3212 1347 3278; x_wconf 89' lang='lat' dir='ltr'>nolite</span> <span class='ocrx_word' id='word_1_214' title='bbox 1407 3212 1775 3294; x_wconf 89' lang='lat' dir='ltr'>iudicare,</span> <span class='ocrx_word' id='word_1_215' title='bbox 1838 3217 1919 3277; x_wconf 93' lang='lat' dir='ltr'>ut</span> <span class='ocrx_word' id='word_1_216' title='bbox 1978 3231 2122 3277; x_wconf 90' lang='lat' dir='ltr'>non</span> <span class='ocrx_word' id='word_1_217' title='bbox 2182 3213 2651 3277; x_wconf 86' lang='lat' dir='ltr'>indicemini:</span> <span class='ocrx_word' id='word_1_218' title='bbox 2714 3214 2787 3277; x_wconf 88' lang='lat' dir='ltr'>in</span> 
     </span>
     <span class='ocr_line' id='line_1_28' title="bbox 501 3315 2789 3401; baseline 0.001 -23"><span class='ocrx_word' id='word_1_219' title='bbox 501 3334 641 3398; x_wconf 91' lang='lat' dir='ltr'>quo</span> <span class='ocrx_word' id='word_1_220' title='bbox 710 3316 906 3381; x_wconf 90' lang='lat' dir='ltr'>enim</span> <span class='ocrx_word' id='word_1_221' title='bbox 972 3316 1251 3381; x_wconf 90' lang='lat' dir='ltr'>iudicio</span> <span class='ocrx_word' id='word_1_222' title='bbox 1313 3317 1843 3382; x_wconf 86' lang='lat' dir='ltr'>iudicaueritis</span> <span class='ocrx_word' id='word_1_223' title='bbox 1904 3315 2453 3382; x_wconf 86' lang='lat' dir='ltr'>iudicabimini.</span> <span class='ocrx_word' id='word_1_224' title='bbox 2542 3322 2789 3401; x_wconf 89' lang='lat' dir='ltr'>praeter</span> 
     </span>
     <span class='ocr_line' id='line_1_29' title="bbox 495 3420 2787 3504; baseline 0 -20"><span class='ocrx_word' id='word_1_225' title='bbox 495 3420 660 3485; x_wconf 90' lang='lat' dir='ltr'>hanc</span> <span class='ocrx_word' id='word_1_226' title='bbox 707 3422 876 3485; x_wconf 91' lang='lat' dir='ltr'>enim</span> <span class='ocrx_word' id='word_1_227' title='bbox 922 3439 1113 3504; x_wconf 86' lang='lat' dir='ltr'>quam</span> <span class='ocrx_word' id='word_1_228' title='bbox 1160 3422 1429 3486; x_wconf 86' lang='lat' dir='ltr'>diximus</span> <span class='ocrx_word' id='word_1_229' title='bbox 1486 3440 1742 3487; x_wconf 89' lang='lat' dir='ltr'>causam</span> <span class='ocrx_word' id='word_1_230' title='bbox 1804 3423 1997 3487; x_wconf 88' lang='lat' dir='ltr'>etiam</span> <span class='ocrx_word' id='word_1_231' title='bbox 2060 3421 2138 3487; x_wconf 90' lang='lat' dir='ltr'>ob</span> <span class='ocrx_word' id='word_1_232' title='bbox 2200 3421 2319 3486; x_wconf 91' lang='grc'><strong>1100</strong></span> <span class='ocrx_word' id='word_1_233' title='bbox 2377 3422 2652 3487; x_wconf 87' lang='lat' dir='ltr'>iudicare</span> <span class='ocrx_word' id='word_1_234' title='bbox 2712 3423 2787 3486; x_wconf 91' lang='lat' dir='ltr'>de</span> 
     </span>
     <span class='ocr_line' id='line_1_30' title="bbox 497 3526 2786 3611; baseline 0.001 -22"><span class='ocrx_word' id='word_1_235' title='bbox 497 3526 637 3590; x_wconf 86' lang='lat' dir='ltr'>aliis</span> <span class='ocrx_word' id='word_1_236' title='bbox 698 3526 1120 3610; x_wconf 90' lang='lat' dir='ltr'>periculosum</span> <span class='ocrx_word' id='word_1_237' title='bbox 1183 3531 1300 3609; x_wconf 87' lang='lat' dir='ltr'>est,</span> <span class='ocrx_word' id='word_1_238' title='bbox 1364 3528 1529 3609; x_wconf 90' lang='lat' dir='ltr'>quod</span> <span class='ocrx_word' id='word_1_239' title='bbox 1588 3528 1953 3611; x_wconf 85' lang='lat' dir='ltr'>ignorantes</span> <span class='ocrx_word' id='word_1_240' title='bbox 2016 3528 2117 3591; x_wconf 90' lang='lat' dir='ltr'>uel</span> <span class='ocrx_word' id='word_1_241' title='bbox 2179 3528 2625 3592; x_wconf 88' lang='lat' dir='ltr'>necessitatem</span> <span class='ocrx_word' id='word_1_242' title='bbox 2686 3528 2786 3592; x_wconf 87' lang='lat' dir='ltr'>uel</span> 
     </span>
    </p>
   </div>
   <div class='ocr_carea' id='block_1_3' title="bbox 705 3708 2058 3779">
    <p class='ocr_par' dir='ltr' id='par_1_3' title="bbox 705 3708 2058 3779">
     <span class='ocr_line' id='line_1_31' title="bbox 705 3708 2058 3779; baseline 0.001 -16"><span class='ocrx_word' id='word_1_243' title='bbox 705 3708 796 3777; x_wconf 85' lang='lat'>25]</span> <span class='ocrx_word' id='word_1_244' title='bbox 836 3708 987 3763; x_wconf 80' lang='lat' dir='ltr'>Rom.</span> <span class='ocrx_word' id='word_1_245' title='bbox 1019 3712 1098 3773; x_wconf 83' lang='lat'>14,</span> <span class='ocrx_word' id='word_1_246' title='bbox 1128 3714 1192 3765; x_wconf 83' lang='grc'>10</span> <span class='ocrx_word' id='word_1_247' title='bbox 1231 3714 1284 3762; x_wconf 67' lang='lat' dir='ltr'>ot</span> <span class='ocrx_word' id='word_1_248' title='bbox 1319 3714 1368 3765; x_wconf 88' lang='lat'>4.</span> <span class='ocrx_word' id='word_1_249' title='bbox 1477 3710 1568 3779; x_wconf 78' lang='lat'>26]</span> <span class='ocrx_word' id='word_1_250' title='bbox 1608 3710 2058 3773; x_wconf 71' lang='lat' dir='ltr'>Matth.7,1—2.</span> 
     </span>
    </p>
   </div>
   <div class='ocr_carea' id='block_1_4' title="bbox 494 3858 2788 4449">
    <p class='ocr_par' dir='ltr' id='par_1_4' title="bbox 494 3858 2788 4449">
     <span class='ocr_line' id='line_1_32' title="bbox 605 3858 2785 3913; baseline -0 -2"><span class='ocrx_word' id='word_1_251' title='bbox 605 3860 626 3911; x_wconf 92' lang='lat'>1</span> <span class='ocrx_word' id='word_1_252' title='bbox 671 3858 938 3911; x_wconf 87' lang='lat' dir='ltr'>somnium</span> <span class='ocrx_word' id='word_1_253' title='bbox 964 3860 1047 3913; x_wconf 82' lang='lat' dir='ltr'>H¹</span> <span class='ocrx_word' id='word_1_254' title='bbox 1143 3862 1176 3913; x_wconf 76' lang='lat'>:3</span> <span class='ocrx_word' id='word_1_255' title='bbox 1212 3858 1477 3912; x_wconf 88' lang='lat' dir='ltr'>XXVIIII</span> <span class='ocrx_word' id='word_1_256' title='bbox 1504 3860 1572 3913; x_wconf 88' lang='lat' dir='ltr'><em>H</em></span> <span class='ocrx_word' id='word_1_257' title='bbox 1660 3858 2028 3912; x_wconf 81' lang='lat' dir='ltr'>instrueretA</span> <span class='ocrx_word' id='word_1_258' title='bbox 2085 3858 2383 3911; x_wconf 81' lang='lat' dir='ltr'>instituerit</span> <span class='ocrx_word' id='word_1_259' title='bbox 2410 3860 2491 3911; x_wconf 78' lang='grc' dir='ltr'>Η1</span> <span class='ocrx_word' id='word_1_260' title='bbox 2589 3858 2785 3911; x_wconf 87' lang='lat' dir='ltr'>minem</span> 
     </span>
     <span class='ocr_line' id='line_1_33' title="bbox 497 3943 2788 4015; baseline 0 -19"><span class='ocrx_word' id='word_1_261' title='bbox 497 3943 790 3997; x_wconf 85' lang='lat' dir='ltr'>diiudicare</span> <span class='ocrx_word' id='word_1_262' title='bbox 818 3987 828 3999; x_wconf 92' lang='lat'><strong>.</strong></span> <span class='ocrx_word' id='word_1_263' title='bbox 859 3988 869 3999; x_wconf 94' lang='lat'>.</span> <span class='ocrx_word' id='word_1_264' title='bbox 899 3988 910 3999; x_wconf 93' lang='lat'><strong>.</strong></span> <span class='ocrx_word' id='word_1_265' title='bbox 935 3945 988 4015; x_wconf 60' lang='grc' dir='ltr'>ἕ.</span> <span class='ocrx_word' id='word_1_266' title='bbox 1013 3952 1051 4001; x_wconf 80' lang='lat'><strong><em>2</em></strong></span> <span class='ocrx_word' id='word_1_267' title='bbox 1083 3945 1441 3999; x_wconf 83' lang='lat' dir='ltr'>saecularibus</span> <span class='ocrx_word' id='word_1_268' title='bbox 1470 3946 1657 4000; x_wconf 80' lang='lat' dir='ltr'>multis</span> <span class='ocrx_word' id='word_1_269' title='bbox 1695 3947 1888 4001; x_wconf 73' lang='lat' dir='ltr'>desa-nt</span> <span class='ocrx_word' id='word_1_270' title='bbox 1924 3946 1988 4001; x_wconf 73' lang='lat' dir='ltr'>in</span> <span class='ocrx_word' id='word_1_271' title='bbox 2020 3946 2073 4000; x_wconf 80' lang='lat' dir='ltr'><strong><em>A</em></strong></span> <span class='ocrx_word' id='word_1_272' title='bbox 2137 3945 2439 3999; x_wconf 84' lang='lat' dir='ltr'>deiudicare</span> <span class='ocrx_word' id='word_1_273' title='bbox 2466 3947 2549 4000; x_wconf 76' lang='lat'>11¹</span> <span class='ocrx_word' id='word_1_274' title='bbox 2670 3949 2699 4000; x_wconf 86' lang='lat'><strong>7</strong></span> <span class='ocrx_word' id='word_1_275' title='bbox 2734 3948 2788 3997; x_wconf 88' lang='lat' dir='ltr'>et</span> 
     </span>
     <span class='ocr_line' id='line_1_34' title="bbox 494 4030 2788 4102; baseline 0.002 -19"><span class='ocrx_word' id='word_1_276' title='bbox 494 4032 551 4083; x_wconf 87' lang='lat' dir='ltr'>in</span> <span class='ocrx_word' id='word_1_277' title='bbox 570 4030 702 4085; x_wconf 88' lang='lat' dir='ltr'>haec</span> <span class='ocrx_word' id='word_1_278' title='bbox 725 4033 898 4087; x_wconf 75' lang='lat' dir='ltr'>HLT</span> <span class='ocrx_word' id='word_1_279' title='bbox 986 4036 1018 4087; x_wconf 87' lang='grc'><strong>9</strong></span> <span class='ocrx_word' id='word_1_280' title='bbox 1039 4032 1226 4101; x_wconf 87' lang='lat' dir='ltr'>inquid</span> <span class='ocrx_word' id='word_1_281' title='bbox 1257 4034 1402 4088; x_wconf 83' lang='lat' dir='ltr'>G²H</span> <span class='ocrx_word' id='word_1_282' title='bbox 1487 4035 1546 4088; x_wconf 93' lang='lat'>11</span> <span class='ocrx_word' id='word_1_283' title='bbox 1576 4033 1736 4085; x_wconf 87' lang='lat' dir='ltr'>huius</span> <span class='ocrx_word' id='word_1_284' title='bbox 1762 4034 1830 4087; x_wconf 88' lang='lat' dir='ltr'><em>H</em></span> <span class='ocrx_word' id='word_1_285' title='bbox 1918 4036 2139 4102; x_wconf 87' lang='lat' dir='ltr'>optentu</span> <span class='ocrx_word' id='word_1_286' title='bbox 2166 4034 2219 4087; x_wconf 93' lang='lat' dir='ltr'><strong><em>L</em></strong></span> <span class='ocrx_word' id='word_1_287' title='bbox 2313 4035 2377 4089; x_wconf 89' lang='lat'>13</span> <span class='ocrx_word' id='word_1_288' title='bbox 2402 4032 2711 4087; x_wconf 83' lang='lat' dir='ltr'>exsecrabar</span> <span class='ocrx_word' id='word_1_289' title='bbox 2735 4033 2788 4087; x_wconf 91' lang='lat' dir='ltr'><em>L</em></span> 
     </span>
     <span class='ocr_line' id='line_1_35' title="bbox 494 4118 2783 4188; baseline 0 -18"><span class='ocrx_word' id='word_1_290' title='bbox 494 4122 684 4187; x_wconf 86' lang='lat' dir='ltr'>utpute</span> <span class='ocrx_word' id='word_1_291' title='bbox 715 4120 931 4173; x_wconf 76' lang='lat' dir='ltr'><em>GH¹L¹</em></span> <span class='ocrx_word' id='word_1_292' title='bbox 1029 4122 1092 4174; x_wconf 82' lang='grc'>14</span> <span class='ocrx_word' id='word_1_293' title='bbox 1118 4118 1424 4173; x_wconf 82' lang='lat' dir='ltr'>discendere</span> <span class='ocrx_word' id='word_1_294' title='bbox 1451 4122 1518 4174; x_wconf 90' lang='lat' dir='ltr'><em>H</em></span> <span class='ocrx_word' id='word_1_295' title='bbox 1519 4123 1532 4155; x_wconf 88' lang='lat'><strong>¹</strong></span> <span class='ocrx_word' id='word_1_296' title='bbox 1633 4122 1697 4175; x_wconf 81' lang='grc'>15</span> <span class='ocrx_word' id='word_1_297' title='bbox 1724 4118 2030 4173; x_wconf 84' lang='lat' dir='ltr'>nullatenus</span> <span class='ocrx_word' id='word_1_298' title='bbox 2058 4119 2281 4173; x_wconf 83' lang='lat' dir='ltr'>euadere</span> <span class='ocrx_word' id='word_1_299' title='bbox 2308 4122 2402 4175; x_wconf 85' lang='grc' dir='ltr'>Ηυ</span> <span class='ocrx_word' id='word_1_300' title='bbox 2498 4123 2563 4175; x_wconf 87' lang='grc'>16</span> <span class='ocrx_word' id='word_1_301' title='bbox 2587 4120 2783 4188; x_wconf 88' lang='lat' dir='ltr'>possim</span> 
     </span>
     <span class='ocr_line' id='line_1_36' title="bbox 495 4205 2788 4274; baseline 0 -15"><span class='ocrx_word' id='word_1_302' title='bbox 495 4206 694 4260; x_wconf 79' lang='lat' dir='ltr'><em>AGH1</em></span> <span class='ocrx_word' id='word_1_303' title='bbox 794 4209 856 4261; x_wconf 86' lang='grc'>17</span> <span class='ocrx_word' id='word_1_304' title='bbox 883 4205 1128 4274; x_wconf 87' lang='lat' dir='ltr'>inpraeso</span> <span class='ocrx_word' id='word_1_305' title='bbox 1155 4208 1222 4260; x_wconf 81' lang='grc' dir='ltr'><em>Η</em></span> <span class='ocrx_word' id='word_1_306' title='bbox 1326 4210 1390 4261; x_wconf 82' lang='grc'>19</span> <span class='ocrx_word' id='word_1_307' title='bbox 1417 4222 1502 4259; x_wconf 84' lang='grc'><strong>1110</strong></span> <span class='ocrx_word' id='word_1_308' title='bbox 1526 4224 1628 4261; x_wconf 67' lang='lat' dir='ltr'>ont.</span> <span class='ocrx_word' id='word_1_309' title='bbox 1656 4207 1709 4260; x_wconf 87' lang='lat' dir='ltr'><strong><em>A</em></strong></span> <span class='ocrx_word' id='word_1_310' title='bbox 1819 4206 2121 4259; x_wconf 84' lang='lat' dir='ltr'>relaxerunt</span> <span class='ocrx_word' id='word_1_311' title='bbox 2147 4208 2231 4261; x_wconf 81' lang='grc' dir='ltr'>Η1</span> <span class='ocrx_word' id='word_1_312' title='bbox 2338 4211 2407 4263; x_wconf 79' lang='lat'>20</span> <span class='ocrx_word' id='word_1_313' title='bbox 2433 4206 2601 4260; x_wconf 87' lang='lat' dir='ltr'>isdem</span> <span class='ocrx_word' id='word_1_314' title='bbox 2634 4208 2788 4261; x_wconf 79' lang='lat' dir='ltr'><em>G2L:</em></span> 
     </span>
     <span class='ocr_line' id='line_1_37' title="bbox 495 4292 2786 4361; baseline 0.001 -16"><span class='ocrx_word' id='word_1_315' title='bbox 495 4292 704 4345; x_wconf 83' lang='lat' dir='ltr'>hisdem</span> <span class='ocrx_word' id='word_1_316' title='bbox 735 4294 846 4347; x_wconf 83' lang='lat' dir='ltr'>rell.</span> <span class='ocrx_word' id='word_1_317' title='bbox 937 4296 999 4347; x_wconf 81' lang='lat'>21</span> <span class='ocrx_word' id='word_1_318' title='bbox 1030 4292 1272 4361; x_wconf 84' lang='lat' dir='ltr'>inplicari</span> <span class='ocrx_word' id='word_1_319' title='bbox 1299 4294 1353 4347; x_wconf 87' lang='lat' dir='ltr'><strong><em>A</em></strong></span> <span class='ocrx_word' id='word_1_320' title='bbox 1460 4295 1527 4347; x_wconf 81' lang='lat'>24</span> <span class='ocrx_word' id='word_1_321' title='bbox 1553 4292 1677 4346; x_wconf 88' lang='lat' dir='ltr'>illut</span> <span class='ocrx_word' id='word_1_322' title='bbox 1702 4296 1755 4347; x_wconf 88' lang='lat' dir='ltr'><strong><em>A</em></strong></span> <span class='ocrx_word' id='word_1_323' title='bbox 1862 4296 1928 4348; x_wconf 85' lang='lat'>25</span> <span class='ocrx_word' id='word_1_324' title='bbox 1954 4296 2133 4347; x_wconf 83' lang='lat' dir='ltr'>autem</span> <span class='ocrx_word' id='word_1_325' title='bbox 2160 4293 2278 4361; x_wconf 87' lang='lat' dir='ltr'>quis</span> <span class='ocrx_word' id='word_1_326' title='bbox 2305 4311 2358 4347; x_wconf 87' lang='lat' dir='ltr'>es</span> <span class='ocrx_word' id='word_1_327' title='bbox 2384 4294 2474 4361; x_wconf 89' lang='lat' dir='ltr'>qui</span> <span class='ocrx_word' id='word_1_328' title='bbox 2504 4293 2707 4347; x_wconf 81' lang='lat' dir='ltr'>iudicas</span> <span class='ocrx_word' id='word_1_329' title='bbox 2736 4294 2786 4347; x_wconf 80' lang='lat' dir='ltr'><strong><em>L</em></strong></span> 
     </span>
     <span class='ocr_line' id='line_1_38' title="bbox 498 4379 2549 4449; baseline 0 -14"><span class='ocrx_word' id='word_1_330' title='bbox 498 4382 563 4435; x_wconf 81' lang='lat'>27</span> <span class='ocrx_word' id='word_1_331' title='bbox 603 4379 1001 4449; x_wconf 89' lang='lat' dir='ltr'>iudicabimini]</span> <span class='ocrx_word' id='word_1_332' title='bbox 1039 4379 1365 4433; x_wconf 83' lang='lat' dir='ltr'>iudicabitur</span> <span class='ocrx_word' id='word_1_333' title='bbox 1402 4379 1468 4432; x_wconf 90' lang='lat' dir='ltr'>de</span> <span class='ocrx_word' id='word_1_334' title='bbox 1505 4379 1657 4433; x_wconf 89' lang='lat' dir='ltr'>uobis</span> <span class='ocrx_word' id='word_1_335' title='bbox 1694 4382 1763 4434; x_wconf 86' lang='lat' dir='ltr'><em>H</em></span> <span class='ocrx_word' id='word_1_336' title='bbox 1862 4383 1930 4437; x_wconf 87' lang='grc'>28</span> <span class='ocrx_word' id='word_1_337' title='bbox 1966 4380 2203 4434; x_wconf 85' lang='lat' dir='ltr'>iudicare</span> <span class='ocrx_word' id='word_1_338' title='bbox 2240 4380 2307 4435; x_wconf 91' lang='lat' dir='ltr'>ob</span> <span class='ocrx_word' id='word_1_339' title='bbox 2344 4380 2445 4435; x_wconf 82' lang='lat' dir='ltr'>hoc</span> <span class='ocrx_word' id='word_1_340' title='bbox 2483 4382 2549 4435; x_wconf 89' lang='lat' dir='ltr'><em>H</em></span> 
     </span>
    </p>
   </div>
   <div class='ocr_carea' id='block_1_5' title="bbox 2852 1554 2903 1593">
    <p class='ocr_par' dir='ltr' id='par_1_5' title="bbox 2852 1554 2903 1593">
     <span class='ocr_line' id='line_1_39' title="bbox 2852 1554 2903 1593; baseline 0.02 -1"><span class='ocrx_word' id='word_1_341' title='bbox 2852 1554 2903 1593; x_wconf 85' lang='lat'>10</span> 
     </span>
    </p>
   </div>
   <div class='ocr_carea' id='block_1_6' title="bbox 2848 2083 2900 2124">
    <p class='ocr_par' dir='ltr' id='par_1_6' title="bbox 2848 2083 2900 2124">
     <span class='ocr_line' id='line_1_40' title="bbox 2848 2083 2900 2124; baseline 0.038 -2"><span class='ocrx_word' id='word_1_342' title='bbox 2848 2083 2900 2124; x_wconf 77' lang='lat'>15</span> 
     </span>
    </p>
   </div>
   <div class='ocr_carea' id='block_1_7' title="bbox 2843 3130 2897 3171">
    <p class='ocr_par' dir='ltr' id='par_1_7' title="bbox 2843 3130 2897 3171">
     <span class='ocr_line' id='line_1_41' title="bbox 2843 3130 2897 3171; baseline -0.019 0"><span class='ocrx_word' id='word_1_343' title='bbox 2843 3130 2897 3171; x_wconf 81' lang='lat'>25</span> 
     </span>
    </p>
   </div>
  </div>
 </body>
</html>
