3167 4975
515 415 601 477 30
1326 411 1642 466 Iohannis
1689 411 1988 466 Cassiani

600 589 737 652 XV.
788 589 1013 653 Finitis
1062 589 1254 673 igitur
1299 589 1560 673 psalmis
1611 595 1673 654 et
1719 590 2036 654 cotidiana
2081 591 2585 672 congregatione,
2643 590 2804 654 sicut

514 695 799 777 superius
834 695 1345 772 memorauimuS,
1395 694 1686 758 absoluta
1715 694 1928 758 nullus
1970 711 2184 757 eorum
2230 694 2328 757 uel
2379 695 2456 758 ad
2490 694 2804 758 modicum

514 797 857 863 subsistere
905 783 1027 863 aut‘
1062 799 1464 862 sermocinari
1499 799 1688 863 audet
1733 817 1878 863 cum
1926 798 2141 879 altero,
2191 799 2298 861 sed
2331 817 2410 862 ne
2457 817 2566 882 per
2599 802 2805 862 totum

513 903 765 985 quidem
812 903 935 966 (liei
983 903 1257 986 spatium
1304 903 1527 967 cellam
1578 921 1758 967 suam
1804 904 2094 987 progredi
2141 907 2248 967 aut
2295 903 2579 966 deserere
2626 923 2802 987 opus,

512 1008 677 1088 quod
709 1009 772 1070 in
808 1027 881 1071 ea
914 1007 1135 1072 solitus
1170 1011 1267 1071 est¹
1300 1025 1604 1088 exercere,
1636 1008 2002 1091 praesumit,
2046 1007 2167 1071 nisi
2198 1008 2358 1071 forte
2391 1025 2536 1071 cum
2567 1007 2803 1072 fuerint
2881 1025 2908 1064 5

512 1112 589 1176 ad
621 1110 901 1176 officium
933 1112 1269 1176 necessarii
1316 1112 1620 1194 cuiusque
1653 1113 1858 1195 operis
1905 1113 2166 1176 euocati.
2221 1113 2386 1194 quod
2433 1113 2522 1177 ita
2553 1115 2805 1196 explent

512 1216 677 1280 foras
711 1217 968 1300 egressi,
1011 1221 1081 1281 ut
1114 1217 1288 1281 nulla
1319 1217 1483 1281 inter
1516 1236 1620 1280 eos
1655 1217 2092 1281 sermocinatio
2124 1218 2379 1300 penitus
2411 1222 2800 1282 conseratur:

510 1322 619 1384 sed
668 1323 757 1385 sic
804 1322 1233 1404 unusquisque
1295 1339 1450 1404 opus
1500 1322 1860 1404 exsequitur
1918 1321 2291 1402 iniunctum,
2355 1325 2424 1386 ut
2484 1323 2800 1405 psalmum

508 1426 611 1488 uel
678 1427 1054 1509 scripturam
1116 1425 1460 1508 quamlibet
1534 1427 1895 1490 memoriter
1954 1427 2332 1490 recensendo
2403 1445 2527 1492 non
2595 1427 2800 1491 solum

508 1531 955 1614 conspirationi
1002 1530 1219 1595 noxiae
1268 1530 1364 1593 uel
1413 1531 1693 1594 consiliis
1739 1531 1974 1613 prauiS,
2023 1531 2134 1594 sed
2172 1550 2250 1594 ne
2294 1531 2513 1596 otiosis
2545 1532 2798 1613 quidem
2855 1549 2906 1586 ιο

508 1636 854 1717 conloquiis
902 1635 1094 1699 ullam
1158 1636 1403 1718 copiam
1450 1635 1549 1698 uel
1599 1638 1847 1718 tempus
1895 1636 2212 1718 inpertiat,
2274 1636 2397 1700 oris
2445 1637 2676 1719 pariter
2739 1640 2801 1700 et

510 1740 712 1803 cordis
760 1739 963 1804 officio
995 1739 1060 1803 in
1106 1741 1515 1804 meditatione
1548 1740 1817 1822 spiritali
1864 1741 2092 1824 iugiter
2135 1745 2456 1823 occupato.
2551 1726 2800 1806 summa

508 1862 780 1926 namque
813 1843 1217 1908 obseruantia
1258 1845 1628 1924 custoditur,
1678 1865 1754 1908 ne
1788 1845 2122 1927 quisquam
2170 1864 2314 1909 cum
2348 1846 2468 1909 alio
2517 1864 2588 1909 ac
2619 1864 2798 1929 prae-

506 1949 685 2031 cipue
732 1949 1005 2012 iuniores
1052 1949 1153 2012 uel
1203 1949 1276 2012 ad
1325 1953 1634 2032 punctum
1681 1950 1980 2033 temporis
2013 1950 2245 2031 pariter
2293 1949 2654 2014 substitisse
2689 1953 2798 2014 aut

506 2053 752 2136 uspiam
802 2054 1135 2116 secessisse
1183 2053 1285 2116 uel
1332 2072 1557 2117 manus
1607 2072 1754 2116 suas
1802 2054 2078 2117 inuicem
2125 2055 2403 2118 tenuisse
2451 2054 2798 2137 deprehen·
2855 2069 2904 2108 1⁵

505 2157 751 2221 dantur.
832 2158 885 2221 si
933 2158 1039 2239 qui
1085 2175 1233 2221 uero
1280 2161 1499 2222 contra
1543 2158 1732 2221 huius
1796 2159 2046 2241 regulae
2111 2159 2508 2241 disciplinam
2567 2159 2797 2240 reperti

504 2262 741 2326 fuerint
787 2262 1023 2345 aliquid
1072 2282 1144 2326 ex
1188 2263 1287 2326 his
1334 2281 1495 2344 quae
1542 2262 1878 2326 interdicta
1925 2267 2076 2328 sunt
2123 2264 2472 2342 admisisse,
2536 2268 2606 2328 ut
2651 2281 2797 2326 con-

505 2368 786 2430 tumaces
836 2384 908 2430 ac
968 2368 1499 2448 praeuaricatores
1548 2367 1990 2431 mandatorum
2046 2385 2172 2432 non
2217 2368 2376 2432 leuis
2440 2368 2659 2450 culpae
2705 2367 2796 2430 rei

503 2471 890 2553 pronuntiati
962 2472 1314 2555 suspicione
1384 2472 1577 2537 etiam
1653 2471 2101 2537 coniurationis
2170 2473 2473 2557 prauique
2550 2472 2814 2537 consilii

503 2593 709 2638 carere
786 2594 910 2640 non
978 2580 1290 2659 pot-erunt.
1372 2594 1562 2659 quam
1633 2576 1884 2660 culpam
1955 2578 2077 2641 nisi
2147 2578 2215 2641 in
2284 2596 2482 2641 unum
2551 2578 2794 2641 cunct-is
2847 2592 2900 2631 20

504 2679 803 2743 fratribus
880 2681 1277 2765 congregatis
1345 2680 1600 2763 publica
1674 2681 1973 2745 diluerint
2039 2682 2456 2764 paenitentia,
2530 2682 2793 2746 orationi

502 2783 771 2847 fratrum
818 2786 1031 2849 nullus
1081 2804 1297 2849 eorum
1342 2786 1648 2849 interesse
1694 2786 2099 2869 permittitur.

586 2888 755 2953 XVI.
807 2888 967 2953 Sane
1024 2890 1077 2954 si
1140 2891 1279 2972 quis
1327 2908 1438 2973 pro
1500 2891 1776 2954 admisso
1838 2890 2118 2972 quolibet
2179 2892 2403 2955 delicto
2463 2891 2652 2955 fuerit
2713 2890 2790 2955 ab

502 2993 780 3057 oratione
828 3012 1194 3077 suspensuS,
1242 2995 1453 3059 nullus
1502 3014 1646 3057 cum
1695 3011 1764 3058 eo
1811 3012 2065 3076 prorsus
2099 2996 2316 3059 orandi
2361 2994 2554 3059 habet
2598 2996 2792 3059 licen-

500 3098 678 3177 tiam,
742 3102 1081 3180 antequam
1128 3098 1471 3162 summissa
1514 3098 1579 3162 in
1643 3102 1876 3162 terram
1923 3100 2310 3182 paenitentia
2367 3100 2790 3163 reconciliatio
2846 3113 2897 3153 25

500 3201 633 3265 eius
696 3206 759 3266 et
814 3203 1075 3267 admissi
1136 3203 1324 3267 uenia
1384 3220 1593 3267 coram
1640 3202 1942 3267 fratribus
1998 3204 2242 3267 cunctis
2289 3203 2538 3286 publice
2603 3204 2790 3267 fuerit

501 3304 578 3369 ab
629 3304 858 3370 abbate
920 3324 1236 3371 concessa.
1316 3305 1393 3370 ob
1442 3306 1559 3369 hoc
1623 3326 1894 3390 namque
1961 3308 2073 3371 tali
2127 3308 2532 3374 obseruantia
2591 3313 2788 3372 semet

500 3410 666 3493 ipsos
723 3409 799 3475 ab
863 3411 1163 3475 orationis
1221 3412 1353 3475 eius
1414 3412 1726 3475 consortio
1789 3416 2124 3495 segregant
2185 3418 2374 3494 atque
2436 3416 2788 3491 secernunt,

498 3516 663 3596 quod
731 3516 992 3579 credunt
1055 3534 1220 3595 eum,
1291 3514 1398 3597 qui
1459 3514 1535 3579 ab
1602 3517 1880 3580 oratione
1945 3517 2371 3600 suspenditur,
2443 3518 2788 3581 secundum

588 3719 613 3771 l
654 3714 819 3769 xnn
857 3716 925 3769 ΙΙ
1034 3714 1217 3768 finitus
1254 3722 1304 3769 et
1340 3714 1575 3782 psalmus
1614 3717 1688 3768 L¹
1808 3715 1992 3769 cottid.
2031 3718 2108 3770 L2
2213 3719 2246 3770 4
2284 3715 2472 3769 cellam
2510 3732 2663 3768 suam
2701 3718 2789 3770 H.-

497 3801 629 3855 cella
664 3819 759 3855 sna
788 3802 839 3855 G
911 3819 938 3855 e
976 3802 1167 3854 cellula
1204 3818 1298 3853 sua
1321 3803 1373 3855 L
1482 3800 1748 3855 desserere
1774 3804 1850 3856 L¹
1958 3808 1989 3858 5
2025 3806 2330 3871 praesumet
2354 3804 2438 3857 ΙΙ1
2545 3806 2578 3857 6
2615 3804 2788 3871 operis

496 3888 748 3957 cuiusque
784 3889 837 3942 L
962 3892 993 3943 7
1030 3888 1242 3957 penitus
1280 3908 1379 3943 om.
1415 3890 1467 3942 L
1595 3893 1627 3944 8
1666 3890 1942 3957 exequitur
1983 3892 2104 3945 GH
2207 3895 2270 3946 10
2308 3888 2698 3958 conspiratione
2735 3891 2788 3943 L

496 3976 649 4029 noxia
682 3976 759 4029 L²
864 3992 1062 4045 prauus
1087 3977 1161 4029 L¹
1273 3978 1330 4031 11
1374 3976 1585 4044 cupiam
1613 3978 1696 4030 H¹
1809 3981 1869 4032 15
1911 3977 2181 4029 recessisse.
2207 3980 2258 4031 L
2368 3980 2430 4031 16
2468 3977 2700 4045 repperti
2727 3978 2794 4031 H

498 4064 560 4117 17
598 4062 702 4115 hiis
740 4063 815 4116 L¹
922 4060 1227 4114 admississc
1266 4064 1316 4115 L
1423 4064 1505 4130 utl
1546 4065 1640 4115 aut.
1676 4064 1753 4117 L¹
1863 4067 1926 4118 19
1963 4064 2255 4132 suspitione
2285 4066 2336 4117 L
2409 4062 2693 4132 suspicioni
2737 4064 2788 4116 G

495 4152 557 4203 21
587 4147 799 4217 puplica
826 4148 1093 4201 doluerint
1116 4149 1182 4202 H
1282 4149 1577 4217 penitentia
1606 4151 1756 4204 (r'1L1
1828 4150 2158 4219 poenitentia
2198 4151 2412 4204 (ι’ἳΗΙ,2
2518 4153 2587 4205 23
2611 4150 2709 4203 XV
2733 4150 2786 4203 H

496 4234 698 4289 delecto
718 4236 791 4289 L¹
898 4238 966 4290 25
992 4234 1277 4287 summissa
1300 4236 1377 4289 G.-
1402 4236 1744 4289 summissam
1763 4238 1815 4291 L
1888 4236 2152 4290 submissa
2177 4239 2237 4291 H
2322 4236 2617 4306 penitentia
2649 4238 2794 4291 (ΡΗ

494 4366 689 4437 poenit.
720 4366 796 4421 G²
864 4332 1165 4435 penitenti-3
1184 4366 1237 4421 L
1328 4368 1394 4421 27
1421 4366 1575 4421 abate
1603 4368 1672 4421 H
1737 4383 1962 4437 namque
1987 4369 2109 4423 GH
2111 4390 2128 4422 .·
2153 4369 2294 4422 enim
2315 4369 2369 4423 L
2438 4372 2508 4425 28
2532 4369 2704 4438 adque
2725 4370 2792 4423 H
