3167 4975
337 1058 364 1095 5

303 1582 365 1619 10

305 2103 365 2142 15

301 2630 368 2669 20

1323 437 1484 492 Inst.
1524 437 1634 492 lib.
1664 439 1729 500 X,
1768 441 1815 494 7.
2594 441 2716 505 179

423 613 731 694 quintam:
781 619 853 676 et
898 614 1182 678 nullius
1216 615 1500 696 aliquid
1532 614 2006 680 desideretis.
2070 635 2213 680 ecce
2244 617 2353 681 illa
2382 619 2715 698 cunctatio,

423 734 606 798 quam
655 720 844 781 tantis
891 719 1166 799 proferre
1211 720 1544 802 prooemiis
1592 719 1941 801 differebat,
1989 722 2133 803 quid
2178 723 2243 786 in
2290 723 2419 786 eius
2465 726 2715 805 pectore

417 823 722 903 parturire
769 823 1168 905 agnoscitur?
1245 827 1316 887 et
1367 841 1665 906 operam
1722 826 1915 889 detis
1975 830 2056 890 ut
2116 828 2347 908 quieti
2405 828 2606 908 sitis,
2653 827 2715 891 id

421 929 520 990 est
562 927 628 989 in
674 927 900 990 uestris
946 927 1186 991 cellulis
1233 933 1693 993 commorantes
1739 949 1854 992 nec
1894 930 2156 994 diuersis
2188 931 2563 1012 rumoribuS,
2611 932 2713 1013 qui

421 1032 627 1097 solent
670 1034 1008 1096 otiosorum
1054 1034 1215 1097 uotis
1262 1034 1364 1097 uel
1410 1033 1643 1098 fabulis
1688 1037 1995 1118 generari,
2044 1037 2299 1118 inquieti
2340 1037 2545 1100 effecti
2579 1037 2714 1101 aliis

420 1155 661 1218 quoque
693 1137 1153 1218 inquietudines
1184 1140 1487 1203 inferatis
1554 1144 1627 1204 et
1670 1143 1750 1204 ut
1794 1144 2049 1204 uestra
2096 1143 2397 1224 negotia
2440 1143 2715 1226 agatis,

421 1259 545 1305 non
591 1243 946 1306 curiositate
991 1247 1204 1307 uestra
1249 1248 1425 1308 actus
1472 1244 1690 1308 mundi
1744 1245 1952 1309 uelitis
2010 1246 2318 1327 inquirere
2379 1263 2453 1310 ac
2511 1247 2716 1310 diuer-

421 1365 630 1411 sorum
693 1349 1202 1412 conuersationes
1264 1349 1657 1430 explorantes
1719 1367 1971 1430 operam
2034 1353 2315 1414 uestram
2374 1369 2500 1415 non
2569 1369 2719 1435 erga

421 1453 865 1516 correctionem
912 1457 1189 1517 uestram
1231 1473 1340 1518 seu
1374 1455 1677 1518 uirtutum
1711 1453 1934 1535 studia,
1982 1455 2090 1518 sed
2124 1456 2199 1519 ad
2235 1456 2717 1520 detractationes

421 1557 688 1621 fratrum
731 1558 936 1622 uelitis
981 1557 1339 1640 inpendere.
1420 1561 1493 1622 et
1554 1561 1965 1640 operemini
2011 1559 2359 1624 manibus
2404 1561 2718 1641 uestriS,

422 1662 617 1725 sicut
673 1662 1193 1744 praecepimus
1253 1661 1488 1726 uobis.
1566 1680 1675 1726 cur
1736 1662 1844 1727 illa
1903 1663 2129 1728 fierent
2189 1683 2345 1746 quae
2392 1668 2722 1729 monuerat

421 1767 704 1846 superius
766 1785 847 1830 ne
909 1770 1189 1850 agerent,
1250 1767 1314 1830 id
1375 1771 1472 1831 est
1523 1787 1603 1831 ne
1648 1768 1907 1849 inquieti
1955 1773 2169 1834 essent
2213 1768 2316 1833 uel
2366 1770 2570 1834 aliena
2614 1789 2721 1834 cu-

421 1873 634 1934 rarent
677 1871 927 1954 negotia
971 1871 1072 1935 uel
1119 1871 1448 1936 inhoneste
1491 1871 1893 1936 ambularent
1934 1872 2014 1936 ad
2060 1891 2165 1937 eos
2213 1875 2316 1956 qui
2360 1874 2509 1938 foris
2573 1877 2723 1938 sunt

423 1975 524 2038 uel
570 1974 824 2038 alterius
870 1976 1100 2057 aliquid
1133 1976 1579 2057 desiderarent,
1628 1995 1795 2040 nunc
1826 1977 2038 2042 intulit
2066 1977 2308 2043 dicens:
2358 1982 2429 2042 et
2472 1997 2722 2061 opere-

424 2080 604 2142 mini
679 2079 1023 2144 manibus
1085 2081 1394 2162 uestriS,
1465 2081 1663 2145 sicut
1726 2082 2246 2164 praecepimus
2314 2080 2553 2148 uobis,
2651 2086 2722 2147 ut

425 2185 592 2246 enim
635 2182 860 2247 fierent
902 2185 1028 2264 illa,
1077 2203 1234 2267 quae
1281 2187 1564 2267 superius
1626 2185 2045 2267 reprehendit,
2109 2186 2217 2250 otii
2278 2205 2534 2252 causam
2582 2207 2721 2252 esse

424 2288 742 2352 euidenter
788 2289 1106 2371 expressit.
1185 2290 1394 2355 nullus
1442 2290 1611 2352 enim
1654 2293 1863 2371 potest
1906 2290 2007 2354 uel
2054 2289 2368 2374 inquietus
2417 2311 2555 2355 esse
2617 2292 2721 2355 uel

425 2392 628 2456 aliena
673 2410 888 2456 curare
935 2394 1206 2476 negotia,
1254 2394 1372 2456 nisi
1418 2395 1521 2475 qui
1569 2393 1738 2476 operi
1784 2411 2089 2458 manuum
2137 2413 2393 2459 suarum
2441 2413 2565 2460 non
2612 2397 2721 2459 ad-

423 2498 684 2579 quiescit
727 2498 1031 2562 insistere.
1110 2504 1402 2582 quartum
1447 2518 1694 2581 quoque
1749 2500 1961 2564 intulit
2007 2500 2318 2581 morbum,
2367 2502 2573 2583 quiex
2604 2501 2723 2566 hoc

423 2604 557 2683 ipso
604 2604 726 2666 otio
776 2606 1080 2684 nascitur,
1143 2604 1206 2667 id
1254 2607 1351 2667 est
1395 2608 1466 2667 ut
1509 2604 1836 2668 inhoneste
1884 2621 2007 2668 non
2068 2605 2417 2686 ambulent,
2480 2606 2720 2670 dicens:

423 2710 496 2770 et
553 2710 632 2769 ut
690 2706 1005 2771 honeste
1065 2706 1473 2771 ambuletis
1538 2708 1625 2771 ad
1690 2725 1811 2771 eos
1868 2709 1988 2790 qui
2034 2708 2218 2773 foris
2267 2708 2459 2773 sunt.
2538 2729 2723 2774 num-

423 2828 609 2891 quam
657 2814 863 2893 potest
915 2831 992 2875 ne
1054 2812 1217 2894 apud
1281 2830 1385 2876 eos
1449 2812 1701 2894 quidem
1766 2813 1869 2894 qui
1930 2814 2163 2877 saeculi
2222 2813 2511 2878 homines
2574 2818 2724 2879 sunt

422 2915 686 2980 honeste
731 2915 1036 2997 incedere,
1093 2918 1198 2999 qui
1242 2936 1637 3000 nequaquam
1685 2918 1973 2982 claustris
2021 2918 2216 2983 cellae
2264 2922 2327 2983 et
2372 2920 2540 3001 operi
2588 2937 2722 2983 ma-

420 3039 620 3085 nuum
667 3038 924 3085 suarum
968 3021 1290 3085 inhaerere
1336 3025 1665 3086 contentus
1714 3026 1829 3103 est,
1879 3023 1989 3086 sed
2036 3042 2291 3087 necesse
2325 3027 2422 3087 est
2451 3042 2595 3088 eum
2626 3026 2720 3087 in-

640 3158 693 3227 1]
732 3158 766 3211 l.
793 3174 836 3212 c.
946 3158 1002 3227 3]
1039 3158 1075 3211 1.
1103 3174 1145 3212 c.
1256 3159 1313 3228 6]
1349 3158 1385 3213 1.
1414 3176 1456 3213 c.
1570 3158 1659 3228 10]
1696 3158 1731 3212 l.
1760 3176 1803 3213 c.
1910 3160 2003 3229 21]
2039 3159 2074 3213 1.
2102 3177 2145 3214 c.

515 3283 542 3336 1
581 3280 826 3349 quintam
865 3298 964 3336 om.
1012 3280 1058 3334 G
1184 3280 1262 3349 et]
1301 3284 1362 3334 ut
1398 3282 1451 3335 L
1582 3284 1616 3337 2
1653 3281 1836 3350 quam]
1876 3298 2010 3350 quae
2053 3282 2126 3336 G¹
2251 3280 2489 3351 proferre
2526 3302 2627 3339 om.
2668 3284 2723 3337 A

421 3368 710 3438 prooemiis
747 3370 830 3423 A:
871 3368 1120 3437 proemiis
1165 3368 1433 3423 GGH²L²
1500 3369 1754 3437 praemiis
1791 3370 1867 3423 L¹
1939 3369 2219 3438 proemisis
2256 3370 2326 3424 H
2327 3372 2342 3405 ¹
2450 3368 2725 3425 deferebat

427 3500 588 3555 G¹H¹
695 3503 729 3555 3
764 3499 1029 3569 parturire
1062 3498 1188 3553 C'A:
1223 3500 1515 3567 parturiret
1538 3500 1713 3554 HLT
1776 3466 2079 3570 parturihat
2107 3501 2193 3555 Gv
2298 3500 2637 3569 cognoscitur
2670 3504 2725 3556 A

423 3616 460 3668 4
497 3614 554 3667 in
591 3632 691 3669 om.
723 3614 770 3669 G
813 3587 830 3603 ἱ
909 3612 1110 3665 cellolis
1147 3614 1230 3667 Η1
1375 3611 1614 3667 moribus
1658 3614 1704 3669 G
1820 3618 1851 3669 5
1890 3614 2054 3683 uotis]
2091 3580 2221 3667 uitis
2258 3615 2329 3668 H
2426 3617 2481 3667 et
2516 3612 2634 3667 aliis
2670 3615 2724 3669 L

427 3704 460 3757 7
486 3701 684 3754 uellitis
709 3701 870 3756 G¹H¹
975 3703 1008 3755 8
1035 3700 1484 3770 conuersationes]
1512 3720 1633 3757 cum
1651 3702 1751 3757 hoc
1773 3703 2038 3757 uocabulo
2058 3702 2257 3771 incipit
2277 3702 2390 3756 cod.
2426 3700 2473 3755 0
2484 3719 2615 3771 pay.
2638 3706 2724 3769 34,

424 3790 490 3843 in
534 3806 643 3857 qua
685 3789 830 3842 nihil
871 3790 986 3855 fere
1036 3788 1202 3857 leyere
1239 3788 1402 3857 potui
1483 3788 1926 3842 commorationes
1971 3791 2024 3842 A
2167 3790 2199 3843 9
2238 3788 2623 3857 correptionem
2671 3790 2724 3843 L

425 3874 688 3944 uestram]
733 3890 944 3927 morum
991 3876 1044 3928 A
1187 3875 1256 3927 ad
1301 3892 1402 3931 om.
1443 3878 1495 3929 A
1640 3874 2023 3929 detractatione
2061 3878 2115 3929 A
2188 3874 2599 3928 detrectationes
2650 3876 2725 3929 6¹

423 3962 781 4017 detractiones
813 3962 1082 4016 GG²HTv
1142 3961 1475 4015 detractione
1497 3964 1550 4016 L
1662 3966 1725 4017 10
1752 3961 1951 4016 uellitis
1982 3964 2125 4017 G¹H
2126 3966 2141 3998 ¹
2237 3962 2532 4031 operamini
2557 3962 2679 4016 ΑΗ
2682 3964 2731 4015 Τ

429 4053 491 4106 11
531 4049 888 4119 praecipimus
925 4049 1142 4103 AH¹L¹
1269 4049 1385 4118 cur]
1423 4054 1487 4103 ut
1527 4050 1611 4105 Gv
1716 4048 1810 4103 illa
1846 4068 1945 4105 om.
1986 4052 2040 4103 A
2165 4052 2446 4103 monuerat
2482 4048 2723 4117 superius

423 4154 492 4191 ne
531 4136 770 4205 agerent]
809 4135 1052 4204 superius
1090 4139 1369 4189 enumerat
1407 4138 1460 4190 L
1570 4139 1636 4191 12
1674 4136 1760 4189 uel
1790 4138 1985 4191 AHT:
2022 4140 2076 4189 et
2116 4138 2255 4191 (ΗΛ)
2365 4137 2429 4190 13
2465 4134 2608 4189 foras
2650 4136 2723 4191 6¹

427 4227 496 4280 14
533 4223 826 4292 operamini
850 4224 1026 4277 AHT
1127 4226 1190 4277 15
1227 4223 1582 4291 praecipimus
1609 4224 1825 4278 AH¹L¹
1938 4226 2000 4279 16
2039 4240 2253 4277 causam
2291 4222 2426 4290 esse]
2460 4238 2645 4275 causas
2671 4223 2723 4275 L

429 4314 498 4367 19
535 4309 760 4363 uerbum
785 4311 838 4364 L
945 4312 1014 4364 20
1051 4310 1183 4363 uitio
1207 4311 1261 4363 L
1368 4312 1430 4365 21
1473 4310 1548 4378 et]
1590 4309 1731 4379 quod
1758 4312 1811 4365 A
1884 4312 1939 4363 et
1962 4314 2025 4364 ut
2048 4310 2190 4380 quod
2216 4312 2300 4365 H²
2408 4312 2474 4366 22
2512 4324 2609 4363 nec
2638 4308 2722 4365 Gv

427 4400 564 4468 aput
597 4398 653 4453 A
757 4400 826 4453 24
861 4396 1045 4451 herere
1081 4397 1136 4452 L
