3167 4975
2465 476 2621 533 LIII

322 668 574 731 semper
622 668 770 723 esee,
819 644 964 725 384,
997 645 1082 709 25
1128 644 1284 709 colit
1331 644 1436 707 iob
1483 646 1598 730 (c),
1646 644 1793 726 391,
1829 643 1863 706 7
1914 642 2250 707 interdum
2297 644 2619 707 humanae

329 751 444 835 (c),
474 752 628 827 431,
663 751 703 815 6
735 750 924 835 copia
957 749 1148 813 lactis
1179 755 1208 835 (
1213 752 1297 829 v),
1328 748 1477 827 481,
1504 750 1589 813 30
1624 752 1761 835 ipse
1792 748 1912 811 sub
1948 748 2075 835 le9e
2108 770 2237 811 non
2269 770 2461 811 essem
2498 750 2616 831 (v).

325 864 582 939 apparet
613 876 758 940 ergo
779 856 1341 939 Petropolitanum,
1369 856 1597 938 quippe-
1624 878 1657 917 e
1682 874 1803 937 quo
1830 856 2065 919 multae
2090 854 2389 918 lectiones
2416 855 2617 918 malae

325 966 382 1025 et
432 980 594 1043 quae
645 962 706 1025 in
743 962 912 1025 nullo
957 961 1340 1043 reliquorum
1385 962 1668 1024 codicum
1704 964 1918 1023 extant
1946 960 2011 1023 in
2046 960 2349 1023 editione-s
2392 960 2619 1023 transi-

325 1074 526 1140 erunt,
553 1066 924 1130 auctoritate
944 1070 1004 1129 et
1023 1064 1306 1129 bonitate
1326 1084 1468 1129 oum
1487 1068 1541 1128 Σ
1557 1084 1951 1147 nequaquam
1972 1084 2107 1127 esse
2129 1064 2613 1146 conparandum.

413 1169 714 1234 Codicum
755 1172 883 1249 ΥΟ,
933 1190 1009 1233 ne
1043 1170 1268 1252 longus
1301 1170 1444 1249 sim,
1491 1170 1610 1233 hoc
1650 1171 1783 1233 loco
1832 1174 2081 1233 tantum
2129 1168 2269 1232 illas
2319 1168 2617 1232 lectiones

325 1274 828 1339 commemorabo
855 1294 1010 1355 quas
1038 1292 1110 1337 ex
1135 1274 1222 1337 eis
1249 1279 1467 1337 contra
1491 1274 1929 1337 auctoritatem
1954 1276 2087 1337 ΣΠ
2106 1272 2329 1355 recepi.
2376 1278 2428 1335 Y
2446 1274 2615 1336 solus

325 1398 544 1443 uerum
579 1378 830 1442 exhibet
878 1400 936 1461 p.
971 1378 1120 1449 345,
1154 1379 1195 1439 ἴ)
1235 1400 1387 1461 quos
1423 1376 1590 1454 licet,
1640 1377 1787 1454 357,
1822 1377 1857 1439 7
1892 1376 2347 1452 aec-edentium,
2394 1376 2542 1456 364,
2575 1376 2618 1439 4

325 1482 534 1546 boum.
589 1485 644 1548 Ο
677 1504 735 1566 p.
771 1482 918 1562 356,
949 1483 992 1545 4
1025 1482 1366 1567 inspirati,
1413 1482 1562 1561 439,
1597 1482 1681 1545 20
1723 1482 2025 1565 depes-tio.
2094 1484 2202 1545 ΥΟ
2236 1502 2291 1563 p.
2336 1480 2485 1559 338,
2536 1480 2612 1543 13

329 1610 524 1673 neque
574 1586 834 1664 ebriosi,
880 1588 1029 1667 401,
1062 1586 1146 1650 26
1191 1587 1495 1672 qratiam,
1543 1586 1692 1666 441,
1732 1587 1809 1649 13
1856 1608 2109 1647 eattsas.

407 1694 738 1757 Postremo
771 1694 845 1756 de
893 1694 1108 1775 paucis
1141 1693 1313 1771 locis,
1362 1711 1516 1774 quos
1551 1698 1659 1756 aut
1692 1692 1753 1755 in
1788 1692 2228 1755 dissertatione
2279 1710 2399 1754 non
2434 1692 2613 1774 tetigi

323 1805 428 1861 aut
491 1802 713 1879 postea
758 1798 896 1861 aliis
959 1797 1274 1860 similibus
1331 1796 1711 1879 conprobare
1759 1802 1817 1859 et
1868 1797 2047 1877 quasi
2114 1814 2276 1859 nona
2320 1796 2457 1859 luce
2520 1795 2616 1859 in-

324 1903 590 1967 lustrare
637 1902 921 1985 contigit,
979 1902 1410 1965 disserendum
1459 1906 1571 1964 est.
1638 1901 1747 1979 XI,
1778 1900 1841 1978 4,
1875 1900 1915 1961 3}
1962 1903 2017 1963 Σ
2060 1905 2313 1964 secutus
2361 1899 2613 1983 scripsi:

321 2004 590 2067 nullum
664 1982 1002 2067 iuniorunt
1059 2004 1223 2067 -ηιίΙιί
1289 2005 1354 2066 in
1416 2006 1584 2067 hane,
1644 2026 1845 2088 usque
1906 2013 2181 2065 aetatem
2241 2002 2615 2065 cohabitare

314 2111 618 2196 permisi,
663 2133 740 2173 ne
788 2110 1074 2195 eaeemplo
1122 2132 1254 2172 meo
1301 2108 1580 2172 alterius
1630 2108 1959 2171 districtio
2008 2106 2349 2171 relaoeetur
2396 2106 2613 2191 (laxa-

325 2226 512 2279 retur
562 2214 846 2300 HYOv),
894 2234 1188 2299 praesens
1232 2221 1480 2299 tempus
1524 2215 1733 2298 aptius
1775 2234 1910 2278 esse
1958 2218 2153 2293 ratus,
2198 2214 2345 2295 quia
2375 2213 2614 2277 Arche-

323 2321 466 2385 bius
499 2322 573 2385 de
606 2342 670 2386 re
703 2322 980 2402 loquitur
1011 2340 1200 2403 quam
1235 2322 1568 2384 etiamtum
1606 2340 1671 2383 se
1704 2320 2071 2383 obseruasse
2107 2324 2169 2382 et
2214 2321 2355 2401 post
2401 2318 2614 2381 obser-

323 2430 620 2491 uaturum
653 2445 788 2490 esse
821 2426 1102 2510 intellegi
1151 2426 1306 2490 uult.
1343 2462 1423 2469 —
1457 2424 1568 2506 XI,
1604 2422 1665 2505 8,
1696 2422 1764 2488 5:
1824 2422 1935 2484 illi
1972 2422 2046 2506 (i.
2086 2444 2133 2483 e.
2170 2422 2613 2499 conscientiae)

315 2529 735 2614 potissimum
795 2529 1058 2592 studere
1113 2529 1464 2606 contendet,
1528 2551 1753 2614 quam
1810 2526 2445 2590 nec.circumueniri
2504 2547 2615 2588 nec

311 2633 489 2718 falli
517 2657 630 2697 nec
654 2633 1109 2720 subterfuqere
1133 2657 1196 2696 se
1211 2655 1400 2719 posse
1425 2633 1759 2720 eoqnosct‘t.
1804 2635 1880 2696 cf.
1912 2633 2049 2713 XX,
2075 2633 2135 2713 ἴ),
2163 2632 2203 2696 3
2227 2629 2613 2694 uerissimue

325 2739 590 2823 quidam
650 2739 1061 2801 examinator
1121 2738 1569 2822 paenitentiae
1640 2747 1699 2800 et
1764 2736 1962 2799 indam
2030 2734 2479 2821 indulqentiae
2542 2735 2613 2796 in

324 2843 710 2906 conscientia
776 2842 1014 2906 residet
1073 2853 1316 2904 nostra.
1367 2843 1536 2922 XXI,
1571 2841 1675 2922 22,
1709 2841 1749 2904 2
1798 2840 2037 2904 residet
2090 2841 2155 2902 in
2216 2839 2613 2902 conscientia

324 2957 550 3010 nost-ra
582 2947 1014 3032 incorruptus
1061 2945 1330 3031 quidam
1376 2969 1454 3008 ac
1483 2967 1685 3008 uerus
1719 2944 1942 3022 iudex,
1990 2944 2105 3029 qui
2134 2965 2613 3028 nonnumquam

323 3073 521 3136 super
563 3060 746 3114 statu
785 3051 1118 3136 puritatis
1181 3060 1440 3113 nost-rae
1501 3051 1749 3112 eunctis
1797 3047 2180 3112 errantibus
2226 3048 2405 3111 solus
2475 3049 2611 3133 ipse

324 3179 448 3218 non
465 3155 781 3241 fallitur.
815 3195 900 3202 —
933 3157 1076 3235 XII,
1103 3155 1163 3235 ἶ),
1188 3156 1232 3218 4
1259 3155 1619 3240 percipiet:
1650 3158 1726 3219 cf.
1770 3155 1869 3234 13,
1901 3155 1931 3216 1
1968 3155 2111 3216 uim
2144 3152 2437 3216 laetitiae
2460 3175 2611 3238 per-

325 3261 554 3345 cipere.
585 3261 858 3342 XVIIII,
891 3261 987 3341 13,
1023 3260 1052 3321 1
1083 3268 1466 3344 ary-macuta
1489 3259 1921 3344 percepimus·
1956 3260 2031 3322 de
2066 3257 2241 3322 uerbi
2272 3257 2611 3342 percipere

325 3365 650 3430 iteratione
696 3367 778 3430 ct'.
826 3366 1020 3429 Index
1067 3365 1432 3429 'locutiones
1479 3365 1715 3428 mirae?
1762 3402 1847 3408 —
1894 3363 2070 3442 XIII,
2104 3363 2164 3441 3,
2202 3363 2233 3424 1
2274 3361 2609 3446 pevficere,

327 3472 484 3550 quod
547 3489 618 3533 ex
679 3473 736 3533 Σ
791 3470 1018 3553 recepi,
1082 3487 1300 3533 uerum
1365 3489 1500 3532 esse
1567 3469 1759 3532 etiam
1808 3489 1839 3530 e
1904 3469 2087 3532 titulo
2151 3467 2373 3550 capitis
2434 3464 2609 3528 nihil

331 3571 474 3636 boni
509 3573 745 3658 perfici
790 3578 1068 3657 apparet.
1118 3611 1204 3619 ——
1249 3574 1426 3653 XIII,
1480 3572 1578 3652 10,
1614 3573 1654 3634 3
1708 3572 1991 3651 indicat]
2036 3573 2112 3635 cf.
2170 3571 2269 3650 14,
2304 3571 2341 3629 8
2392 3567 2611 3632 illud

328 3677 602 3763 (respicit
657 3679 864 3743 locum
928 3679 1194 3762 apostoli
1257 3677 1759 3757 antecedentem)
1808 3676 1971 3738 eni-m
2044 3674 2289 3736 indic-ar
2339 3673 2611 3735 humani

328 3781 598 3844 arbitrii
616 3781 1034 3867 facultatem.
1069 3820 1154 3828 —
1185 3783 1396 3861 XIIII,
1429 3782 1527 3862 16,
1560 3780 1601 3842 9
1634 3781 1770 3846 fin:
1808 3779 1950 3856 tibi,
1986 3781 2147 3862 quod
2182 3801 2216 3843 a
2247 3781 2382 3843 loco
2417 3779 2609 3862 scrip-

329 3891 496 3952 turae
543 3887 744 3963 abest,
806 3907 928 3952 non
978 3907 1048 3950 ex
1099 3887 1578 3970 interpolatione
1626 3886 1691 3949 in
1737 3889 1792 3950 Σ
1838 3887 2139 3963 additum,
2190 3885 2297 3948 sed
2346 3883 2423 3947 ab
2471 3885 2607 3967 ipso

331 3998 568 4056 auctore
617 3992 922 4075 scriptum
985 4011 1120 4055 esse
1169 3997 1413 4074 praeter
1474 4011 1546 4054 ea
1594 3995 1984 4074 argumenta.
2047 4009 2205 4070 quae.
2254 3989 2315 4052 in
2381 3989 2607 4051 disser-

328 4097 555 4160 tatione
588 4117 646 4179 p.
681 4093 810 4157 499
840 4097 1092 4179 protuli‚
1142 4091 1334 4159 simssi
1381 4114 1627 4177 quoque
1669 4096 1803 4159 loco
1836 4095 1977 4166 XII,
2013 4095 2071 4172 6,
2108 4093 2146 4155 3
2194 4093 2606 4172 eonuincitur,

327 4199 428 4264 uhi
489 4200 700 4264 uerbis
748 4221 780 4262 e
835 4202 1078 4284 psalmo
1132 4199 1237 4278 45,
1279 4201 1355 4262 10
1401 4200 1788 4283 depromptis·
1845 4198 2118 4282 auferat
2176 4195 2347 4258 bella
2412 4217 2607 4280 neque

329 4303 412 4366 ad
425 4303 592 4386 fines
627 4314 840 4367 terrae
871 4305 1403 4388 interpretationis
1435 4307 1641 4388 gratia
1673 4305 1921 4368 additur
1954 4303 2113 4364 eius.
2146 4341 2231 4346 -—
2268 4303 2401 4368 XV.
2442 4301 2537 4379 10,
2568 4301 2607 4362 2

329 4411 678 4474 coniectura
743 4429 884 4474 mea.
937 4409 1476 4493 pertransitur-us
1544 4407 1656 4472 ille
1723 4409 1889 4494 iqnis
1963 4405 2487 4492 ineaetinquibilie
2549 4415 2607 4468 et
