3167 4975
257 1575 308 1614 10

255 2096 310 2136 15

248 3142 304 3182 2⁵

1180 444 1340 498 Inst.
1379 443 1472 498 lib.
1499 443 1563 508 V,
1602 447 1824 500 32—35.
2528 442 2647 508 107

361 617 580 682 diebus
628 637 699 682 ac
746 617 1034 683 noctibus
1081 618 1148 682 in
1194 620 1474 684 oratione
1519 619 1935 704 infatigabilis
1982 620 2277 703 perstitit,
2324 619 2520 684 donec
2552 639 2651 683 so-

361 722 666 788 lutionem
709 724 1064 807 propositae
1109 725 1498 806 quaestionis
1543 726 1797 789 domino
1844 725 2163 789 reuelante
2225 727 2648 808 cognosceret.

446 827 778 892 XXXIIII.
825 828 948 892 Hic
994 847 1140 912 ergo
1195 827 1572 910 quibusdam
1634 829 1935 894 fratribus
1996 828 2455 893 admirantibus
2517 833 2649 893 tam

359 932 752 1014 praeclarum
798 933 1096 997 scientiae
1143 934 1276 997 eius
1321 935 1536 998 lumen
1583 938 1649 999 et
1694 935 1771 998 ab
1820 935 2039 1000 eodem
2092 933 2397 1016 quosdam
2456 933 2652 1016 scrip-

359 1039 644 1100 turarum
689 1055 914 1101 sensus
959 1038 1418 1119 inquirentibus
1467 1039 1575 1118 ait,
1624 1039 2006 1103 monachum
2048 1038 2505 1121 scripturarum
2540 1056 2651 1101 no-

361 1141 568 1205 titiam
622 1143 975 1226 pertingere
1035 1143 1392 1226 cupientem
1452 1161 1855 1225 nequaquam
1914 1143 2139 1207 debere
2200 1141 2447 1207 labores
2502 1135 2659 1206 suos'

361 1263 509 1329 erga
539 1251 1107 1311 commentatorum
1137 1245 1330 1312 libros
1363 1247 1723 1330 inpendere,
1758 1248 1867 1312 sed
1897 1248 2105 1331 potius
2139 1266 2393 1312 omnem
2418 1247 2649 1311 mentis
2740 1258 2747 1271 ¹

360 1350 735 1415 industriam
775 1355 838 1416 et
883 1352 1303 1417 intentionem
1347 1353 1550 1417 cordis
1599 1371 1748 1436 erga
1794 1353 2305 1417 emundationem
2351 1351 2649 1415 uitiorum

361 1455 710 1520 carnalium
755 1455 1054 1538 detincre,
1106 1455 1333 1539 quibus
1381 1458 1656 1540 expulsis
1704 1457 2039 1522 confestim
2070 1456 2273 1522 cordis
2305 1456 2467 1520 oculi
2501 1453 2651 1519 sub-

361 1560 489 1624 lato
533 1561 843 1626 uelamine
888 1561 1254 1644 passionum
1309 1563 1707 1626 sacramenta
1766 1563 2219 1645 scripturarum
2280 1560 2649 1624 naturaliter

361 1666 952 1749 contemplarentur,
1014 1667 1323 1748 siquidem
1381 1666 1562 1732 nobis
1610 1685 1756 1748 non,
1803 1671 1875 1731 ut
1923 1670 2135 1730 essent
2180 1665 2503 1750 incognita
2548 1665 2649 1728 uel

361 1769 654 1852 obscura,
723 1771 982 1854 spiritus
1052 1772 1256 1836 sancti
1315 1773 1522 1856 gratia
1583 1771 1986 1855 promulgata
2046 1771 2202 1852 sint,
2266 1771 2375 1834 sed
2436 1773 2648 1834 nostro

363 1875 514 1939 uitio
560 1876 872 1940 uelamine
919 1879 1321 1958 peccatorum
1367 1876 1567 1940 cordis
1615 1877 1825 1941 oculos
1888 1874 2245 1940 obnubente
2306 1875 2649 1938 reddantur

361 1979 651 2043 obscura:
700 1980 928 2062 quibus
974 2000 1226 2046 rursum
1273 1981 1546 2046 naturali
1592 1981 1853 2045 redditis
1900 1979 2159 2045 sanitati
2204 1979 2343 2063 ipsa
2382 1979 2650 2062 scriptu·

359 2102 571 2148 rarum
632 2088 994 2149 sanctarum
1054 2086 1239 2150 lectio
1299 2085 1376 2149 ad
1439 2085 2036 2168 contemplationem
2097 2103 2281 2148 uerae
2350 2084 2649 2149 scientiae

361 2187 604 2252 abunde
651 2190 845 2253 etiam
891 2190 1024 2254 sola
1083 2189 1378 2270 sufficiat,
1441 2209 1556 2254 nec
1617 2208 1721 2254 eos
1784 2192 2330 2253 conmentatorum
2390 2189 2649 2252 institu-

359 2293 634 2357 tionibus
679 2293 978 2378 indigere,
1027 2294 1193 2358 sicut
1237 2294 1402 2358 oculi
1446 2294 1554 2359 isti
1601 2294 1883 2359 carnales
1926 2293 2005 2357 ad
2036 2293 2381 2358 uidendum
2413 2293 2647 2357 nullius

360 2401 546 2480 egent
591 2398 891 2478 doctrina,
947 2399 1000 2463 si
1055 2399 1240 2463 modo
1287 2399 1522 2463 fuerint
1568 2417 1608 2462 a
1653 2399 1996 2463 suffusione
2046 2399 2147 2462 uel
2194 2398 2462 2482 caligine
2510 2415 2649 2462 cae-

359 2502 568 2567 citatis
609 2504 920 2568 inmunes.
985 2504 1122 2569 ideo
1155 2523 1428 2587 namque
1461 2508 1524 2569 et
1555 2508 1735 2569 tanta
1778 2504 2050 2569 uarietas
2090 2521 2451 2585 erroresque
2484 2502 2649 2567 inter

360 2607 526 2690 ipsos
560 2610 754 2673 exorti
779 2613 946 2689 sunt,
973 2609 1137 2691 quod
1160 2609 1462 2692 plerique,
1489 2609 1750 2673 minime
1777 2626 1927 2693 erga
1949 2610 2389 2693 purgationem
2415 2609 2648 2673 mentis

358 2710 639 2776 adhibita
670 2713 996 2795 diligentia
1025 2714 1422 2797 prosilientes
1469 2714 1546 2777 ad
1594 2714 2138 2797 interpretandum
2184 2731 2311 2794 eaS,
2356 2731 2467 2796 pro
2508 2712 2649 2796 pin-

356 2817 623 2899 guedine
649 2818 750 2881 uel
774 2818 1158 2882 inmunditia
1181 2818 1280 2882 sui
1305 2818 1508 2884 cordis
1540 2818 1792 2883 diuersa
1824 2821 2011 2900 atque
2037 2818 2348 2883 contraria
2372 2817 2471 2891 uel
2505 2816 2649 2881 fidei

357 2922 460 2985 uel
487 2920 743 2986 sibimet
767 2923 1110 2987 sentientes
1133 2923 1418 2987 ueritatis
1440 2923 1657 2987 lumen
1683 2923 2182 3006 conprehendere
2208 2922 2645 3004 nequiuerunt.

443 3026 700 3091 XXXV.
747 3027 870 3090 Hic
931 3026 1097 3091 idem
1159 3046 1303 3091 cum
1365 3027 1727 3110 inopinatus
1792 3028 1871 3091 ad
1932 3046 2139 3091 meam
2202 3026 2495 3090 cellulam
2552 3028 2647 3090 in-

358 3134 673 3215 tempesta
717 3135 898 3196 nocte
939 3132 1240 3213 uenisset,
1288 3132 1591 3213 quidnam
1624 3132 1794 3196 rudis
1830 3132 2032 3197 adhuc
2065 3131 2443 3197 anachoreta
2476 3132 2646 3196 solus

359 3253 607 3319 agerem
638 3238 903 3319 paterna
933 3236 1294 3300 curiositate
1325 3236 1598 3300 latenter
1640 3236 1987 3319 exploranS‚
2036 3254 2261 3318 meque
2294 3235 2436 3300 ilico
2470 3235 2649 3299 finita

447 3403 470 3454 1
524 3398 818 3452 orationem
855 3400 908 3453 A
1051 3398 1375 3467 infatigabili
1421 3401 1474 3454 L
1626 3400 1873 3468 perstetit
1920 3399 2072 3453 G¹L¹
2214 3402 2248 3453 3
2302 3397 2539 3451 XXXIII
2586 3398 2653 3453 H

356 3489 388 3541 4
426 3485 812 3539 scribturarum
837 3488 892 3541 A
969 3488 1002 3541 5
1035 3502 1222 3539 sensus
1249 3529 1261 3540 .
1290 3528 1300 3539 .
1332 3530 1342 3539 .
1370 3486 1758 3555 scripturarum
1796 3505 1894 3542 om.
1923 3486 2069 3541 L¹H
2180 3485 2565 3539 scribturarum
2591 3486 2645 3539 A

357 3576 392 3628 8
426 3572 853 3627 emendationem
885 3574 1034 3627 A¹H
1130 3576 1164 3627 9
1200 3572 1366 3627 oculis
1407 3573 1511 3627 GL
1619 3577 1685 3629 10
1722 3573 2109 3628 scribturarum
2143 3574 2196 3627 A
2305 3572 2455 3625 uelut
2492 3574 2645 3625 natu-

357 3660 539 3713 raliter
575 3660 832 3729 incipient
869 3660 1218 3729 contemplari
1244 3663 1332 3715 Av
1356 3664 1423 3730 cf.
1451 3664 1628 3730 praef.
1654 3660 1708 3729 ᾗ.
1737 3666 1771 3715 6
1870 3664 1929 3715 11
1961 3659 2201 3729 contcpl*
2214 3663 2401 3714 *entur
2424 3660 2479 3714 L
2585 3662 2645 3712 ut

357 3764 462 3801 non
499 3750 568 3803 II
670 3751 734 3804 12
772 3751 899 3802 sunt
925 3749 1017 3803 Hv
1126 3751 1190 3804 13
1227 3748 1394 3802 oculis
1420 3750 1503 3803 Ηι
1620 3747 1981 3801 obnubentem
2014 3748 2089 3801 L¹
2198 3746 2495 3801 redduntur
2530 3748 2647 3801 H‘r

363 3838 424 3890 14
476 3835 864 3889 scribturarum
912 3836 964 3889 A
1143 3840 1449 3889 sanctarum
1505 3835 1893 3903 scripturarum
1941 3834 1993 3888 L
2171 3837 2235 3889 16
2288 3834 2537 3887 habunde
2582 3834 2651 3888 H

357 3921 592 3975 sufficiet
629 3922 682 3990 (a
716 3922 875 3991 eras.)
912 3923 981 3976 H
1081 3938 1178 3975 nec
1221 3922 1305 3975 his
1343 3938 1430 3975 eos
1468 3924 1536 3977 H
1637 3924 2061 3975 commentorum
2098 3922 2152 3975 A
2263 3923 2325 3976 19
2362 3925 2416 3974 et
2451 3940 2553 3976 om.
2591 3921 2643 3975 L

1963 4010 2185 4041 tract-toron

357 4054 494 4107 inter
549 4054 690 4122 ipsos
746 4056 1062 4107 tractatores
1111 4053 1188 4107 6²
1275 4008 1805 4121 erroresqussmffxoer
1852 4052 1994 4121 ipsos
2030 4094 2041 4105 .
2076 4055 2254 4122 exorte
2301 4053 2429 4103 sunt
2480 4052 2643 4119 (erro-

358 4141 530 4209 risque
555 4160 692 4197 corr.
719 4158 788 4195 m.
813 4142 870 4210 2)
893 4142 949 4195 L
1064 4142 1129 4195 21
1157 4138 1482 4209 pinguedine
1512 4140 1743 4195 G²LT2.·
1812 4137 2129 4209 pinguidine
2155 4138 2357 4192 AG¹T¹
2432 4138 2643 4206 pingui-

357 4228 542 4281 tudine
569 4230 638 4283 H
723 4230 792 4283 22
818 4225 992 4281 cordis
1018 4227 1103 4279 sui
1125 4226 1214 4282 Av
1309 4225 1478 4295 adque
1504 4227 1573 4281 H
1660 4224 1749 4280 uel
1781 4224 1906 4279 fidei
1934 4225 2018 4277 uel
2044 4243 2145 4279 om.
2166 4226 2221 4279 A
2326 4227 2393 4279 23
2430 4226 2643 4293 nequie-

358 4318 483 4368 runt
507 4316 573 4369 H
575 4318 589 4351 ¹
693 4318 762 4370 24
787 4314 1054 4369 XXXIIII
1082 4315 1150 4368 H
1246 4314 1390 4367 idem
1415 4314 1691 4369 AG¹HTs
1726 4310 1871 4367 idem
1896 4329 2053 4366 senex
2076 4314 2129 4367 L
2187 4310 2329 4364 idem
2354 4311 2641 4365 theodorus

363 4402 513 4459 G²Sv
619 4402 908 4471 inopinatis
951 4402 1024 4455 (3¹
1132 4401 1322 4455 cellam
1359 4404 1412 4455 A
1522 4405 1592 4457 25
1630 4401 1943 4481 anachorita
1976 4400 2108 4454 AL¹
2214 4402 2284 4453 26
2321 4414 2407 4451 me
2442 4398 2510 4453 H
