<?xml version="1.0" encoding="UTF-8"?>
<!DOCTYPE html PUBLIC "-//W3C//DTD XHTML 1.0 Transitional//EN"
    "http://www.w3.org/TR/xhtml1/DTD/xhtml1-transitional.dtd">
<html xmlns="http://www.w3.org/1999/xhtml" xml:lang="en" lang="en">
 <head>
  <title>
</title>
<meta http-equiv="Content-Type" content="text/html;charset=utf-8" />
  <meta name='ocr-system' content='tesseract 3.04.00' />
  <meta name='ocr-capabilities' content='ocr_page ocr_carea ocr_par ocr_line ocrx_word'/>
</head>
<body>
  <div class='ocr_page' id='page_1' title='image "./corpusscriptoru28wissgoog_0104.png"; bbox 0 0 3167 4975; ppageno 0'>
   <div class='ocr_carea' id='block_1_1' title="bbox 504 435 700 492">
    <p class='ocr_par' dir='ltr' id='par_1_1' title="bbox 504 435 700 492">
     <span class='ocr_line' id='line_1_1' title="bbox 504 435 700 492; baseline -0.005 0"><span class='ocrx_word' id='word_1_1' title='bbox 504 435 557 492; x_wconf 89' lang='lat' dir='ltr'>X</span> <span class='ocrx_word' id='word_1_2' title='bbox 568 435 700 492; x_wconf 86' lang='lat' dir='ltr'><em>CVI</em></span> 
     </span>
    </p>
   </div>
   <div class='ocr_carea' id='block_1_2' title="bbox 504 597 2827 3611">
    <p class='ocr_par' dir='ltr' id='par_1_2' title="bbox 504 597 2827 3611">
     <span class='ocr_line' id='line_1_2' title="bbox 504 597 2796 688; baseline -0.002 -23"><span class='ocrx_word' id='word_1_3' title='bbox 504 603 678 666; x_wconf 86' lang='lat' dir='ltr'><em>inter</em></span> <span class='ocrx_word' id='word_1_4' title='bbox 723 602 875 688; x_wconf 76' lang='lat' dir='ltr'><em>ipsa</em></span> <span class='ocrx_word' id='word_1_5' title='bbox 906 601 1111 664; x_wconf 86' lang='lat' dir='ltr'><em>initia</em></span> <span class='ocrx_word' id='word_1_6' title='bbox 1154 600 1368 664; x_wconf 78' lang='lat' dir='ltr'><em>sancti</em></span> <span class='ocrx_word' id='word_1_7' title='bbox 1404 599 1741 686; x_wconf 74' lang='lat' dir='ltr'><strong><em>propositi</em></strong></span> <span class='ocrx_word' id='word_1_8' title='bbox 1781 609 1913 662; x_wconf 89' lang='lat' dir='ltr'><em>octo</em></span> <span class='ocrx_word' id='word_1_9' title='bbox 1951 597 2378 684; x_wconf 74' lang='lat' dir='ltr'><em>principalia</em></span> <span class='ocrx_word' id='word_1_10' title='bbox 2421 599 2600 661; x_wconf 80' lang='lat' dir='ltr'><em>uitia</em></span> <span class='ocrx_word' id='word_1_11' title='bbox 2635 597 2796 661; x_wconf 83' lang='lat' dir='ltr'><em>dicit</em></span> 
     </span>
     <span class='ocr_line' id='line_1_3' title="bbox 506 703 2799 793; baseline -0.002 -23"><span class='ocrx_word' id='word_1_12' title='bbox 506 729 635 770; x_wconf 75' lang='lat' dir='ltr'><em>csse</em></span> <span class='ocrx_word' id='word_1_13' title='bbox 666 705 1022 793; x_wconf 75' lang='lat' dir='ltr'><em>fuqienda.</em></span> <span class='ocrx_word' id='word_1_14' title='bbox 1102 705 1207 769; x_wconf 80' lang='lat' dir='ltr'><em>hic</em></span> <span class='ocrx_word' id='word_1_15' title='bbox 1263 706 1495 768; x_wconf 78' lang='lat' dir='ltr'><em>nooeios</em></span> <span class='ocrx_word' id='word_1_16' title='bbox 1550 715 1760 767; x_wconf 80' lang='lat' dir='ltr'><em>motus</em></span> <span class='ocrx_word' id='word_1_17' title='bbox 1807 703 2175 767; x_wconf 84' lang='lat' dir='ltr'><em>animorum</em></span> <span class='ocrx_word' id='word_1_18' title='bbox 2219 704 2320 766; x_wconf 86' lang='lat' dir='ltr'><em>ita</em></span> <span class='ocrx_word' id='word_1_19' title='bbox 2381 713 2799 791; x_wconf 77' lang='lat' dir='ltr'><em>competenter</em></span> 
     </span>
     <span class='ocr_line' id='line_1_4' title="bbox 505 807 2798 895; baseline -0.001 -21"><span class='ocrx_word' id='word_1_20' title='bbox 505 811 827 888; x_wconf 72' lang='lat' dir='ltr'><em>insinuat,</em></span> <span class='ocrx_word' id='word_1_21' title='bbox 890 820 964 873; x_wconf 80' lang='lat' dir='ltr'><em>ut</em></span> <span class='ocrx_word' id='word_1_22' title='bbox 1011 832 1300 874; x_wconf 75' lang='lat' dir='ltr'><em>eaecessue</em></span> <span class='ocrx_word' id='word_1_23' title='bbox 1359 831 1510 873; x_wconf 76' lang='lat' dir='ltr'><em>suos</em></span> <span class='ocrx_word' id='word_1_24' title='bbox 1568 809 1882 872; x_wconf 81' lang='lat' dir='ltr'><em>hominem</em></span> <span class='ocrx_word' id='word_1_25' title='bbox 1918 831 2130 895; x_wconf 77' lang='lat' dir='ltr'><em>paene</em></span> <span class='ocrx_word' id='word_1_26' title='bbox 2189 808 2420 873; x_wconf 81' lang='lat' dir='ltr'><em>uidere</em></span> <span class='ocrx_word' id='word_1_27' title='bbox 2465 807 2696 894; x_wconf 87' lang='lat' dir='ltr'><em>faciat</em></span> <span class='ocrx_word' id='word_1_28' title='bbox 2741 817 2798 872; x_wconf 85' lang='lat' dir='ltr'><em>et</em></span> 
     </span>
     <span class='ocr_line' id='line_1_5' title="bbox 505 911 2798 1001; baseline -0.001 -23"><span class='ocrx_word' id='word_1_29' title='bbox 505 915 728 979; x_wconf 83' lang='lat' dir='ltr'><em>uitare</em></span> <span class='ocrx_word' id='word_1_30' title='bbox 773 913 1137 1001; x_wconf 77' lang='lat' dir='ltr'><em>compellat,</em></span> <span class='ocrx_word' id='word_1_31' title='bbox 1193 936 1349 1000; x_wconf 76' lang='lat' dir='ltr'><em>quoe</em></span> <span class='ocrx_word' id='word_1_32' title='bbox 1398 923 1592 978; x_wconf 86' lang='lat' dir='ltr'><em>antea</em></span> <span class='ocrx_word' id='word_1_33' title='bbox 1639 913 2021 999; x_wconf 80' lang='lat' dir='ltr'><em>confusione</em></span> <span class='ocrx_word' id='word_1_34' title='bbox 2077 912 2384 999; x_wconf 73' lang='lat' dir='ltr'><em>caliqinie</em></span> <span class='ocrx_word' id='word_1_35' title='bbox 2431 911 2798 1000; x_wconf 71' lang='lat' dir='ltr'><em>iqnorabat.</em></span> 
     </span>
     <span class='ocr_line' id='line_1_6' title="bbox 508 1017 2800 1104; baseline -0.001 -22"><span class='ocrx_word' id='word_1_36' title='bbox 508 1019 625 1104; x_wconf 79' lang='lat' dir='ltr'><em>qui</em></span> <span class='ocrx_word' id='word_1_37' title='bbox 670 1029 879 1084; x_wconf 83' lang='lat' dir='ltr'><em>tamen</em></span> <span class='ocrx_word' id='word_1_38' title='bbox 928 1019 1005 1082; x_wconf 86' lang='lat' dir='ltr'><em>de</em></span> <span class='ocrx_word' id='word_1_39' title='bbox 1054 1018 1258 1083; x_wconf 82' lang='lat' dir='ltr'><em>libero</em></span> <span class='ocrx_word' id='word_1_40' title='bbox 1306 1018 1596 1082; x_wconf 85' lang='lat' dir='ltr'><em>arbitrio</em></span> <span class='ocrx_word' id='word_1_41' title='bbox 1643 1041 1685 1080; x_wconf 87' lang='lat' dir='ltr'><em>a</em></span> <span class='ocrx_word' id='word_1_42' title='bbox 1733 1017 1912 1081; x_wconf 81' lang='lat' dir='ltr'><em>beato</em></span> <span class='ocrx_word' id='word_1_43' title='bbox 1943 1017 2264 1104; x_wconf 72' lang='lat' dir='ltr'><em>Prospero</em></span> <span class='ocrx_word' id='word_1_44' title='bbox 2311 1018 2460 1081; x_wconf 83' lang='lat' dir='ltr'><em>iure</em></span> <span class='ocrx_word' id='word_1_45' title='bbox 2491 1017 2800 1104; x_wconf 73' lang='lat' dir='ltr'><em>culpatus</em></span> 
     </span>
     <span class='ocr_line' id='line_1_7' title="bbox 509 1121 2801 1188; baseline -0.001 -1"><span class='ocrx_word' id='word_1_46' title='bbox 509 1133 632 1188; x_wconf 80' lang='lat' dir='ltr'><em>est:</em></span> <span class='ocrx_word' id='word_1_47' title='bbox 684 1123 859 1187; x_wconf 80' lang='lat' dir='ltr'><em>unde</em></span> <span class='ocrx_word' id='word_1_48' title='bbox 902 1145 1226 1186; x_wconf 77' lang='lat' dir='ltr'><em>‘monemus</em></span> <span class='ocrx_word' id='word_1_49' title='bbox 1271 1133 1348 1186; x_wconf 81' lang='lat' dir='ltr'><em>ut</em></span> <span class='ocrx_word' id='word_1_50' title='bbox 1393 1123 1467 1186; x_wconf 85' lang='lat' dir='ltr'><em>in</em></span> <span class='ocrx_word' id='word_1_51' title='bbox 1514 1121 1707 1185; x_wconf 77' lang='lat' dir='ltr'><em>rebus</em></span> <span class='ocrx_word' id='word_1_52' title='bbox 1754 1121 2004 1185; x_wconf 73' lang='lat' dir='ltr'><em>talibus</em></span> <span class='ocrx_word' id='word_1_53' title='bbox 2049 1122 2442 1186; x_wconf 79' lang='lat' dir='ltr'><em>eoecedentem</em></span> <span class='ocrx_word' id='word_1_54' title='bbox 2484 1121 2604 1186; x_wconf 77' lang='lat' dir='ltr'><em>sub</em></span> <span class='ocrx_word' id='word_1_55' title='bbox 2651 1144 2801 1185; x_wconf 83' lang='lat' dir='ltr'><em>cau-</em></span> 
     </span>
     <span class='ocr_line' id='line_1_8' title="bbox 510 1227 2801 1315; baseline 0 -24"><span class='ocrx_word' id='word_1_56' title='bbox 510 1227 641 1292; x_wconf 83' lang='lat' dir='ltr'><em>tela</em></span> <span class='ocrx_word' id='word_1_57' title='bbox 690 1228 892 1315; x_wconf 82' lang='lat' dir='ltr'><em>Ze9ere</em></span> <span class='ocrx_word' id='word_1_58' title='bbox 940 1227 1259 1292; x_wconf 74' lang='lat' dir='ltr'><em>debeatis:</em></span> <span class='ocrx_word' id='word_1_59' title='bbox 1325 1229 1405 1294; x_wconf 89' lang='lat' dir='ltr'><em>cf.</em></span> <span class='ocrx_word' id='word_1_60' title='bbox 1454 1229 1712 1312; x_wconf 79' lang='lat' dir='ltr'><em>exposit.</em></span> <span class='ocrx_word' id='word_1_61' title='bbox 1761 1229 1988 1312; x_wconf 89' lang='lat' dir='ltr'><em>psalm.</em></span> <span class='ocrx_word' id='word_1_62' title='bbox 2021 1229 2341 1294; x_wconf 81' lang='lat' dir='ltr'>LXVHII.</span> <span class='ocrx_word' id='word_1_63' title='bbox 2421 1229 2801 1294; x_wconf 78' lang='lat' dir='ltr'><em>Benedictus</em></span> 
     </span>
     <span class='ocr_line' id='line_1_9' title="bbox 509 1331 2805 1419; baseline -0.001 -21"><span class='ocrx_word' id='word_1_64' title='bbox 509 1353 657 1399; x_wconf 90' lang='lat' dir='ltr'><em>uero</em></span> <span class='ocrx_word' id='word_1_65' title='bbox 689 1335 755 1399; x_wconf 89' lang='lat' dir='ltr'><em>in</em></span> <span class='ocrx_word' id='word_1_66' title='bbox 786 1335 1030 1419; x_wconf 87' lang='lat' dir='ltr'><em>Regula</em></span> <span class='ocrx_word' id='word_1_67' title='bbox 1060 1353 1178 1399; x_wconf 86' lang='lat' dir='ltr'><em>sua</em></span> <span class='ocrx_word' id='word_1_68' title='bbox 1208 1351 1260 1399; x_wconf 90' lang='lat' dir='ltr'><em>c.</em></span> <span class='ocrx_word' id='word_1_69' title='bbox 1292 1331 1378 1396; x_wconf 83' lang='lat'><em>42</em></span> <span class='ocrx_word' id='word_1_70' title='bbox 1408 1332 1738 1416; x_wconf 82' lang='lat' dir='ltr'><em>praecipit:</em></span> <span class='ocrx_word' id='word_1_71' title='bbox 1788 1332 2086 1395; x_wconf 73' lang='lat' dir='ltr'><em>‘monachi</em></span> <span class='ocrx_word' id='word_1_72' title='bbox 2116 1332 2292 1394; x_wconf 86' lang='lat' dir='ltr'><em>omni</em></span> <span class='ocrx_word' id='word_1_73' title='bbox 2323 1341 2621 1419; x_wconf 78' lang='lat' dir='ltr'><em>tempore,</em></span> <span class='ocrx_word' id='word_1_74' title='bbox 2660 1332 2805 1396; x_wconf 74' lang='lat' dir='ltr'><em>ciue</em></span> 
     </span>
     <span class='ocr_line' id='line_1_10' title="bbox 510 1435 2805 1524; baseline -0.001 -24"><span class='ocrx_word' id='word_1_75' title='bbox 510 1438 758 1502; x_wconf 84' lang='lat' dir='ltr'><em>ieiunii</em></span> <span class='ocrx_word' id='word_1_76' title='bbox 794 1437 938 1501; x_wconf 77' lang='lat' dir='ltr'><em>siue</em></span> <span class='ocrx_word' id='word_1_77' title='bbox 967 1436 1260 1524; x_wconf 75' lang='lat' dir='ltr'><em>prandii</em></span> <span class='ocrx_word' id='word_1_78' title='bbox 1274 1435 1522 1522; x_wconf 80' lang='lat' dir='ltr'><em>fuerit.</em></span> <span class='ocrx_word' id='word_1_79' title='bbox 1553 1457 1700 1499; x_wconf 78' lang='lat' dir='ltr'><em>moae</em></span> <span class='ocrx_word' id='word_1_80' title='bbox 1730 1445 1808 1498; x_wconf 83' lang='lat' dir='ltr'><em>ut</em></span> <span class='ocrx_word' id='word_1_81' title='bbox 1835 1436 2252 1501; x_wconf 79' lang='lat' dir='ltr'><em>surrexerint</em></span> <span class='ocrx_word' id='word_1_82' title='bbox 2283 1459 2326 1499; x_wconf 88' lang='lat' dir='ltr'><em>a</em></span> <span class='ocrx_word' id='word_1_83' title='bbox 2356 1459 2512 1500; x_wconf 89' lang='lat' dir='ltr'><em>cena</em></span> <span class='ocrx_word' id='word_1_84' title='bbox 2541 1435 2805 1500; x_wconf 72' lang='lat' dir='ltr'><em>sedeant</em></span> 
     </span>
     <span class='ocr_line' id='line_1_11' title="bbox 511 1540 2807 1628; baseline 0 -23"><span class='ocrx_word' id='word_1_85' title='bbox 511 1564 721 1606; x_wconf 74' lang='lat' dir='ltr'><em>omnes</em></span> <span class='ocrx_word' id='word_1_86' title='bbox 768 1543 841 1606; x_wconf 89' lang='lat' dir='ltr'><em>in</em></span> <span class='ocrx_word' id='word_1_87' title='bbox 888 1564 1095 1605; x_wconf 81' lang='lat' dir='ltr'><em>unum</em></span> <span class='ocrx_word' id='word_1_88' title='bbox 1138 1552 1197 1606; x_wconf 91' lang='lat' dir='ltr'><em>et</em></span> <span class='ocrx_word' id='word_1_89' title='bbox 1246 1541 1414 1628; x_wconf 80' lang='lat' dir='ltr'><em>le9at</em></span> <span class='ocrx_word' id='word_1_90' title='bbox 1457 1563 1632 1604; x_wconf 79' lang='lat' dir='ltr'><em>unus</em></span> <span class='ocrx_word' id='word_1_91' title='bbox 1694 1540 2070 1606; x_wconf 72' lang='lat' dir='ltr'><em>collationes</em></span> <span class='ocrx_word' id='word_1_92' title='bbox 2115 1540 2225 1606; x_wconf 79' lang='lat' dir='ltr'><em>uel</em></span> <span class='ocrx_word' id='word_1_93' title='bbox 2278 1541 2460 1605; x_wconf 78' lang='lat' dir='ltr'><em>uitae</em></span> <span class='ocrx_word' id='word_1_94' title='bbox 2497 1552 2807 1628; x_wconf 77' lang='lat' dir='ltr'><em>patrum:</em></span> 
     </span>
     <span class='ocr_line' id='line_1_12' title="bbox 514 1647 2806 1733; baseline -0 -20"><span class='ocrx_word' id='word_1_95' title='bbox 514 1649 591 1714; x_wconf 89' lang='lat' dir='ltr'><em>cf.</em></span> <span class='ocrx_word' id='word_1_96' title='bbox 626 1667 679 1713; x_wconf 93' lang='lat' dir='ltr'><em>c.</em></span> <span class='ocrx_word' id='word_1_97' title='bbox 714 1647 818 1713; x_wconf 82' lang='lat'><em>73.</em></span> <span class='ocrx_word' id='word_1_98' title='bbox 867 1649 977 1713; x_wconf 89' lang='lat' dir='ltr'><em>sed</em></span> <span class='ocrx_word' id='word_1_99' title='bbox 1008 1666 1155 1712; x_wconf 93' lang='lat' dir='ltr'><em>cum</em></span> <span class='ocrx_word' id='word_1_100' title='bbox 1185 1647 1343 1712; x_wconf 88' lang='lat' dir='ltr'><em>haec</em></span> <span class='ocrx_word' id='word_1_101' title='bbox 1374 1647 1662 1713; x_wconf 80' lang='lat' dir='ltr'><em>Cassiani</em></span> <span class='ocrx_word' id='word_1_102' title='bbox 1709 1647 1942 1731; x_wconf 88' lang='lat' dir='ltr'><em>scripta</em></span> <span class='ocrx_word' id='word_1_103' title='bbox 1972 1649 2205 1731; x_wconf 85' lang='lat' dir='ltr'><em>partim</em></span> <span class='ocrx_word' id='word_1_104' title='bbox 2236 1652 2489 1732; x_wconf 88' lang='lat' dir='ltr'><em>propter</em></span> <span class='ocrx_word' id='word_1_105' title='bbox 2519 1648 2806 1733; x_wconf 87' lang='lat' dir='ltr'><em>Pelagia-</em></span> 
     </span>
     <span class='ocr_line' id='line_1_13' title="bbox 515 1752 2806 1836; baseline 0 -18"><span class='ocrx_word' id='word_1_106' title='bbox 515 1753 707 1818; x_wconf 91' lang='lat' dir='ltr'><em>nismi</em></span> <span class='ocrx_word' id='word_1_107' title='bbox 725 1771 962 1817; x_wconf 85' lang='lat' dir='ltr'><em>errores</em></span> <span class='ocrx_word' id='word_1_108' title='bbox 980 1752 1310 1817; x_wconf 86' lang='lat' dir='ltr'><em>offensioni</em></span> <span class='ocrx_word' id='word_1_109' title='bbox 1336 1755 1548 1816; x_wconf 86' lang='lat' dir='ltr'><em>essent</em></span> <span class='ocrx_word' id='word_1_110' title='bbox 1568 1753 1802 1835; x_wconf 88' lang='lat' dir='ltr'><em>partim</em></span> <span class='ocrx_word' id='word_1_111' title='bbox 1821 1755 2072 1836; x_wconf 86' lang='lat' dir='ltr'><em>propter</em></span> <span class='ocrx_word' id='word_1_112' title='bbox 2096 1753 2579 1836; x_wconf 90' lang='lat' dir='ltr'><em>amplitudinem</em></span> <span class='ocrx_word' id='word_1_113' title='bbox 2595 1754 2806 1818; x_wconf 89' lang='lat' dir='ltr'><em>minus</em></span> 
     </span>
     <span class='ocr_line' id='line_1_14' title="bbox 516 1856 2810 1942; baseline 0 -20"><span class='ocrx_word' id='word_1_114' title='bbox 516 1862 665 1941; x_wconf 88' lang='lat' dir='ltr'><em>apta</em></span> <span class='ocrx_word' id='word_1_115' title='bbox 689 1859 767 1922; x_wconf 89' lang='lat' dir='ltr'><em>ad</em></span> <span class='ocrx_word' id='word_1_116' title='bbox 799 1856 1137 1942; x_wconf 88' lang='lat' dir='ltr'><em>legendum</em></span> <span class='ocrx_word' id='word_1_117' title='bbox 1162 1861 1351 1940; x_wconf 91' lang='lat' dir='ltr'><em>atque</em></span> <span class='ocrx_word' id='word_1_118' title='bbox 1381 1857 1852 1941; x_wconf 90' lang='lat' dir='ltr'><em>percipiendum</em></span> <span class='ocrx_word' id='word_1_119' title='bbox 1877 1857 2259 1939; x_wconf 89' lang='lat' dir='ltr'><em>uiderentur,</em></span> <span class='ocrx_word' id='word_1_120' title='bbox 2292 1876 2435 1922; x_wconf 90' lang='lat' dir='ltr'><em>mox</em></span> <span class='ocrx_word' id='word_1_121' title='bbox 2467 1858 2810 1924; x_wconf 90' lang='lat' dir='ltr'><em>extiterunt</em></span> 
     </span>
     <span class='ocr_line' id='line_1_15' title="bbox 516 1960 2810 2047; baseline 0 -21"><span class='ocrx_word' id='word_1_122' title='bbox 516 1963 623 2045; x_wconf 91' lang='lat' dir='ltr'><em>qui</em></span> <span class='ocrx_word' id='word_1_123' title='bbox 669 1963 769 2026; x_wconf 91' lang='lat' dir='ltr'><em>uel</em></span> <span class='ocrx_word' id='word_1_124' title='bbox 814 1960 1230 2027; x_wconf 78' lang='lat' dir='ltr'><em>retractandis</em></span> <span class='ocrx_word' id='word_1_125' title='bbox 1277 1962 1366 2026; x_wconf 89' lang='lat' dir='ltr'><em>eis</em></span> <span class='ocrx_word' id='word_1_126' title='bbox 1399 1963 1500 2026; x_wconf 93' lang='lat' dir='ltr'><em>uel</em></span> <span class='ocrx_word' id='word_1_127' title='bbox 1546 1962 1613 2026; x_wconf 93' lang='lat' dir='ltr'><em>in</em></span> <span class='ocrx_word' id='word_1_128' title='bbox 1659 1965 2002 2046; x_wconf 86' lang='lat' dir='ltr'><em>angustum</em></span> <span class='ocrx_word' id='word_1_129' title='bbox 2032 1963 2326 2047; x_wconf 81' lang='lat' dir='ltr'><em>cogendis</em></span> <span class='ocrx_word' id='word_1_130' title='bbox 2357 1963 2810 2028; x_wconf 89' lang='lat' dir='ltr'><em>monachorum</em></span> 
     </span>
     <span class='ocr_line' id='line_1_16' title="bbox 515 2065 2811 2148; baseline 0 -18"><span class='ocrx_word' id='word_1_131' title='bbox 515 2066 659 2130; x_wconf 87' lang='lat' dir='ltr'><em>usui</em></span> <span class='ocrx_word' id='word_1_132' title='bbox 695 2066 921 2130; x_wconf 88' lang='lat' dir='ltr'><em>melius</em></span> <span class='ocrx_word' id='word_1_133' title='bbox 954 2085 1021 2130; x_wconf 90' lang='lat' dir='ltr'><em>se</em></span> <span class='ocrx_word' id='word_1_134' title='bbox 1051 2083 1235 2148; x_wconf 90' lang='lat' dir='ltr'><em>posse</em></span> <span class='ocrx_word' id='word_1_135' title='bbox 1268 2067 1592 2130; x_wconf 89' lang='lat' dir='ltr'><em>consulere</em></span> <span class='ocrx_word' id='word_1_136' title='bbox 1625 2065 2096 2131; x_wconf 85' lang='lat' dir='ltr'><em>arbitrarentur.</em></span> <span class='ocrx_word' id='word_1_137' title='bbox 2144 2067 2460 2132; x_wconf 82' lang='lat' dir='ltr'><em>recensuit</em></span> <span class='ocrx_word' id='word_1_138' title='bbox 2491 2085 2564 2131; x_wconf 89' lang='lat' dir='ltr'><em>ea</em></span> <span class='ocrx_word' id='word_1_139' title='bbox 2593 2067 2811 2132; x_wconf 82' lang='lat' dir='ltr'><em>Uictor</em></span> 
     </span>
     <span class='ocr_line' id='line_1_17' title="bbox 516 2169 2811 2255; baseline -0 -21"><span class='ocrx_word' id='word_1_140' title='bbox 516 2170 970 2236; x_wconf 88' lang='lat' dir='ltr'><em>Mattaritanus</em></span> <span class='ocrx_word' id='word_1_141' title='bbox 1003 2171 1331 2255; x_wconf 89' lang='lat' dir='ltr'><em>episcopus</em></span> <span class='ocrx_word' id='word_1_142' title='bbox 1363 2170 1538 2252; x_wconf 87' lang='lat' dir='ltr'><em>Afer,</em></span> <span class='ocrx_word' id='word_1_143' title='bbox 1580 2172 1656 2234; x_wconf 89' lang='lat' dir='ltr'><em>de</em></span> <span class='ocrx_word' id='word_1_144' title='bbox 1689 2189 1810 2254; x_wconf 91' lang='lat' dir='ltr'><em>quo</em></span> <span class='ocrx_word' id='word_1_145' title='bbox 1843 2170 2272 2236; x_wconf 84' lang='lat' dir='ltr'><em>Cassiodorius</em></span> <span class='ocrx_word' id='word_1_146' title='bbox 2305 2173 2428 2236; x_wconf 92' lang='lat' dir='ltr'><em>diu.</em></span> <span class='ocrx_word' id='word_1_147' title='bbox 2463 2172 2605 2236; x_wconf 89' lang='lat' dir='ltr'><em>lect.</em></span> <span class='ocrx_word' id='word_1_148' title='bbox 2641 2190 2692 2235; x_wconf 92' lang='lat' dir='ltr'><em>c.</em></span> <span class='ocrx_word' id='word_1_149' title='bbox 2728 2169 2811 2234; x_wconf 86' lang='lat'><em>29</em></span> 
     </span>
     <span class='ocr_line' id='line_1_18' title="bbox 520 2273 2813 2361; baseline -0.001 -23"><span class='ocrx_word' id='word_1_150' title='bbox 520 2274 675 2340; x_wconf 83' lang='lat' dir='ltr'><em>haec</em></span> <span class='ocrx_word' id='word_1_151' title='bbox 718 2274 938 2339; x_wconf 86' lang='lat' dir='ltr'><em>refert:</em></span> <span class='ocrx_word' id='word_1_152' title='bbox 985 2273 1177 2337; x_wconf 74' lang='lat' dir='ltr'><em>cuius</em></span> <span class='ocrx_word' id='word_1_153' title='bbox 1220 2273 1562 2359; x_wconf 86' lang='lat' dir='ltr'><em>(Cassiani)</em></span> <span class='ocrx_word' id='word_1_154' title='bbox 1613 2273 1790 2336; x_wconf 84' lang='lat' dir='ltr'><em>dicta</em></span> <span class='ocrx_word' id='word_1_155' title='bbox 1830 2273 2056 2338; x_wconf 83' lang='lat' dir='ltr'><em>Uictor</em></span> <span class='ocrx_word' id='word_1_156' title='bbox 2085 2273 2570 2338; x_wconf 80' lang='lat' dir='ltr'><em>Mattaritanus</em></span> <span class='ocrx_word' id='word_1_157' title='bbox 2594 2276 2636 2361; x_wconf 79' lang='lat'><em>⁸)</em></span> <span class='ocrx_word' id='word_1_158' title='bbox 2683 2273 2813 2361; x_wconf 79' lang='lat' dir='ltr'><em>epi-</em></span> 
     </span>
     <span class='ocr_line' id='line_1_19' title="bbox 518 2376 2813 2465; baseline 0 -25"><span class='ocrx_word' id='word_1_159' title='bbox 518 2399 750 2464; x_wconf 73' lang='lat' dir='ltr'><em>scopus</em></span> <span class='ocrx_word' id='word_1_160' title='bbox 766 2376 937 2465; x_wconf 87' lang='lat' dir='ltr'><em>Afer</em></span> <span class='ocrx_word' id='word_1_161' title='bbox 954 2379 1053 2440; x_wconf 87' lang='lat' dir='ltr'><em>ita</em></span> <span class='ocrx_word' id='word_1_162' title='bbox 1073 2377 1326 2441; x_wconf 80' lang='lat' dir='ltr'><em>domino</em></span> <span class='ocrx_word' id='word_1_163' title='bbox 1345 2377 1624 2441; x_wconf 83' lang='lat' dir='ltr'><em>iuuante</em></span> <span class='ocrx_word' id='word_1_164' title='bbox 1631 2379 1965 2465; x_wconf 76' lang='lat' dir='ltr'><em>puryauit</em></span> <span class='ocrx_word' id='word_1_165' title='bbox 1981 2389 2042 2442; x_wconf 84' lang='lat' dir='ltr'><em>et</em></span> <span class='ocrx_word' id='word_1_166' title='bbox 2065 2401 2228 2465; x_wconf 82' lang='lat' dir='ltr'><em>quae</em></span> <span class='ocrx_word' id='word_1_167' title='bbox 2245 2379 2462 2443; x_wconf 85' lang='lat' dir='ltr'><em>minus</em></span> <span class='ocrx_word' id='word_1_168' title='bbox 2488 2389 2676 2443; x_wconf 84' lang='lat' dir='ltr'><em>erant</em></span> <span class='ocrx_word' id='word_1_169' title='bbox 2701 2378 2813 2441; x_wconf 79' lang='lat' dir='ltr'><em>acl-</em></span> 
     </span>
     <span class='ocr_line' id='line_1_20' title="bbox 520 2481 2815 2571; baseline 0 -26"><span class='ocrx_word' id='word_1_170' title='bbox 520 2481 716 2560; x_wconf 77' lang='lat' dir='ltr'><em>didit,</em></span> <span class='ocrx_word' id='word_1_171' title='bbox 748 2492 823 2546; x_wconf 83' lang='lat' dir='ltr'><em>ut</em></span> <span class='ocrx_word' id='word_1_172' title='bbox 849 2483 909 2546; x_wconf 86' lang='lat' dir='ltr'><em>ci</em></span> <span class='ocrx_word' id='word_1_173' title='bbox 932 2506 1155 2547; x_wconf 85' lang='lat' dir='ltr'><em>rerum</em></span> <span class='ocrx_word' id='word_1_174' title='bbox 1178 2483 1462 2547; x_wconf 77' lang='lat' dir='ltr'><em>istarum</em></span> <span class='ocrx_word' id='word_1_175' title='bbox 1477 2482 1715 2570; x_wconf 77' lang='lat' dir='ltr'><em>palma</em></span> <span class='ocrx_word' id='word_1_176' title='bbox 1735 2483 1966 2547; x_wconf 86' lang='lat' dir='ltr'><em>merito</em></span> <span class='ocrx_word' id='word_1_177' title='bbox 1990 2483 2410 2570; x_wconf 81' lang='lat' dir='ltr'><em>conferatur:</em></span> <span class='ocrx_word' id='word_1_178' title='bbox 2435 2506 2617 2571; x_wconf 79' lang='lat' dir='ltr'><em>quem</em></span> <span class='ocrx_word' id='word_1_179' title='bbox 2641 2483 2815 2547; x_wconf 86' lang='lat' dir='ltr'><em>inter</em></span> 
     </span>
     <span class='ocr_line' id='line_1_21' title="bbox 522 2586 2812 2676; baseline 0 -26"><span class='ocrx_word' id='word_1_180' title='bbox 522 2586 691 2651; x_wconf 72' lang='lat' dir='ltr'><em>alios</em></span> <span class='ocrx_word' id='word_1_181' title='bbox 726 2587 801 2651; x_wconf 75' lang='lat' dir='ltr'><em>cle</em></span> <span class='ocrx_word' id='word_1_182' title='bbox 831 2586 1109 2676; x_wconf 86' lang='lat' dir='ltr'><em>Africae</em></span> <span class='ocrx_word' id='word_1_183' title='bbox 1132 2586 1449 2673; x_wconf 78' lang='lat' dir='ltr'><em>partibus</em></span> <span class='ocrx_word' id='word_1_184' title='bbox 1483 2588 1609 2653; x_wconf 85' lang='lat' dir='ltr'><em>cito</em></span> <span class='ocrx_word' id='word_1_185' title='bbox 1639 2586 1824 2651; x_wconf 73' lang='lat' dir='ltr'><em>nobis</em></span> <span class='ocrx_word' id='word_1_186' title='bbox 1857 2587 2183 2653; x_wconf 76' lang='lat' dir='ltr'><em>credimus</em></span> <span class='ocrx_word' id='word_1_187' title='bbox 2217 2611 2346 2654; x_wconf 74' lang='lat' dir='ltr'><em>esse</em></span> <span class='ocrx_word' id='word_1_188' title='bbox 2377 2588 2812 2675; x_wconf 71' lang='lat' dir='ltr'><em>diriqendum.</em></span> 
     </span>
     <span class='ocr_line' id='line_1_22' title="bbox 524 2692 2816 2778; baseline 0 -21"><span class='ocrx_word' id='word_1_189' title='bbox 524 2693 635 2757; x_wconf 89' lang='lat' dir='ltr'><em>sed</em></span> <span class='ocrx_word' id='word_1_190' title='bbox 665 2692 853 2759; x_wconf 91' lang='lat' dir='ltr'><em>huius</em></span> <span class='ocrx_word' id='word_1_191' title='bbox 885 2694 1329 2778; x_wconf 88' lang='lat' dir='ltr'><em>recognitionis</em></span> <span class='ocrx_word' id='word_1_192' title='bbox 1362 2695 1678 2778; x_wconf 79' lang='lat' dir='ltr'><em>exempla-r</em></span> <span class='ocrx_word' id='word_1_193' title='bbox 1710 2694 1958 2759; x_wconf 89' lang='lat' dir='ltr'><em>nullum</em></span> <span class='ocrx_word' id='word_1_194' title='bbox 1991 2694 2252 2760; x_wconf 87' lang='lat' dir='ltr'><em>mansit:</em></span> <span class='ocrx_word' id='word_1_195' title='bbox 2289 2713 2438 2759; x_wconf 86' lang='lat' dir='ltr'><em>nam</em></span> <span class='ocrx_word' id='word_1_196' title='bbox 2477 2694 2816 2778; x_wconf 89' lang='lat' dir='ltr'><em>interpola-</em></span> 
     </span>
     <span class='ocr_line' id='line_1_23' title="bbox 525 2796 2818 2883; baseline 0 -22"><span class='ocrx_word' id='word_1_197' title='bbox 525 2798 750 2879; x_wconf 83' lang='lat' dir='ltr'><em>tioneS,</em></span> <span class='ocrx_word' id='word_1_198' title='bbox 776 2816 935 2881; x_wconf 89' lang='lat' dir='ltr'><em>quae</em></span> <span class='ocrx_word' id='word_1_199' title='bbox 958 2799 1300 2862; x_wconf 83' lang='lat' dir='ltr'><em>maximam</em></span> <span class='ocrx_word' id='word_1_200' title='bbox 1318 2799 1649 2883; x_wconf 89' lang='lat' dir='ltr'><em>partemin</em></span> <span class='ocrx_word' id='word_1_201' title='bbox 1669 2796 2110 2863; x_wconf 86' lang='lat' dir='ltr'><em>Conlationum</em></span> <span class='ocrx_word' id='word_1_202' title='bbox 2133 2800 2450 2863; x_wconf 84' lang='lat' dir='ltr'><em>codicibus</em></span> <span class='ocrx_word' id='word_1_203' title='bbox 2477 2804 2541 2863; x_wconf 88' lang='lat' dir='ltr'><em>et</em></span> <span class='ocrx_word' id='word_1_204' title='bbox 2564 2798 2818 2881; x_wconf 90' lang='lat' dir='ltr'><em>quidem</em></span> 
     </span>
     <span class='ocr_line' id='line_1_24' title="bbox 523 2901 2818 2984; baseline 0 -18"><span class='ocrx_word' id='word_1_205' title='bbox 523 2901 976 2975; x_wconf 85' lang='lat' dir='ltr'><em>recentioribus</em></span> <span class='ocrx_word' id='word_1_206' title='bbox 996 2906 1351 2984; x_wconf 89' lang='lat' dir='ltr'><em>occurrunt,</em></span> <span class='ocrx_word' id='word_1_207' title='bbox 1378 2904 1455 2967; x_wconf 86' lang='lat' dir='ltr'><em>ad</em></span> <span class='ocrx_word' id='word_1_208' title='bbox 1471 2903 1794 2968; x_wconf 87' lang='lat' dir='ltr'><em>Uictorem</em></span> <span class='ocrx_word' id='word_1_209' title='bbox 1817 2904 2176 2969; x_wconf 89' lang='lat' dir='ltr'><em>referendas</em></span> <span class='ocrx_word' id='word_1_210' title='bbox 2199 2922 2335 2967; x_wconf 89' lang='lat' dir='ltr'><em>esse</em></span> <span class='ocrx_word' id='word_1_211' title='bbox 2354 2902 2522 2967; x_wconf 88' lang='lat' dir='ltr'><em>haud</em></span> <span class='ocrx_word' id='word_1_212' title='bbox 2543 2904 2818 2968; x_wconf 90' lang='lat' dir='ltr'><em>credide-</em></span> 
     </span>
     <span class='ocr_line' id='line_1_25' title="bbox 526 3007 2819 3091; baseline 0 -21"><span class='ocrx_word' id='word_1_213' title='bbox 526 3007 666 3071; x_wconf 91' lang='lat' dir='ltr'><em>rim.</em></span> <span class='ocrx_word' id='word_1_214' title='bbox 716 3010 934 3071; x_wconf 90' lang='lat' dir='ltr'><em>contra</em></span> <span class='ocrx_word' id='word_1_215' title='bbox 960 3007 1230 3091; x_wconf 85' lang='lat' dir='ltr'><em>epitome</em></span> <span class='ocrx_word' id='word_1_216' title='bbox 1257 3007 1736 3072; x_wconf 90' lang='lat' dir='ltr'><em>Institutionum</em></span> <span class='ocrx_word' id='word_1_217' title='bbox 1763 3008 2202 3073; x_wconf 88' lang='lat' dir='ltr'><em>uetustissima</em></span> <span class='ocrx_word' id='word_1_218' title='bbox 2232 3007 2309 3072; x_wconf 88' lang='lat' dir='ltr'><em>ab</em></span> <span class='ocrx_word' id='word_1_219' title='bbox 2336 3008 2642 3072; x_wconf 83' lang='lat' dir='ltr'><em>Eucherio</em></span> <span class='ocrx_word' id='word_1_220' title='bbox 2669 3007 2819 3073; x_wconf 87' lang='lat' dir='ltr'><em>Cas-</em></span> 
     </span>
     <span class='ocr_line' id='line_1_26' title="bbox 528 3109 2819 3196; baseline 0 -21"><span class='ocrx_word' id='word_1_221' title='bbox 528 3110 687 3175; x_wconf 88' lang='lat' dir='ltr'><em>siani</em></span> <span class='ocrx_word' id='word_1_222' title='bbox 711 3111 911 3175; x_wconf 87' lang='lat' dir='ltr'><em>amico</em></span> <span class='ocrx_word' id='word_1_223' title='bbox 929 3111 1099 3175; x_wconf 86' lang='lat' dir='ltr'><em>facta</em></span> <span class='ocrx_word' id='word_1_224' title='bbox 1111 3112 1163 3195; x_wconf 80' lang='lat'><em>²)</em></span> <span class='ocrx_word' id='word_1_225' title='bbox 1182 3110 1365 3175; x_wconf 89' lang='lat' dir='ltr'><em>hodie</em></span> <span class='ocrx_word' id='word_1_226' title='bbox 1383 3114 1551 3176; x_wconf 85' lang='lat' dir='ltr'><em>extat</em></span> <span class='ocrx_word' id='word_1_227' title='bbox 1569 3109 1836 3196; x_wconf 88' lang='lat' dir='ltr'><em>(Migne,</em></span> <span class='ocrx_word' id='word_1_228' title='bbox 1854 3112 2168 3196; x_wconf 87' lang='lat' dir='ltr'><em>Patrolog.</em></span> <span class='ocrx_word' id='word_1_229' title='bbox 2183 3116 2333 3177; x_wconf 86' lang='lat' dir='ltr'><em>tom.</em></span> <span class='ocrx_word' id='word_1_230' title='bbox 2348 3113 2399 3176; x_wconf 91' lang='lat' dir='ltr'>L</span> <span class='ocrx_word' id='word_1_231' title='bbox 2415 3132 2474 3196; x_wconf 89' lang='lat' dir='ltr'><em>p.</em></span> <span class='ocrx_word' id='word_1_232' title='bbox 2494 3110 2616 3175; x_wconf 82' lang='lat'><em>867</em></span> <span class='ocrx_word' id='word_1_233' title='bbox 2633 3111 2819 3196; x_wconf 88' lang='lat' dir='ltr'><em>sqq.).</em></span> 
     </span>
     <span class='ocr_line' id='line_1_27' title="bbox 529 3214 2822 3299; baseline 0 -20"><span class='ocrx_word' id='word_1_234' title='bbox 529 3215 721 3279; x_wconf 87' lang='lat' dir='ltr'><em>aliam</em></span> <span class='ocrx_word' id='word_1_235' title='bbox 762 3215 1079 3299; x_wconf 89' lang='lat' dir='ltr'><em>epitomen</em></span> <span class='ocrx_word' id='word_1_236' title='bbox 1112 3214 1553 3281; x_wconf 86' lang='lat' dir='ltr'><em>Conlationum</em></span> <span class='ocrx_word' id='word_1_237' title='bbox 1599 3216 1792 3280; x_wconf 88' lang='lat' dir='ltr'><em>trium</em></span> <span class='ocrx_word' id='word_1_238' title='bbox 1839 3216 1945 3281; x_wconf 93' lang='lat' dir='ltr'><em>ille</em></span> <span class='ocrx_word' id='word_1_239' title='bbox 1991 3217 2056 3281; x_wconf 91' lang='lat' dir='ltr'><em>in</em></span> <span class='ocrx_word' id='word_1_240' title='bbox 2103 3216 2398 3281; x_wconf 88' lang='lat' dir='ltr'><em>manibus</em></span> <span class='ocrx_word' id='word_1_241' title='bbox 2445 3216 2670 3282; x_wconf 85' lang='lat' dir='ltr'><em>habuit</em></span> <span class='ocrx_word' id='word_1_242' title='bbox 2714 3216 2822 3299; x_wconf 89' lang='lat' dir='ltr'><em>qui</em></span> 
     </span>
     <span class='ocr_line' id='line_1_28' title="bbox 529 3318 2822 3404; baseline 0 -21"><span class='ocrx_word' id='word_1_243' title='bbox 529 3320 1011 3385; x_wconf 86' lang='lat' dir='ltr'><em>translationem</em></span> <span class='ocrx_word' id='word_1_244' title='bbox 1042 3320 1175 3384; x_wconf 90' lang='lat' dir='ltr'><em>eius</em></span> <span class='ocrx_word' id='word_1_245' title='bbox 1201 3318 1507 3385; x_wconf 84' lang='lat' dir='ltr'><em>Graecam</em></span> <span class='ocrx_word' id='word_1_246' title='bbox 1531 3321 1828 3385; x_wconf 86' lang='lat' dir='ltr'><em>confecit:</em></span> <span class='ocrx_word' id='word_1_247' title='bbox 1865 3339 2023 3403; x_wconf 89' lang='lat' dir='ltr'><em>quae</em></span> <span class='ocrx_word' id='word_1_248' title='bbox 2049 3340 2192 3385; x_wconf 92' lang='lat' dir='ltr'><em>cum</em></span> <span class='ocrx_word' id='word_1_249' title='bbox 2217 3322 2346 3386; x_wconf 87' lang='lat' dir='ltr'><em>iam</em></span> <span class='ocrx_word' id='word_1_250' title='bbox 2369 3320 2595 3386; x_wconf 92' lang='lat' dir='ltr'><em>Photio</em></span> <span class='ocrx_word' id='word_1_251' title='bbox 2627 3322 2822 3404; x_wconf 85' lang='lat' dir='ltr'><em>patri-</em></span> 
     </span>
     <span class='ocr_line' id='line_1_29' title="bbox 534 3422 2823 3508; baseline 0 -21"><span class='ocrx_word' id='word_1_252' title='bbox 534 3423 758 3487; x_wconf 86' lang='lat' dir='ltr'><em>archae</em></span> <span class='ocrx_word' id='word_1_253' title='bbox 791 3422 1485 3507; x_wconf 84' lang='lat' dir='ltr'><em>Constantinopolitano</em></span> <span class='ocrx_word' id='word_1_254' title='bbox 1519 3427 1670 3489; x_wconf 89' lang='lat' dir='ltr'><em>nota</em></span> <span class='ocrx_word' id='word_1_255' title='bbox 1700 3424 1910 3504; x_wconf 89' lang='lat' dir='ltr'><em>fuerit,</em></span> <span class='ocrx_word' id='word_1_256' title='bbox 1959 3425 2124 3489; x_wconf 90' lang='lat' dir='ltr'><em>hanc</em></span> <span class='ocrx_word' id='word_1_257' title='bbox 2169 3443 2416 3508; x_wconf 89' lang='lat' dir='ltr'><em>quoque</em></span> <span class='ocrx_word' id='word_1_258' title='bbox 2463 3428 2610 3489; x_wconf 89' lang='lat' dir='ltr'><em>ante</em></span> <span class='ocrx_word' id='word_1_259' title='bbox 2657 3424 2823 3489; x_wconf 88' lang='lat' dir='ltr'><em>deci-</em></span> 
     </span>
     <span class='ocr_line' id='line_1_30' title="bbox 531 3528 2827 3611; baseline 0 -20"><span class='ocrx_word' id='word_1_260' title='bbox 531 3546 708 3591; x_wconf 91' lang='lat' dir='ltr'><em>mum</em></span> <span class='ocrx_word' id='word_1_261' title='bbox 766 3528 1089 3593; x_wconf 87' lang='lat' dir='ltr'><em>saeculum</em></span> <span class='ocrx_word' id='word_1_262' title='bbox 1136 3528 1417 3593; x_wconf 85' lang='lat' dir='ltr'><em>extitisse</em></span> <span class='ocrx_word' id='word_1_263' title='bbox 1472 3532 1667 3611; x_wconf 86' lang='lat' dir='ltr'><em>patet.</em></span> <span class='ocrx_word' id='word_1_264' title='bbox 1747 3529 2082 3594; x_wconf 87' lang='lat' dir='ltr'><em>translatio</em></span> <span class='ocrx_word' id='word_1_265' title='bbox 2145 3532 2358 3594; x_wconf 85' lang='lat' dir='ltr'><em>autem</em></span> <span class='ocrx_word' id='word_1_266' title='bbox 2406 3528 2648 3595; x_wconf 83' lang='lat' dir='ltr'><em>Graeca</em></span> <span class='ocrx_word' id='word_1_267' title='bbox 2700 3546 2827 3610; x_wconf 92' lang='lat' dir='ltr'><em>qua</em></span> 
     </span>
    </p>
   </div>
   <div class='ocr_carea' id='block_1_3' title="bbox 534 3680 950 3687">
    <p class='ocr_par' dir='ltr' id='par_1_3' title="bbox 534 3680 950 3687">
     <span class='ocr_line' id='line_1_31' title="bbox 534 3680 950 3687; baseline 0 0"><span class='ocrx_word' id='word_1_268' title='bbox 534 3680 950 3687; x_wconf 95' lang='lat' dir='ltr'><em> </em></span> 
     </span>
    </p>
   </div>
   <div class='ocr_carea' id='block_1_4' title="bbox 532 3768 2830 4275">
    <p class='ocr_par' dir='ltr' id='par_1_4' title="bbox 532 3768 2828 4174">
     <span class='ocr_line' id='line_1_32' title="bbox 624 3768 2826 3843; baseline -0.001 -18"><span class='ocrx_word' id='word_1_269' title='bbox 624 3770 663 3839; x_wconf 89' lang='lat'><em>¹)</em></span> <span class='ocrx_word' id='word_1_270' title='bbox 700 3770 1022 3826; x_wconf 78' lang='lat' dir='ltr'><em>cassiodorii</em></span> <span class='ocrx_word' id='word_1_271' title='bbox 1060 3768 1224 3824; x_wconf 87' lang='lat' dir='ltr'><em>editio</em></span> <span class='ocrx_word' id='word_1_272' title='bbox 1261 3770 1506 3825; x_wconf 83' lang='lat' dir='ltr'><em>Parisina</em></span> <span class='ocrx_word' id='word_1_273' title='bbox 1542 3787 1588 3824; x_wconf 84' lang='lat' dir='ltr'><em>a.</em></span> <span class='ocrx_word' id='word_1_274' title='bbox 1620 3773 1754 3827; x_wconf 87' lang='grc'>1588</span> <span class='ocrx_word' id='word_1_275' title='bbox 1790 3786 1896 3839; x_wconf 85' lang='lat' dir='ltr'><em>qua</em></span> <span class='ocrx_word' id='word_1_276' title='bbox 1931 3773 2054 3825; x_wconf 87' lang='lat' dir='ltr'><em>utor</em></span> <span class='ocrx_word' id='word_1_277' title='bbox 2077 3772 2488 3843; x_wconf 64' lang='lat' dir='ltr'><em>Mar-tyrimnas</em></span> <span class='ocrx_word' id='word_1_278' title='bbox 2523 3768 2736 3824; x_wconf 86' lang='lat' dir='ltr'><em>exhibet</em></span> <span class='ocrx_word' id='word_1_279' title='bbox 2770 3770 2826 3823; x_wconf 88' lang='lat' dir='ltr'><em>in</em></span> 
     </span>
     <span class='ocr_line' id='line_1_33' title="bbox 532 3856 2828 3927; baseline 0 -16"><span class='ocrx_word' id='word_1_280' title='bbox 532 3860 696 3923; x_wconf 83' lang='lat' dir='ltr'><em>textu,</em></span> <span class='ocrx_word' id='word_1_281' title='bbox 745 3858 801 3911; x_wconf 91' lang='lat' dir='ltr'><em>in</em></span> <span class='ocrx_word' id='word_1_282' title='bbox 839 3856 1083 3926; x_wconf 84' lang='lat' dir='ltr'><em>margine</em></span> <span class='ocrx_word' id='word_1_283' title='bbox 1120 3857 1539 3926; x_wconf 69' lang='lat' dir='ltr'><em>Mattan&#39;tanuS,</em></span> <span class='ocrx_word' id='word_1_284' title='bbox 1586 3858 1732 3925; x_wconf 89' lang='lat' dir='ltr'><em>quod</em></span> <span class='ocrx_word' id='word_1_285' title='bbox 1779 3873 1966 3911; x_wconf 88' lang='lat' dir='ltr'><em>uerum</em></span> <span class='ocrx_word' id='word_1_286' title='bbox 2006 3874 2117 3911; x_wconf 85' lang='lat' dir='ltr'><em>esse</em></span> <span class='ocrx_word' id='word_1_287' title='bbox 2153 3862 2300 3927; x_wconf 80' lang='lat' dir='ltr'><em>pute.</em></span> <span class='ocrx_word' id='word_1_288' title='bbox 2363 3874 2487 3912; x_wconf 87' lang='lat' dir='ltr'><em>nam</em></span> <span class='ocrx_word' id='word_1_289' title='bbox 2525 3858 2581 3912; x_wconf 88' lang='lat' dir='ltr'><em>in</em></span> <span class='ocrx_word' id='word_1_290' title='bbox 2617 3857 2828 3911; x_wconf 86' lang='lat' dir='ltr'><em>Notitia</em></span> 
     </span>
     <span class='ocr_line' id='line_1_34' title="bbox 532 3943 2828 4016; baseline 0.001 -19"><span class='ocrx_word' id='word_1_291' title='bbox 532 3944 931 4014; x_wconf 84' lang='lat' dir='ltr'><em>prouinciarum</em></span> <span class='ocrx_word' id='word_1_292' title='bbox 969 3947 1023 3998; x_wconf 83' lang='lat' dir='ltr'><em>et</em></span> <span class='ocrx_word' id='word_1_293' title='bbox 1060 3944 1343 3998; x_wconf 81' lang='lat' dir='ltr'><em>ciuitatum</em></span> <span class='ocrx_word' id='word_1_294' title='bbox 1368 3943 1581 3997; x_wconf 80' lang='lat' dir='ltr'><em>Africae</em></span> <span class='ocrx_word' id='word_1_295' title='bbox 1619 3944 1790 4014; x_wconf 88' lang='lat' dir='ltr'><em>(prou.</em></span> <span class='ocrx_word' id='word_1_296' title='bbox 1818 3945 2004 4014; x_wconf 71' lang='lat' dir='ltr'><em>Byzan.</em></span> <span class='ocrx_word' id='word_1_297' title='bbox 2033 3947 2120 4016; x_wconf 83' lang='lat'><em>50)</em></span> <span class='ocrx_word' id='word_1_298' title='bbox 2159 3950 2608 4001; x_wconf 87' lang='lat' dir='ltr'><em>commemoratur</em></span> <span class='ocrx_word' id='word_1_299' title='bbox 2641 3944 2828 3999; x_wconf 86' lang='lat' dir='ltr'><em>Adel-</em></span> 
     </span>
     <span class='ocr_line' id='line_1_35' title="bbox 533 4030 2828 4102; baseline 0.001 -18"><span class='ocrx_word' id='word_1_300' title='bbox 533 4032 666 4085; x_wconf 83' lang='lat' dir='ltr'><em>fius</em></span> <span class='ocrx_word' id='word_1_301' title='bbox 700 4032 1206 4097; x_wconf 84' lang='lat' dir='ltr'><em>Mattaritauus,</em></span> <span class='ocrx_word' id='word_1_302' title='bbox 1254 4030 1345 4099; x_wconf 90' lang='lat' dir='ltr'><em>qui</em></span> <span class='ocrx_word' id='word_1_303' title='bbox 1392 4030 1615 4085; x_wconf 81' lang='lat' dir='ltr'><em>fortasse</em></span> <span class='ocrx_word' id='word_1_304' title='bbox 1651 4031 1796 4086; x_wconf 87' lang='lat' dir='ltr'><em>idem</em></span> <span class='ocrx_word' id='word_1_305' title='bbox 1831 4036 1916 4087; x_wconf 87' lang='lat' dir='ltr'><em>est</em></span> <span class='ocrx_word' id='word_1_306' title='bbox 1951 4036 2108 4101; x_wconf 85' lang='lat' dir='ltr'><em>atque</em></span> <span class='ocrx_word' id='word_1_307' title='bbox 2154 4034 2199 4086; x_wconf 83' lang='lat' dir='ltr'><em>is</em></span> <span class='ocrx_word' id='word_1_308' title='bbox 2235 4034 2327 4102; x_wconf 90' lang='lat' dir='ltr'><em>qui</em></span> <span class='ocrx_word' id='word_1_309' title='bbox 2371 4048 2520 4102; x_wconf 89' lang='lat' dir='ltr'><em>prou.</em></span> <span class='ocrx_word' id='word_1_310' title='bbox 2547 4032 2734 4100; x_wconf 79' lang='lat' dir='ltr'><em>Byzac.</em></span> <span class='ocrx_word' id='word_1_311' title='bbox 2761 4034 2828 4087; x_wconf 85' lang='lat'><em>25</em></span> 
     </span>
     <span class='ocr_line' id='line_1_36' title="bbox 535 4118 1729 4174; baseline 0 -1"><span class='ocrx_word' id='word_1_312' title='bbox 535 4118 845 4174; x_wconf 83' lang='lat' dir='ltr'><em>Adelfius</em></span> <span class='ocrx_word' id='word_1_313' title='bbox 880 4118 1366 4172; x_wconf 79' lang='lat' dir='ltr'><em>Mactaritauus</em></span> <span class='ocrx_word' id='word_1_314' title='bbox 1405 4119 1729 4173; x_wconf 84' lang='lat' dir='ltr'><em>nominatur.</em></span> 
     </span>
    </p>

    <p class='ocr_par' dir='ltr' id='par_1_5' title="bbox 624 4204 2830 4275">
     <span class='ocr_line' id='line_1_37' title="bbox 624 4204 2830 4275; baseline 0 -15"><span class='ocrx_word' id='word_1_315' title='bbox 624 4206 667 4275; x_wconf 82' lang='lat'><em>²)</em></span> <span class='ocrx_word' id='word_1_316' title='bbox 702 4204 969 4261; x_wconf 87' lang='lat' dir='ltr'><em>Gennadii</em></span> <span class='ocrx_word' id='word_1_317' title='bbox 1005 4204 1244 4275; x_wconf 77' lang='lat' dir='ltr'><em>catalog.</em></span> <span class='ocrx_word' id='word_1_318' title='bbox 1283 4204 1385 4274; x_wconf 88' lang='lat' dir='ltr'><em>(ed.</em></span> <span class='ocrx_word' id='word_1_319' title='bbox 1422 4204 1690 4275; x_wconf 85' lang='lat' dir='ltr'><em>Herding)</em></span> <span class='ocrx_word' id='word_1_320' title='bbox 1728 4221 1839 4275; x_wconf 85' lang='lat' dir='ltr'><em>cap.</em></span> <span class='ocrx_word' id='word_1_321' title='bbox 1876 4205 2073 4260; x_wconf 88' lang='lat' dir='ltr'>LXIV:</span> <span class='ocrx_word' id='word_1_322' title='bbox 2111 4207 2416 4263; x_wconf 74' lang='lat' dir='ltr'><em>Eucherius</em></span> <span class='ocrx_word' id='word_1_323' title='bbox 2443 4250 2454 4261; x_wconf 90' lang='lat'><em>.</em></span> <span class='ocrx_word' id='word_1_324' title='bbox 2483 4248 2494 4260; x_wconf 93' lang='lat'><em>.</em></span> <span class='ocrx_word' id='word_1_325' title='bbox 2525 4250 2534 4260; x_wconf 93' lang='lat'><em>.</em></span> <span class='ocrx_word' id='word_1_326' title='bbox 2561 4212 2610 4262; x_wconf 81' lang='lat' dir='ltr'><em>et</em></span> <span class='ocrx_word' id='word_1_327' title='bbox 2651 4206 2830 4261; x_wconf 77' lang='lat' dir='ltr'><em>sancti</em></span> 
     </span>
    </p>
   </div>
   <div class='ocr_carea' id='block_1_5' title="bbox 538 4293 2831 4451">
    <p class='ocr_par' dir='ltr' id='par_1_6' title="bbox 538 4293 2831 4451">
     <span class='ocr_line' id='line_1_38' title="bbox 540 4293 2831 4363; baseline 0 -14"><span class='ocrx_word' id='word_1_328' title='bbox 540 4293 799 4349; x_wconf 74' lang='lat' dir='ltr'><em>Cassiani</em></span> <span class='ocrx_word' id='word_1_329' title='bbox 830 4294 1151 4363; x_wconf 76' lang='lat' dir='ltr'><em>quaedam</em></span> <span class='ocrx_word' id='word_1_330' title='bbox 1174 4294 1501 4363; x_wconf 75' lang='lat' dir='ltr'><em>opuscula</em></span> <span class='ocrx_word' id='word_1_331' title='bbox 1538 4294 1650 4349; x_wconf 81' lang='lat' dir='ltr'><em>lato</em></span> <span class='ocrx_word' id='word_1_332' title='bbox 1675 4300 1828 4348; x_wconf 77' lang='lat' dir='ltr'><em>tensa</em></span> <span class='ocrx_word' id='word_1_333' title='bbox 1851 4310 2092 4349; x_wconf 67' lang='lat' dir='ltr'><em>sev-mom</em></span> <span class='ocrx_word' id='word_1_334' title='bbox 2115 4300 2346 4363; x_wconf 61' lang='lat' dir='ltr'><em>anyer-sto</em></span> <span class='ocrx_word' id='word_1_335' title='bbox 2382 4296 2535 4349; x_wconf 77' lang='lat' dir='ltr'><em>uerbi</em></span> <span class='ocrx_word' id='word_1_336' title='bbox 2558 4296 2831 4349; x_wconf 68' lang='lat' dir='ltr'><em>resoluens</em></span> 
     </span>
     <span class='ocr_line' id='line_1_39' title="bbox 538 4382 1564 4451; baseline -0.002 -16"><span class='ocrx_word' id='word_1_337' title='bbox 538 4382 753 4435; x_wconf 80' lang='lat' dir='ltr'><em>tramite</em></span> <span class='ocrx_word' id='word_1_338' title='bbox 788 4382 851 4435; x_wconf 81' lang='lat' dir='ltr'><em>in</em></span> <span class='ocrx_word' id='word_1_339' title='bbox 885 4398 1057 4435; x_wconf 72' lang='lat' dir='ltr'><em>imum</em></span> <span class='ocrx_word' id='word_1_340' title='bbox 1093 4382 1263 4451; x_wconf 65' lang='lat' dir='ltr'><em>coeyit</em></span> <span class='ocrx_word' id='word_1_341' title='bbox 1297 4382 1564 4435; x_wconf 74' lang='lat' dir='ltr'><em>uolumen.</em></span> 
     </span>
    </p>
   </div>
  </div>
 </body>
</html>
