3167 4975
524 443 649 509 248
855 510 861 517 ,
1334 442 1652 497 Iohannis
1701 442 1998 497 Cassiani

524 621 747 685 borum
782 620 1175 683 maiestatem
1203 619 1400 683 diuini
1432 618 1637 703 operis
1671 618 2021 703 explicauit.
2075 618 2330 701 spiritus
2366 617 2534 681 enim
2560 620 2816 680 sanctus

524 726 785 809 uirginis
845 725 1140 789 interiora
1199 723 1600 789 sanctificans
1661 727 1724 788 et
1783 724 1850 788 in
1908 723 2008 800 his
2064 722 2416 807 potentiam
2471 721 2817 787 diuinitatis

524 848 674 894 suae
721 831 966 913 spirans
1011 830 1325 894 humanae
1374 849 1439 894 se
1483 828 1754 893 inseruit
1792 829 2166 910 miscuitque
2207 830 2468 892 naturae
2501 831 2688 909 atque
2732 828 2816 907 id,

524 936 691 1017 quod
735 934 1013 999 alienum
1060 953 1097 998 a
1142 954 1209 999 se
1253 936 1480 1016 fuerat,
1542 953 1730 998 suum
1775 934 1944 1015 fecit,
2007 934 2240 997 uirtute
2285 934 2345 996 id
2409 950 2524 997 sua
2577 931 2820 997 scilicet

527 1058 599 1105 ac
654 1041 986 1104 maiestate
1032 1058 1459 1122 praesumens
1541 1057 1613 1103 ac
1673 1056 1752 1101 ne
1807 1039 1884 1102 ad
1939 1038 2260 1102 introitum
2309 1036 2654 1101 diuinitatis
2700 1038 2820 1101 hu-
2899 1063 2923 1102 ⁵

526 1163 715 1209 mana
758 1144 1027 1209 fortasse
1072 1144 1405 1207 infirmitas
1452 1161 1578 1207 non
1625 1143 2014 1223 subsisteret,
2061 1141 2487 1207 uenerandam
2523 1140 2818 1207 omnibus

524 1250 836 1333 uirginem
876 1249 1079 1312 uirtus
1121 1248 1413 1312 altissimi
1453 1248 1789 1329 roborauit,
1835 1250 1908 1313 ut
1945 1265 2305 1331 corpoream
2337 1246 2818 1311 inbecillitatem

526 1355 907 1419 circumfusa
952 1352 1214 1418 umbrae
1246 1372 1395 1417 suae
1436 1353 1820 1436 protectione
1859 1352 2143 1417 firmaret
2174 1356 2236 1416 et
2266 1352 2344 1416 ad
2375 1368 2820 1416 consumman-

527 1459 677 1524 dum
710 1462 1045 1542 conceptus
1079 1458 1239 1522 sacri
1270 1456 1690 1523 inenarrabile
1723 1460 2189 1522 sacramentum
2235 1456 2515 1521 humana
2557 1455 2821 1520 infirmi-

527 1567 625 1627 tas
659 1582 781 1628 non
814 1563 1124 1644 deficeret,
1173 1582 1363 1645 quam
1396 1563 1612 1627 diuina
1641 1562 2035 1627 obumbratio
2083 1562 2438 1627 sustineret.
2503 1560 2820 1644 spiritus
2879 1589 2930 1625 ιο

528 1687 673 1751 ergo
718 1667 921 1750 inquit
966 1672 1273 1732 sanctus
1318 1668 1575 1731 ueniet
1617 1667 1689 1730 in
1736 1671 1837 1748 te,
1887 1670 1958 1731 et
2002 1666 2245 1731 uirtus
2295 1665 2654 1730 altissimi
2700 1664 2822 1729 ob-

526 1773 909 1837 umbrabit
960 1772 1119 1837 tibi.
1199 1772 1252 1835 si
1296 1770 1652 1835 nasciturus
1698 1772 1911 1854 itaque
1959 1770 2035 1835 de
2081 1774 2300 1835 sancta
2343 1770 2588 1854 uirgine
2632 1770 2824 1834 homo

528 1870 964 1942 tantummodo
1014 1877 1327 1941 solitarius
1376 1880 1529 1957 erat,
1575 1876 1724 1958 quid
1771 1879 1946 1940 tanto
1981 1875 2286 1958 agebatur
2319 1874 2478 1938 sacri
2508 1874 2822 1939 aduentus

526 1983 789 2047 nuntio?
858 1981 1006 2064 quid
1052 1984 1229 2047 tanto
1271 1981 1620 2045 diuinitatis
1652 1981 1850 2064 ipsius
1883 1982 2230 2063 apparatu?
2303 1978 2355 2043 si
2389 1979 2602 2061 utique
2633 1979 2822 2043 homo

529 2106 600 2151 ex
660 2087 912 2150 homine
974 2090 1037 2151 et
1096 2104 1237 2150 caro
1285 2085 1723 2150 tantummodo
1785 2084 2162 2149 nascebatur
2225 2104 2296 2147 ex
2359 2102 2565 2163 carne,
2627 2083 2826 2147 iussio
2881 2108 2932 2148 15

526 2192 754 2275 quippe
814 2194 1061 2255 tantum
1122 2191 1198 2255 ad
1261 2191 1321 2255 id
1376 2194 1667 2274 potuerat
1729 2194 1837 2254 aut
1896 2190 2191 2253 uoluntas
2240 2188 2452 2252 diuina
2511 2186 2820 2251 sufficere.

530 2297 582 2360 si
630 2281 798 2360 enim
858 2296 936 2360 ad
988 2295 1383 2361 fabricandos
1445 2297 1670 2376 caeIOS,
1731 2295 2120 2359 fundandam
2167 2298 2420 2374 terram,
2481 2292 2828 2357 creandum

528 2420 721 2480 mare,
784 2402 961 2465 sedes
1010 2400 1275 2482 denique
1336 2403 1399 2465 et
1444 2400 1700 2465 thronos
1756 2403 1818 2463 et
1874 2400 2130 2483 angelos
2187 2402 2250 2462 et
2303 2397 2710 2481 archangelos
2757 2402 2828 2461 et

529 2507 913 2590 principatus
974 2509 1038 2570 et
1096 2509 1470 2590 potestateS,
1540 2506 1594 2569 si
1655 2506 1732 2570 ad
1793 2505 2129 2569 creandam
2189 2506 2507 2587 postremo
2567 2521 2824 2567 omnem

529 2611 866 2675 caelestem
914 2611 1204 2675 militiam
1250 2614 1313 2675 et
1358 2611 1435 2674 ad
1483 2611 1594 2675 illa
1637 2611 1970 2674 innumera
2024 2609 2374 2673 diuinorum
2436 2608 2826 2672 exercituum
2885 2634 2938 2671 20

530 2716 778 2780 milium
824 2715 1001 2780 milia
1046 2717 1179 2780 sola
1224 2715 1345 2780 sibi
1390 2717 1640 2779 tantum
1687 2715 1980 2779 uoluntas
2027 2714 2128 2778 dei
2174 2713 2632 2797 imperiumque
2691 2713 2828 2776 suf-

528 2821 697 2900 fecit,
760 2820 933 2902 quia
978 2821 1135 2903 ipse
1183 2819 1400 2900 dixit,
1464 2823 1534 2883 et
1580 2821 1783 2882 facta
1829 2822 2028 2883 sunt:
2076 2819 2234 2902 ipse
2281 2816 2693 2898 mandauit,
2749 2819 2830 2880 et

530 2927 781 2989 creata
824 2929 1029 3005 sunt,
1076 2943 1184 2988 cur
1214 2925 1275 2988 id
1308 2925 1386 2988 ad
1418 2924 1911 3006 conceptionem,
1958 2927 2032 2988 ut
2060 2926 2128 2986 tu
2161 2923 2273 3003 ais,
2319 2922 2504 2986 unius
2549 2921 2828 2986 hominis

528 3047 750 3112 parum
798 3030 1004 3093 uisum
1054 3033 1168 3109 est,
1216 3029 1380 3111 quod
1428 3029 1579 3093 satis
1627 3029 1707 3092 ad
1751 3027 2247 3111 procreationem
2294 3027 2649 3102 diuinorum
2689 3045 2828 3090 om-

530 3135 707 3199 nium
738 3134 877 3214 fuit,
927 3137 989 3198 et
1027 3133 1091 3197 id
1120 3134 1403 3217 potentia
1432 3151 1507 3197 ac
1538 3134 1834 3198 maiestas
1882 3133 1979 3196 dei
2027 3133 2091 3196 in
2123 3135 2262 3196 ortu
2295 3131 2481 3195 unius
2527 3130 2828 3195 infantuli
2887 3159 2938 3197 25

530 3257 753 3323 parum
799 3238 1081 3318 credidit,
1128 3238 1292 3320 quod
1339 3239 1417 3302 ad
1462 3238 1885 3303 conditionem
1931 3241 2324 3303 terrenorum
2371 3236 2654 3300 omnium
2685 3253 2830 3299 cae-

534 3345 917 3426 lestiumqne
950 3343 1241 3408 suffecit?
1310 3343 1418 3407 sed
1466 3344 1618 3407 illud
1661 3343 1876 3425 utique
1909 3345 2024 3407 est‘
2051 3342 2215 3424 quod
2258 3341 2371 3406 illa
2400 3341 2609 3405 omnia
2638 3359 2835 3424 opera

532 3451 672 3512 acta
715 3449 964 3513 fuerant
1010 3468 1122 3532 per
1177 3448 1516 3512 iussionem
1572 3447 1694 3528 dei,
1757 3447 2058 3512 natiuitas
2119 3450 2334 3511 autem
2396 3445 2639 3530 agenda
2698 3463 2830 3510 non

532 3557 666 3617 erat
710 3553 830 3617 nisi
876 3572 984 3636 per
1034 3554 1399 3632 aduentum,
1460 3552 1608 3633 quia
1669 3555 1732 3616 et
1785 3553 2026 3634 concipi
2081 3551 2156 3615 ab
2205 3549 2460 3616 homine
2505 3549 2657 3612 deus
2703 3548 2832 3613 nisi

744 3778 834 3847 10]
869 3777 905 3831 1.
934 3794 976 3832 c.
1084 3777 1178 3846 22]
1249 3776 1337 3830 Ps.
1365 3778 1449 3840 32,
1474 3779 1522 3832 9.

622 3973 648 4026 1
696 3972 1049 4038 magestatem
1098 3971 1173 4025 M
1302 3968 1553 4039 explicuit
1597 3971 1700 4025 Mv
1829 3971 1863 4024 3
1899 3968 1978 4038 id]
2017 3967 2094 4022 ita
2136 3969 2210 4022 M
2339 3969 2372 4024 5
2419 3969 2713 4036 magestate
2759 3969 2841 4022 M

532 4062 566 4116 8
602 4059 983 4124 circumfusam
1018 4059 1093 4113 M
1232 4056 1658 4111 consumandum
1693 4058 1830 4112 NM
1978 4059 2041 4110 12
2081 4055 2146 4110 de
2181 4073 2284 4110 om.
2319 4057 2394 4110 M
2543 4057 2609 4109 13
2643 4057 2830 4108 tantu-

534 4144 693 4200 modo
717 4148 793 4201 M
890 4161 1038 4199 sacro
1064 4146 1139 4199 M
1240 4146 1303 4200 14
1338 4147 1592 4214 apparato
1618 4145 1683 4199 N
1685 4147 1700 4180 ¹
1811 4148 1874 4200 15
1904 4141 2222 4196 tantumodo
2254 4144 2328 4196 M
2428 4144 2494 4196 16
2525 4144 2736 4210 poterat
2759 4143 2842 4196 M

533 4235 599 4286 ut
631 4251 676 4303 p
788 4236 850 4288 17
898 4231 1291 4300 creandumque
1326 4233 1401 4286 M
1501 4234 1567 4286 18
1613 4234 1668 4284 et
1708 4238 1833 4286 ante
1876 4230 2210 4299 principatus
2257 4247 2357 4285 om.
2395 4229 2470 4283 M
2567 4231 2636 4284 20
2681 4244 2830 4282 exer·

534 4319 702 4373 citum
726 4321 793 4375 N
894 4321 959 4374 21
996 4319 1200 4372 sufficit
1223 4320 1298 4374 M
1395 4321 1461 4374 25
1496 4321 1764 4386 magestas
1789 4319 1864 4373 M
1959 4320 2029 4372 26
2056 4316 2422 4370 condicionem
2446 4317 2522 4370 M
2617 4318 2685 4371 27
2713 4313 2827 4368 suf-

534 4407 649 4460 ficit
682 4409 757 4462 M
854 4423 1014 4475 opera
1050 4406 1192 4477 acta]
1229 4410 1445 4475 peracta
1478 4407 1554 4460 M
1654 4408 1722 4462 28
1759 4405 1998 4460 fecerant
2033 4404 2099 4459 N
