<?xml version="1.0" encoding="UTF-8"?>
<!DOCTYPE html PUBLIC "-//W3C//DTD XHTML 1.0 Transitional//EN"
    "http://www.w3.org/TR/xhtml1/DTD/xhtml1-transitional.dtd">
<html xmlns="http://www.w3.org/1999/xhtml" xml:lang="en" lang="en">
 <head>
  <title>
</title>
<meta http-equiv="Content-Type" content="text/html;charset=utf-8" />
  <meta name='ocr-system' content='tesseract 3.04.00' />
  <meta name='ocr-capabilities' content='ocr_page ocr_carea ocr_par ocr_line ocrx_word'/>
</head>
<body>
  <div class='ocr_page' id='page_1' title='image "./corpusscriptoru28wissgoog_0418.png"; bbox 0 0 3167 4975; ppageno 0'>
   <div class='ocr_carea' id='block_1_1' title="bbox 567 405 2038 471">
    <p class='ocr_par' dir='ltr' id='par_1_1' title="bbox 567 405 2038 471">
     <span class='ocr_line' id='line_1_1' title="bbox 567 405 2038 471; baseline -0.008 0"><span class='ocrx_word' id='word_1_1' title='bbox 567 407 695 471; x_wconf 82' lang='grc'><strong>286</strong></span> <span class='ocrx_word' id='word_1_2' title='bbox 1381 407 1700 461; x_wconf 78' lang='lat' dir='ltr'>Iohannis</span> <span class='ocrx_word' id='word_1_3' title='bbox 1738 405 2038 461; x_wconf 75' lang='lat' dir='ltr'><strong>Cassiani</strong></span> 
     </span>
    </p>
   </div>
   <div class='ocr_carea' id='block_1_2' title="bbox 1308 700 2118 785">
    <p class='ocr_par' dir='ltr' id='par_1_2' title="bbox 1308 700 2118 785">
     <span class='ocr_line' id='line_1_2' title="bbox 1308 700 2118 785; baseline 0.001 -2"><span class='ocrx_word' id='word_1_4' title='bbox 1308 700 1607 783; x_wconf 86' lang='lat' dir='ltr'>LIBER</span> <span class='ocrx_word' id='word_1_5' title='bbox 1660 701 2118 785; x_wconf 77' lang='lat' dir='ltr'><strong>QUARTUS.</strong></span> 
     </span>
    </p>
   </div>
   <div class='ocr_carea' id='block_1_3' title="bbox 562 894 2862 1187">
    <p class='ocr_par' dir='ltr' id='par_1_3' title="bbox 562 894 2862 1187">
     <span class='ocr_line' id='line_1_3' title="bbox 650 894 2862 977; baseline -0.001 -17"><span class='ocrx_word' id='word_1_6' title='bbox 650 896 699 960; x_wconf 92' lang='grc' dir='ltr'><strong>Ι.</strong></span> <span class='ocrx_word' id='word_1_7' title='bbox 750 895 1215 961; x_wconf 84' lang='lat' dir='ltr'><strong>Consummatis</strong></span> <span class='ocrx_word' id='word_1_8' title='bbox 1261 894 1489 960; x_wconf 83' lang='lat' dir='ltr'>libellis</span> <span class='ocrx_word' id='word_1_9' title='bbox 1535 894 1734 959; x_wconf 88' lang='lat' dir='ltr'><strong>tribus</strong></span> <span class='ocrx_word' id='word_1_10' title='bbox 1782 896 1958 977; x_wconf 91' lang='lat' dir='ltr'><strong>quasi</strong></span> <span class='ocrx_word' id='word_1_11' title='bbox 2018 895 2397 960; x_wconf 88' lang='lat' dir='ltr'><strong>fidelissimis</strong></span> <span class='ocrx_word' id='word_1_12' title='bbox 2461 898 2646 977; x_wconf 90' lang='lat' dir='ltr'><strong>atque</strong></span> <span class='ocrx_word' id='word_1_13' title='bbox 2707 913 2862 977; x_wconf 90' lang='lat' dir='ltr'><strong>opu-</strong></span> 
     </span>
     <span class='ocr_line' id='line_1_4' title="bbox 562 1000 2860 1082; baseline 0 -19"><span class='ocrx_word' id='word_1_14' title='bbox 562 1000 928 1064; x_wconf 88' lang='lat' dir='ltr'><strong>lentissimis</strong></span> <span class='ocrx_word' id='word_1_15' title='bbox 960 1000 1247 1081; x_wconf 86' lang='lat' dir='ltr'><strong>testibuS,</strong></span> <span class='ocrx_word' id='word_1_16' title='bbox 1292 1003 1507 1082; x_wconf 79' lang='lat' dir='ltr'>utpote</span> <span class='ocrx_word' id='word_1_17' title='bbox 1542 1018 1802 1081; x_wconf 87' lang='lat' dir='ltr'><strong>quorum</strong></span> <span class='ocrx_word' id='word_1_18' title='bbox 1837 1001 2069 1065; x_wconf 85' lang='lat' dir='ltr'><strong>ueritas</strong></span> <span class='ocrx_word' id='word_1_19' title='bbox 2101 1019 2226 1064; x_wconf 90' lang='lat' dir='ltr'><strong>non</strong></span> <span class='ocrx_word' id='word_1_20' title='bbox 2259 1000 2553 1064; x_wconf 89' lang='lat' dir='ltr'><strong>humanis</strong></span> <span class='ocrx_word' id='word_1_21' title='bbox 2586 1002 2860 1080; x_wconf 89' lang='lat' dir='ltr'><strong>tantum,</strong></span> 
     </span>
     <span class='ocr_line' id='line_1_5' title="bbox 564 1104 2858 1187; baseline -0 -19"><span class='ocrx_word' id='word_1_22' title='bbox 564 1104 675 1168; x_wconf 90' lang='lat' dir='ltr'><strong>sed</strong></span> <span class='ocrx_word' id='word_1_23' title='bbox 722 1105 911 1168; x_wconf 86' lang='lat' dir='ltr'><strong>etiam</strong></span> <span class='ocrx_word' id='word_1_24' title='bbox 958 1104 1187 1168; x_wconf 87' lang='lat' dir='ltr'><strong>diuinis</strong></span> <span class='ocrx_word' id='word_1_25' title='bbox 1234 1105 1605 1169; x_wconf 77' lang='lat' dir='ltr'><strong>testimoniis</strong></span> <span class='ocrx_word' id='word_1_26' title='bbox 1651 1105 2034 1187; x_wconf 85' lang='lat' dir='ltr'><strong>locupletata</strong></span> <span class='ocrx_word' id='word_1_27' title='bbox 2094 1107 2208 1185; x_wconf 88' lang='lat' dir='ltr'><strong>est,</strong></span> <span class='ocrx_word' id='word_1_28' title='bbox 2272 1104 2560 1169; x_wconf 85' lang='lat' dir='ltr'><strong>sufficere</strong></span> <span class='ocrx_word' id='word_1_29' title='bbox 2607 1104 2858 1185; x_wconf 86' lang='lat' dir='ltr'><strong>quidem</strong></span> 
     </span>
    </p>
   </div>
   <div class='ocr_carea' id='block_1_4' title="bbox 564 1208 2961 1293">
    <p class='ocr_par' dir='ltr' id='par_1_4' title="bbox 564 1208 2961 1293">
     <span class='ocr_line' id='line_1_6' title="bbox 564 1208 2961 1293; baseline -0 -21"><span class='ocrx_word' id='word_1_30' title='bbox 564 1208 743 1273; x_wconf 87' lang='lat' dir='ltr'><strong>nobis</strong></span> <span class='ocrx_word' id='word_1_31' title='bbox 791 1210 869 1273; x_wconf 91' lang='lat' dir='ltr'><strong>ad</strong></span> <span class='ocrx_word' id='word_1_32' title='bbox 915 1228 1140 1273; x_wconf 85' lang='lat' dir='ltr'><strong>causae</strong></span> <span class='ocrx_word' id='word_1_33' title='bbox 1185 1209 1616 1293; x_wconf 82' lang='lat' dir='ltr'><strong>probationem</strong></span> <span class='ocrx_word' id='word_1_34' title='bbox 1663 1228 1774 1292; x_wconf 88' lang='lat' dir='ltr'><strong>per</strong></span> <span class='ocrx_word' id='word_1_35' title='bbox 1821 1209 2096 1273; x_wconf 87' lang='lat' dir='ltr'><strong>diuinam</strong></span> <span class='ocrx_word' id='word_1_36' title='bbox 2129 1212 2568 1273; x_wconf 88' lang='lat' dir='ltr'><strong>auctoritatem</strong></span> <span class='ocrx_word' id='word_1_37' title='bbox 2613 1209 2862 1273; x_wconf 89' lang='lat' dir='ltr'><strong>abunde</strong></span> <span class='ocrx_word' id='word_1_38' title='bbox 2938 1234 2961 1272; x_wconf 84' lang='lat'><strong>5</strong></span> 
     </span>
    </p>
   </div>
   <div class='ocr_carea' id='block_1_5' title="bbox 560 1314 2863 2234">
    <p class='ocr_par' dir='ltr' id='par_1_5' title="bbox 560 1314 2863 2234">
     <span class='ocr_line' id='line_1_7' title="bbox 560 1314 2862 1398; baseline 0 -22"><span class='ocrx_word' id='word_1_39' title='bbox 560 1317 869 1396; x_wconf 76' lang='lat' dir='ltr'><strong>poterant,</strong></span> <span class='ocrx_word' id='word_1_40' title='bbox 918 1332 1065 1377; x_wconf 92' lang='lat' dir='ltr'><strong>cum</strong></span> <span class='ocrx_word' id='word_1_41' title='bbox 1107 1314 1247 1398; x_wconf 89' lang='lat' dir='ltr'><strong>ipsa</strong></span> <span class='ocrx_word' id='word_1_42' title='bbox 1290 1332 1401 1396; x_wconf 91' lang='lat' dir='ltr'><strong>per</strong></span> <span class='ocrx_word' id='word_1_43' title='bbox 1448 1334 1515 1377; x_wconf 87' lang='lat' dir='ltr'><strong>se</strong></span> <span class='ocrx_word' id='word_1_44' title='bbox 1561 1314 1776 1395; x_wconf 88' lang='lat' dir='ltr'><strong>utique</strong></span> <span class='ocrx_word' id='word_1_45' title='bbox 1822 1332 2044 1377; x_wconf 88' lang='lat' dir='ltr'><strong>causae</strong></span> <span class='ocrx_word' id='word_1_46' title='bbox 2085 1332 2234 1378; x_wconf 87' lang='lat' dir='ltr'><strong>suae</strong></span> <span class='ocrx_word' id='word_1_47' title='bbox 2265 1315 2600 1378; x_wconf 87' lang='lat' dir='ltr'><strong>auctoritas</strong></span> <span class='ocrx_word' id='word_1_48' title='bbox 2649 1314 2862 1377; x_wconf 91' lang='lat' dir='ltr'><strong>diuina</strong></span> 
     </span>
     <span class='ocr_line' id='line_1_8' title="bbox 562 1418 2862 1501; baseline 0 -20"><span class='ocrx_word' id='word_1_49' title='bbox 562 1418 856 1482; x_wconf 85' lang='lat' dir='ltr'><strong>sufficiat.</strong></span> <span class='ocrx_word' id='word_1_50' title='bbox 938 1418 1048 1482; x_wconf 90' lang='lat' dir='ltr'><strong>sed</strong></span> <span class='ocrx_word' id='word_1_51' title='bbox 1094 1421 1310 1482; x_wconf 90' lang='lat' dir='ltr'><strong>tamen</strong></span> <span class='ocrx_word' id='word_1_52' title='bbox 1375 1418 1521 1500; x_wconf 89' lang='lat' dir='ltr'><strong>quia</strong></span> <span class='ocrx_word' id='word_1_53' title='bbox 1574 1418 1762 1501; x_wconf 88' lang='lat' dir='ltr'><strong>plena</strong></span> <span class='ocrx_word' id='word_1_54' title='bbox 1807 1423 1904 1482; x_wconf 91' lang='lat' dir='ltr'><strong>est</strong></span> <span class='ocrx_word' id='word_1_55' title='bbox 1959 1419 2056 1481; x_wconf 88' lang='lat' dir='ltr'><strong>his</strong></span> <span class='ocrx_word' id='word_1_56' title='bbox 2105 1418 2478 1483; x_wconf 82' lang='lat' dir='ltr'><strong>testimoniis</strong></span> <span class='ocrx_word' id='word_1_57' title='bbox 2539 1436 2862 1481; x_wconf 86' lang='lat' dir='ltr'><strong>sacrorum</strong></span> 
     </span>
     <span class='ocr_line' id='line_1_9' title="bbox 563 1522 2862 1605; baseline -0.001 -17"><span class='ocrx_word' id='word_1_58' title='bbox 563 1522 957 1588; x_wconf 88' lang='lat' dir='ltr'><strong>uoluminum</strong></span> <span class='ocrx_word' id='word_1_59' title='bbox 1014 1523 1227 1604; x_wconf 89' lang='lat' dir='ltr'><strong>series,</strong></span> <span class='ocrx_word' id='word_1_60' title='bbox 1290 1523 1399 1587; x_wconf 89' lang='lat' dir='ltr'><strong>ubi</strong></span> <span class='ocrx_word' id='word_1_61' title='bbox 1442 1526 1537 1587; x_wconf 91' lang='lat' dir='ltr'><strong>tot</strong></span> <span class='ocrx_word' id='word_1_62' title='bbox 1583 1526 1776 1587; x_wconf 86' lang='lat' dir='ltr'><strong>testes</strong></span> <span class='ocrx_word' id='word_1_63' title='bbox 1833 1526 1982 1587; x_wconf 87' lang='lat' dir='ltr'><strong>sunt</strong></span> <span class='ocrx_word' id='word_1_64' title='bbox 2027 1526 2177 1605; x_wconf 90' lang='lat' dir='ltr'><strong>quot</strong></span> <span class='ocrx_word' id='word_1_65' title='bbox 2236 1523 2603 1603; x_wconf 87' lang='lat' dir='ltr'><strong>sententiae,</strong></span> <span class='ocrx_word' id='word_1_66' title='bbox 2665 1524 2862 1587; x_wconf 89' lang='lat' dir='ltr'><strong>immo</strong></span> 
     </span>
     <span class='ocr_line' id='line_1_10' title="bbox 564 1627 2861 1710; baseline 0 -20"><span class='ocrx_word' id='word_1_67' title='bbox 564 1627 673 1691; x_wconf 92' lang='lat' dir='ltr'><strong>ubi</strong></span> <span class='ocrx_word' id='word_1_68' title='bbox 718 1628 855 1710; x_wconf 87' lang='lat' dir='ltr'><strong>ipsa</strong></span> <span class='ocrx_word' id='word_1_69' title='bbox 901 1628 1211 1710; x_wconf 86' lang='lat' dir='ltr'><strong>scriptura</strong></span> <span class='ocrx_word' id='word_1_70' title='bbox 1272 1646 1451 1691; x_wconf 87' lang='lat' dir='ltr'><strong>sacra</strong></span> <span class='ocrx_word' id='word_1_71' title='bbox 1497 1628 1672 1709; x_wconf 82' lang='lat' dir='ltr'><strong>quasi</strong></span> <span class='ocrx_word' id='word_1_72' title='bbox 1731 1647 1930 1692; x_wconf 92' lang='lat' dir='ltr'><strong>unum</strong></span> <span class='ocrx_word' id='word_1_73' title='bbox 1977 1628 2433 1710; x_wconf 89' lang='lat' dir='ltr'><strong>quodammodo</strong></span> <span class='ocrx_word' id='word_1_74' title='bbox 2481 1627 2676 1691; x_wconf 90' lang='lat' dir='ltr'><strong>diuini</strong></span> <span class='ocrx_word' id='word_1_75' title='bbox 2735 1628 2861 1693; x_wconf 88' lang='lat' dir='ltr'><strong>oris</strong></span> 
     </span>
     <span class='ocr_line' id='line_1_11' title="bbox 565 1732 2860 1815; baseline 0 -20"><span class='ocrx_word' id='word_1_76' title='bbox 565 1734 661 1795; x_wconf 87' lang='lat' dir='ltr'><strong>est</strong></span> <span class='ocrx_word' id='word_1_77' title='bbox 708 1733 1157 1813; x_wconf 85' lang='lat' dir='ltr'><strong>testimonium,</strong></span> <span class='ocrx_word' id='word_1_78' title='bbox 1208 1732 1659 1796; x_wconf 89' lang='lat' dir='ltr'><strong>accumulanda</strong></span> <span class='ocrx_word' id='word_1_79' title='bbox 1705 1732 2012 1814; x_wconf 85' lang='lat' dir='ltr'>quaedam</span> <span class='ocrx_word' id='word_1_80' title='bbox 2067 1732 2270 1797; x_wconf 86' lang='lat' dir='ltr'><strong>adhuc</strong></span> <span class='ocrx_word' id='word_1_81' title='bbox 2314 1732 2678 1815; x_wconf 87' lang='lat' dir='ltr'><strong>putauimus</strong></span> <span class='ocrx_word' id='word_1_82' title='bbox 2731 1750 2860 1797; x_wconf 91' lang='lat' dir='ltr'><strong>non</strong></span> 
     </span>
     <span class='ocr_line' id='line_1_12' title="bbox 563 1835 2861 1920; baseline 0 -21"><span class='ocrx_word' id='word_1_83' title='bbox 563 1854 675 1919; x_wconf 89' lang='lat' dir='ltr'><strong>pro</strong></span> <span class='ocrx_word' id='word_1_84' title='bbox 706 1837 1079 1901; x_wconf 84' lang='lat' dir='ltr'><strong>necessitate</strong></span> <span class='ocrx_word' id='word_1_85' title='bbox 1124 1835 1612 1920; x_wconf 74' lang='lat' dir='ltr'><strong>approbationis,</strong></span> <span class='ocrx_word' id='word_1_86' title='bbox 1662 1837 1772 1901; x_wconf 86' lang='lat' dir='ltr'><strong>sed</strong></span> <span class='ocrx_word' id='word_1_87' title='bbox 1816 1856 1927 1919; x_wconf 87' lang='lat' dir='ltr'><strong>pro</strong></span> <span class='ocrx_word' id='word_1_88' title='bbox 1974 1837 2276 1902; x_wconf 83' lang='lat' dir='ltr'><strong>facultate</strong></span> <span class='ocrx_word' id='word_1_89' title='bbox 2321 1856 2532 1901; x_wconf 90' lang='lat' dir='ltr'><strong>rerum</strong></span> <span class='ocrx_word' id='word_1_90' title='bbox 2567 1840 2631 1901; x_wconf 88' lang='lat' dir='ltr'><strong>et</strong></span> <span class='ocrx_word' id='word_1_91' title='bbox 2661 1838 2861 1920; x_wconf 90' lang='lat' dir='ltr'><strong>copia,</strong></span> 
     </span>
     <span class='ocr_line' id='line_1_13' title="bbox 563 1942 2863 2024; baseline 0.001 -20"><span class='ocrx_word' id='word_1_92' title='bbox 563 1943 655 2021; x_wconf 88' lang='lat' dir='ltr'><strong>ut,</strong></span> <span class='ocrx_word' id='word_1_93' title='bbox 703 1942 995 2023; x_wconf 90' lang='lat' dir='ltr'><strong>quidquid</strong></span> <span class='ocrx_word' id='word_1_94' title='bbox 1028 1942 1453 2005; x_wconf 86' lang='lat' dir='ltr'><strong>necessarium</strong></span> <span class='ocrx_word' id='word_1_95' title='bbox 1485 1960 1610 2005; x_wconf 92' lang='lat' dir='ltr'><strong>non</strong></span> <span class='ocrx_word' id='word_1_96' title='bbox 1653 1945 1819 2005; x_wconf 86' lang='lat' dir='ltr'><strong>esset</strong></span> <span class='ocrx_word' id='word_1_97' title='bbox 1864 1942 2232 2022; x_wconf 84' lang='lat' dir='ltr'><strong>defensioni,</strong></span> <span class='ocrx_word' id='word_1_98' title='bbox 2279 1945 2486 2006; x_wconf 89' lang='lat' dir='ltr'><strong>totum</strong></span> <span class='ocrx_word' id='word_1_99' title='bbox 2530 1942 2863 2024; x_wconf 89' lang='lat' dir='ltr'><strong>proficeret</strong></span> 
     </span>
     <span class='ocr_line' id='line_1_14' title="bbox 561 2045 2857 2130; baseline 0 -22"><span class='ocrx_word' id='word_1_100' title='bbox 561 2046 828 2109; x_wconf 87' lang='lat' dir='ltr'><strong>ornatui.</strong></span> <span class='ocrx_word' id='word_1_101' title='bbox 902 2065 1048 2130; x_wconf 87' lang='lat' dir='ltr'><strong>ergo</strong></span> <span class='ocrx_word' id='word_1_102' title='bbox 1097 2047 1239 2128; x_wconf 86' lang='lat' dir='ltr'><strong>quia</strong></span> <span class='ocrx_word' id='word_1_103' title='bbox 1272 2046 1693 2128; x_wconf 88' lang='lat' dir='ltr'><strong>superioribus</strong></span> <span class='ocrx_word' id='word_1_104' title='bbox 1724 2046 1900 2110; x_wconf 85' lang='lat' dir='ltr'><strong>libris</strong></span> <span class='ocrx_word' id='word_1_105' title='bbox 1933 2046 2257 2110; x_wconf 87' lang='lat' dir='ltr'><strong>dominum</strong></span> <span class='ocrx_word' id='word_1_106' title='bbox 2288 2047 2500 2111; x_wconf 88' lang='lat' dir='ltr'><strong>Iesum</strong></span> <span class='ocrx_word' id='word_1_107' title='bbox 2533 2045 2857 2111; x_wconf 85' lang='lat' dir='ltr'><strong>Christum</strong></span> 
     </span>
     <span class='ocr_line' id='line_1_15' title="bbox 563 2150 2858 2234; baseline -0 -20"><span class='ocrx_word' id='word_1_108' title='bbox 563 2168 689 2214; x_wconf 91' lang='lat' dir='ltr'><strong>non</strong></span> <span class='ocrx_word' id='word_1_109' title='bbox 734 2150 1109 2231; x_wconf 77' lang='lat' dir='ltr'><strong>propheticis</strong></span> <span class='ocrx_word' id='word_1_110' title='bbox 1157 2153 1405 2214; x_wconf 88' lang='lat' dir='ltr'><strong>tantum</strong></span> <span class='ocrx_word' id='word_1_111' title='bbox 1452 2153 1638 2232; x_wconf 87' lang='lat' dir='ltr'><strong>atque</strong></span> <span class='ocrx_word' id='word_1_112' title='bbox 1683 2151 2056 2234; x_wconf 83' lang='lat' dir='ltr'><strong>apostoliciS,</strong></span> <span class='ocrx_word' id='word_1_113' title='bbox 2105 2151 2216 2215; x_wconf 88' lang='lat' dir='ltr'><strong>sed</strong></span> <span class='ocrx_word' id='word_1_114' title='bbox 2254 2151 2445 2214; x_wconf 88' lang='lat' dir='ltr'><strong>etiam</strong></span> <span class='ocrx_word' id='word_1_115' title='bbox 2477 2150 2858 2233; x_wconf 87' lang='lat' dir='ltr'><strong>euangelicis</strong></span> 
     </span>
    </p>
   </div>
   <div class='ocr_carea' id='block_1_6' title="bbox 564 2254 2962 2337">
    <p class='ocr_par' dir='ltr' id='par_1_6' title="bbox 564 2254 2962 2337">
     <span class='ocr_line' id='line_1_16' title="bbox 564 2254 2962 2337; baseline 0.001 -20"><span class='ocrx_word' id='word_1_116' title='bbox 564 2257 753 2336; x_wconf 84' lang='lat' dir='ltr'><strong>atque</strong></span> <span class='ocrx_word' id='word_1_117' title='bbox 800 2254 1099 2337; x_wconf 87' lang='lat' dir='ltr'><strong>angelicis</strong></span> <span class='ocrx_word' id='word_1_118' title='bbox 1146 2255 1541 2336; x_wconf 82' lang='lat' dir='ltr'><strong>testimoniiS‚</strong></span> <span class='ocrx_word' id='word_1_119' title='bbox 1589 2273 1734 2319; x_wconf 88' lang='lat' dir='ltr'><strong>cum</strong></span> <span class='ocrx_word' id='word_1_120' title='bbox 1777 2255 1842 2318; x_wconf 88' lang='lat' dir='ltr'><strong>in</strong></span> <span class='ocrx_word' id='word_1_121' title='bbox 1891 2274 2075 2319; x_wconf 89' lang='lat' dir='ltr'><strong>carne</strong></span> <span class='ocrx_word' id='word_1_122' title='bbox 2123 2259 2308 2337; x_wconf 91' lang='lat' dir='ltr'><strong>atque</strong></span> <span class='ocrx_word' id='word_1_123' title='bbox 2355 2256 2420 2319; x_wconf 90' lang='lat' dir='ltr'><strong>in</strong></span> <span class='ocrx_word' id='word_1_124' title='bbox 2467 2258 2634 2319; x_wconf 89' lang='lat' dir='ltr'><strong>terra</strong></span> <span class='ocrx_word' id='word_1_125' title='bbox 2665 2258 2856 2336; x_wconf 85' lang='lat' dir='ltr'><strong>esset,</strong></span> <span class='ocrx_word' id='word_1_126' title='bbox 2939 2280 2962 2319; x_wconf 85' lang='lat'>5</span> 
     </span>
    </p>
   </div>
   <div class='ocr_carea' id='block_1_7' title="bbox 560 2359 2858 3696">
    <p class='ocr_par' dir='ltr' id='par_1_7' title="bbox 560 2359 2858 3696">
     <span class='ocr_line' id='line_1_17' title="bbox 564 2359 2858 2442; baseline 0 -20"><span class='ocrx_word' id='word_1_127' title='bbox 564 2359 749 2423; x_wconf 90' lang='lat' dir='ltr'><strong>deum</strong></span> <span class='ocrx_word' id='word_1_128' title='bbox 796 2359 1221 2441; x_wconf 82' lang='lat' dir='ltr'><strong>probauimuS‚</strong></span> <span class='ocrx_word' id='word_1_129' title='bbox 1268 2377 1435 2423; x_wconf 91' lang='lat' dir='ltr'><strong>nunc</strong></span> <span class='ocrx_word' id='word_1_130' title='bbox 1482 2379 1625 2424; x_wconf 89' lang='lat' dir='ltr'><strong>eum</strong></span> <span class='ocrx_word' id='word_1_131' title='bbox 1673 2361 1776 2442; x_wconf 87' lang='lat' dir='ltr'><strong>qui</strong></span> <span class='ocrx_word' id='word_1_132' title='bbox 1823 2360 1885 2425; x_wconf 90' lang='lat' dir='ltr'><strong>in</strong></span> <span class='ocrx_word' id='word_1_133' title='bbox 1921 2379 2106 2424; x_wconf 88' lang='lat' dir='ltr'><strong>carne</strong></span> <span class='ocrx_word' id='word_1_134' title='bbox 2139 2364 2326 2424; x_wconf 89' lang='lat' dir='ltr'><strong>natus</strong></span> <span class='ocrx_word' id='word_1_135' title='bbox 2361 2362 2456 2423; x_wconf 88' lang='lat' dir='ltr'><strong>est</strong></span> <span class='ocrx_word' id='word_1_136' title='bbox 2487 2360 2676 2424; x_wconf 88' lang='lat' dir='ltr'><strong>etiam</strong></span> <span class='ocrx_word' id='word_1_137' title='bbox 2707 2362 2858 2423; x_wconf 84' lang='lat' dir='ltr'><strong>ant-e</strong></span> 
     </span>
     <span class='ocr_line' id='line_1_18' title="bbox 563 2463 2858 2547; baseline 0 -19"><span class='ocrx_word' id='word_1_138' title='bbox 563 2463 766 2528; x_wconf 87' lang='lat' dir='ltr'><strong>carnis</strong></span> <span class='ocrx_word' id='word_1_139' title='bbox 814 2464 1273 2546; x_wconf 86' lang='lat' dir='ltr'><strong>susceptionem</strong></span> <span class='ocrx_word' id='word_1_140' title='bbox 1321 2464 1505 2528; x_wconf 88' lang='lat' dir='ltr'><strong>deum</strong></span> <span class='ocrx_word' id='word_1_141' title='bbox 1548 2484 1796 2547; x_wconf 87' lang='lat' dir='ltr'><strong>semper</strong></span> <span class='ocrx_word' id='word_1_142' title='bbox 1839 2465 2033 2530; x_wconf 84' lang='lat' dir='ltr'><strong>fuisse</strong></span> <span class='ocrx_word' id='word_1_143' title='bbox 2068 2468 2508 2545; x_wconf 80' lang='lat' dir='ltr'><strong>monstremuS,</strong></span> <span class='ocrx_word' id='word_1_144' title='bbox 2556 2468 2627 2529; x_wconf 92' lang='lat' dir='ltr'><strong>ut</strong></span> <span class='ocrx_word' id='word_1_145' title='bbox 2669 2464 2858 2529; x_wconf 89' lang='lat' dir='ltr'><strong>intel-</strong></span> 
     </span>
     <span class='ocr_line' id='line_1_19' title="bbox 560 2568 2857 2651; baseline 0.002 -21"><span class='ocrx_word' id='word_1_146' title='bbox 560 2569 735 2651; x_wconf 86' lang='lat' dir='ltr'><strong>legas</strong></span> <span class='ocrx_word' id='word_1_147' title='bbox 792 2568 1323 2633; x_wconf 86' lang='lat' dir='ltr'><strong>consentientibus</strong></span> <span class='ocrx_word' id='word_1_148' title='bbox 1386 2571 1448 2632; x_wconf 89' lang='lat' dir='ltr'><strong>et</strong></span> <span class='ocrx_word' id='word_1_149' title='bbox 1494 2570 1675 2651; x_wconf 86' lang='lat' dir='ltr'><strong>quasi</strong></span> <span class='ocrx_word' id='word_1_150' title='bbox 1734 2570 2273 2635; x_wconf 87' lang='lat' dir='ltr'><strong>conclamantibus</strong></span> <span class='ocrx_word' id='word_1_151' title='bbox 2335 2569 2453 2634; x_wconf 87' lang='lat' dir='ltr'><strong>sibi</strong></span> <span class='ocrx_word' id='word_1_152' title='bbox 2499 2570 2857 2634; x_wconf 89' lang='lat' dir='ltr'><strong>diuinorum</strong></span> 
     </span>
     <span class='ocr_line' id='line_1_20' title="bbox 560 2673 2855 2756; baseline 0 -19"><span class='ocrx_word' id='word_1_153' title='bbox 560 2674 953 2737; x_wconf 89' lang='lat' dir='ltr'><strong>uoluminum</strong></span> <span class='ocrx_word' id='word_1_154' title='bbox 998 2673 1381 2738; x_wconf 89' lang='lat' dir='ltr'><strong>testimoniis</strong></span> <span class='ocrx_word' id='word_1_155' title='bbox 1428 2675 1696 2738; x_wconf 90' lang='lat' dir='ltr'><strong>eundem</strong></span> <span class='ocrx_word' id='word_1_156' title='bbox 1742 2678 1804 2739; x_wconf 88' lang='lat' dir='ltr'><strong>te</strong></span> <span class='ocrx_word' id='word_1_157' title='bbox 1850 2679 1993 2756; x_wconf 89' lang='lat' dir='ltr'><strong>post</strong></span> <span class='ocrx_word' id='word_1_158' title='bbox 2037 2675 2436 2740; x_wconf 89' lang='lat' dir='ltr'><strong>natiuitatem</strong></span> <span class='ocrx_word' id='word_1_159' title='bbox 2492 2693 2855 2756; x_wconf 87' lang='lat' dir='ltr'><strong>corpoream</strong></span> 
     </span>
     <span class='ocr_line' id='line_1_21' title="bbox 563 2777 2857 2861; baseline 0.001 -21"><span class='ocrx_word' id='word_1_160' title='bbox 563 2781 627 2840; x_wconf 91' lang='lat' dir='ltr'><strong>et</strong></span> <span class='ocrx_word' id='word_1_161' title='bbox 670 2777 990 2842; x_wconf 91' lang='lat' dir='ltr'><strong>hominem</strong></span> <span class='ocrx_word' id='word_1_162' title='bbox 1036 2777 1260 2842; x_wconf 89' lang='lat' dir='ltr'><strong>debere</strong></span> <span class='ocrx_word' id='word_1_163' title='bbox 1307 2779 1559 2842; x_wconf 87' lang='lat' dir='ltr'><strong>credere</strong></span> <span class='ocrx_word' id='word_1_164' title='bbox 1622 2782 1684 2842; x_wconf 89' lang='lat' dir='ltr'><strong>et</strong></span> <span class='ocrx_word' id='word_1_165' title='bbox 1729 2780 1936 2859; x_wconf 87' lang='lat' dir='ltr'><strong>deum,</strong></span> <span class='ocrx_word' id='word_1_166' title='bbox 2000 2799 2186 2861; x_wconf 89' lang='lat' dir='ltr'><strong>quem</strong></span> <span class='ocrx_word' id='word_1_167' title='bbox 2247 2784 2395 2844; x_wconf 89' lang='lat' dir='ltr'><strong>ante</strong></span> <span class='ocrx_word' id='word_1_168' title='bbox 2456 2780 2857 2843; x_wconf 88' lang='lat' dir='ltr'><strong>natiuitatem</strong></span> 
     </span>
     <span class='ocr_line' id='line_1_22' title="bbox 561 2882 2854 2967; baseline 0.001 -23"><span class='ocrx_word' id='word_1_169' title='bbox 561 2900 922 2965; x_wconf 86' lang='lat' dir='ltr'><strong>corpoream</strong></span> <span class='ocrx_word' id='word_1_170' title='bbox 968 2886 1217 2947; x_wconf 85' lang='lat' dir='ltr'><strong>tantum</strong></span> <span class='ocrx_word' id='word_1_171' title='bbox 1262 2883 1471 2963; x_wconf 89' lang='lat' dir='ltr'><strong>deum,</strong></span> <span class='ocrx_word' id='word_1_172' title='bbox 1534 2886 1596 2947; x_wconf 91' lang='lat' dir='ltr'><strong>et</strong></span> <span class='ocrx_word' id='word_1_173' title='bbox 1642 2902 1828 2965; x_wconf 90' lang='lat' dir='ltr'><strong>quem</strong></span> <span class='ocrx_word' id='word_1_174' title='bbox 1873 2887 2016 2966; x_wconf 88' lang='lat' dir='ltr'><strong>post</strong></span> <span class='ocrx_word' id='word_1_175' title='bbox 2075 2885 2408 2948; x_wconf 88' lang='lat' dir='ltr'><strong>editionem</strong></span> <span class='ocrx_word' id='word_1_176' title='bbox 2471 2882 2734 2967; x_wconf 86' lang='lat' dir='ltr'><strong>uirginis</strong></span> <span class='ocrx_word' id='word_1_177' title='bbox 2785 2884 2854 2946; x_wconf 90' lang='lat' dir='ltr'><strong>in</strong></span> 
     </span>
     <span class='ocr_line' id='line_1_23' title="bbox 562 2987 2852 3072; baseline 0 -23"><span class='ocrx_word' id='word_1_178' title='bbox 562 3005 811 3068; x_wconf 86' lang='lat' dir='ltr'><strong>corpore</strong></span> <span class='ocrx_word' id='word_1_179' title='bbox 872 2987 1080 3068; x_wconf 87' lang='lat' dir='ltr'><strong>deum,</strong></span> <span class='ocrx_word' id='word_1_180' title='bbox 1142 2987 1415 3051; x_wconf 89' lang='lat' dir='ltr'><strong>eundem</strong></span> <span class='ocrx_word' id='word_1_181' title='bbox 1476 2991 1622 3051; x_wconf 88' lang='lat' dir='ltr'><strong>ante</strong></span> <span class='ocrx_word' id='word_1_182' title='bbox 1681 2991 1932 3070; x_wconf 87' lang='lat' dir='ltr'><strong>partum</strong></span> <span class='ocrx_word' id='word_1_183' title='bbox 1995 2989 2252 3072; x_wconf 88' lang='lat' dir='ltr'><strong>uirginis</strong></span> <span class='ocrx_word' id='word_1_184' title='bbox 2315 2988 2582 3053; x_wconf 89' lang='lat' dir='ltr'><strong>uerbum</strong></span> <span class='ocrx_word' id='word_1_185' title='bbox 2644 2988 2852 3051; x_wconf 89' lang='lat' dir='ltr'><strong>deum.</strong></span> 
     </span>
     <span class='ocr_line' id='line_1_24' title="bbox 562 3091 2854 3176; baseline 0 -22"><span class='ocrx_word' id='word_1_186' title='bbox 562 3091 729 3156; x_wconf 90' lang='lat' dir='ltr'><strong>disce</strong></span> <span class='ocrx_word' id='word_1_187' title='bbox 778 3109 923 3174; x_wconf 87' lang='lat' dir='ltr'><strong>ergo</strong></span> <span class='ocrx_word' id='word_1_188' title='bbox 969 3091 1241 3175; x_wconf 91' lang='lat' dir='ltr'><strong>primum</strong></span> <span class='ocrx_word' id='word_1_189' title='bbox 1290 3091 1367 3156; x_wconf 88' lang='lat' dir='ltr'><strong>ab</strong></span> <span class='ocrx_word' id='word_1_190' title='bbox 1416 3092 1695 3174; x_wconf 90' lang='lat' dir='ltr'><strong>apostolo</strong></span> <span class='ocrx_word' id='word_1_191' title='bbox 1741 3093 1931 3156; x_wconf 89' lang='lat' dir='ltr'><strong>totius</strong></span> <span class='ocrx_word' id='word_1_192' title='bbox 1973 3092 2190 3156; x_wconf 89' lang='lat' dir='ltr'><strong>mundi</strong></span> <span class='ocrx_word' id='word_1_193' title='bbox 2221 3094 2520 3176; x_wconf 89' lang='lat' dir='ltr'><strong>magistro</strong></span> <span class='ocrx_word' id='word_1_194' title='bbox 2553 3113 2699 3157; x_wconf 88' lang='lat' dir='ltr'><strong>eum</strong></span> <span class='ocrx_word' id='word_1_195' title='bbox 2744 3091 2854 3174; x_wconf 90' lang='lat' dir='ltr'><strong>qui</strong></span> 
     </span>
     <span class='ocr_line' id='line_1_25' title="bbox 562 3196 2854 3278; baseline 0 -20"><span class='ocrx_word' id='word_1_196' title='bbox 562 3199 658 3259; x_wconf 84' lang='lat' dir='ltr'><strong>est</strong></span> <span class='ocrx_word' id='word_1_197' title='bbox 718 3196 850 3260; x_wconf 90' lang='lat' dir='ltr'><strong>sine</strong></span> <span class='ocrx_word' id='word_1_198' title='bbox 912 3196 1176 3277; x_wconf 84' lang='lat' dir='ltr'><strong>exordio,</strong></span> <span class='ocrx_word' id='word_1_199' title='bbox 1240 3197 1447 3277; x_wconf 88' lang='lat' dir='ltr'><strong>deum,</strong></span> <span class='ocrx_word' id='word_1_200' title='bbox 1510 3197 1714 3262; x_wconf 90' lang='lat' dir='ltr'><strong>filium</strong></span> <span class='ocrx_word' id='word_1_201' title='bbox 1760 3197 1878 3277; x_wconf 93' lang='lat' dir='ltr'><strong>dei,</strong></span> <span class='ocrx_word' id='word_1_202' title='bbox 1941 3197 2005 3261; x_wconf 91' lang='lat' dir='ltr'><strong>in</strong></span> <span class='ocrx_word' id='word_1_203' title='bbox 2052 3198 2176 3263; x_wconf 84' lang='lat' dir='ltr'><strong>fine</strong></span> <span class='ocrx_word' id='word_1_204' title='bbox 2237 3197 2474 3278; x_wconf 89' lang='lat' dir='ltr'><strong>mundi,</strong></span> <span class='ocrx_word' id='word_1_205' title='bbox 2535 3196 2598 3261; x_wconf 91' lang='lat' dir='ltr'><strong>id</strong></span> <span class='ocrx_word' id='word_1_206' title='bbox 2645 3200 2743 3260; x_wconf 91' lang='lat' dir='ltr'><strong>est</strong></span> <span class='ocrx_word' id='word_1_207' title='bbox 2781 3196 2854 3259; x_wconf 92' lang='lat' dir='ltr'><strong>in</strong></span> 
     </span>
     <span class='ocr_line' id='line_1_26' title="bbox 560 3300 2852 3384; baseline 0 -22"><span class='ocrx_word' id='word_1_208' title='bbox 560 3303 914 3383; x_wconf 88' lang='lat' dir='ltr'><strong>temporum</strong></span> <span class='ocrx_word' id='word_1_209' title='bbox 957 3301 1342 3384; x_wconf 88' lang='lat' dir='ltr'><strong>plenitudine</strong></span> <span class='ocrx_word' id='word_1_210' title='bbox 1389 3301 1591 3365; x_wconf 91' lang='lat' dir='ltr'><strong>filium</strong></span> <span class='ocrx_word' id='word_1_211' title='bbox 1636 3301 1905 3366; x_wconf 91' lang='lat' dir='ltr'><strong>hominis</strong></span> <span class='ocrx_word' id='word_1_212' title='bbox 1966 3301 2208 3366; x_wconf 90' lang='lat' dir='ltr'><strong>factum</strong></span> <span class='ocrx_word' id='word_1_213' title='bbox 2269 3321 2422 3366; x_wconf 88' lang='lat' dir='ltr'><strong>esse.</strong></span> <span class='ocrx_word' id='word_1_214' title='bbox 2502 3301 2593 3365; x_wconf 88' lang='lat' dir='ltr'><strong>ait</strong></span> <span class='ocrx_word' id='word_1_215' title='bbox 2653 3300 2852 3364; x_wconf 87' lang='lat' dir='ltr'><strong>enim:</strong></span> 
     </span>
     <span class='ocr_line' id='line_1_27' title="bbox 562 3405 2852 3488; baseline 0.001 -21"><span class='ocrx_word' id='word_1_216' title='bbox 562 3408 635 3468; x_wconf 91' lang='lat' dir='ltr'><strong>at</strong></span> <span class='ocrx_word' id='word_1_217' title='bbox 694 3405 819 3468; x_wconf 92' lang='lat' dir='ltr'><strong>ubi</strong></span> <span class='ocrx_word' id='word_1_218' title='bbox 877 3405 1089 3469; x_wconf 90' lang='lat' dir='ltr'><strong>uenit</strong></span> <span class='ocrx_word' id='word_1_219' title='bbox 1146 3406 1539 3488; x_wconf 88' lang='lat' dir='ltr'><strong>plenitudo</strong></span> <span class='ocrx_word' id='word_1_220' title='bbox 1599 3409 2046 3488; x_wconf 85' lang='lat' dir='ltr'><strong>temporum,</strong></span> <span class='ocrx_word' id='word_1_221' title='bbox 2110 3407 2317 3472; x_wconf 89' lang='lat' dir='ltr'><strong>misit</strong></span> <span class='ocrx_word' id='word_1_222' title='bbox 2372 3407 2550 3470; x_wconf 91' lang='lat' dir='ltr'><strong>deus</strong></span> <span class='ocrx_word' id='word_1_223' title='bbox 2607 3406 2852 3470; x_wconf 87' lang='lat' dir='ltr'><strong>filium</strong></span> 
     </span>
     <span class='ocr_line' id='line_1_28' title="bbox 561 3509 2852 3594; baseline 0 -22"><span class='ocrx_word' id='word_1_224' title='bbox 561 3527 800 3590; x_wconf 87' lang='lat' dir='ltr'><strong>suum,</strong></span> <span class='ocrx_word' id='word_1_225' title='bbox 860 3509 1145 3574; x_wconf 86' lang='lat' dir='ltr'><strong>factum</strong></span> <span class='ocrx_word' id='word_1_226' title='bbox 1206 3529 1287 3572; x_wconf 86' lang='lat' dir='ltr'><strong>ex</strong></span> <span class='ocrx_word' id='word_1_227' title='bbox 1332 3511 1675 3591; x_wconf 88' lang='lat' dir='ltr'><strong>muliere,</strong></span> <span class='ocrx_word' id='word_1_228' title='bbox 1740 3511 2024 3576; x_wconf 90' lang='lat' dir='ltr'><strong>factum</strong></span> <span class='ocrx_word' id='word_1_229' title='bbox 2087 3510 2219 3575; x_wconf 90' lang='lat' dir='ltr'><strong>sub</strong></span> <span class='ocrx_word' id='word_1_230' title='bbox 2282 3512 2467 3594; x_wconf 87' lang='lat' dir='ltr'><strong>lege.</strong></span> <span class='ocrx_word' id='word_1_231' title='bbox 2545 3511 2644 3574; x_wconf 90' lang='lat' dir='ltr'><strong>dic</strong></span> <span class='ocrx_word' id='word_1_232' title='bbox 2697 3510 2852 3573; x_wconf 89' lang='lat' dir='ltr'><strong>mihi</strong></span> 
     </span>
     <span class='ocr_line' id='line_1_29' title="bbox 562 3613 2854 3696; baseline 0.001 -20"><span class='ocrx_word' id='word_1_233' title='bbox 562 3630 708 3696; x_wconf 90' lang='lat' dir='ltr'><strong>ergo</strong></span> <span class='ocrx_word' id='word_1_234' title='bbox 755 3631 948 3678; x_wconf 91' lang='lat' dir='ltr'><strong>nunc:</strong></span> <span class='ocrx_word' id='word_1_235' title='bbox 1012 3618 1348 3696; x_wconf 86' lang='lat' dir='ltr'><strong>antequam</strong></span> <span class='ocrx_word' id='word_1_236' title='bbox 1396 3615 1684 3680; x_wconf 91' lang='lat' dir='ltr'><strong>dominus</strong></span> <span class='ocrx_word' id='word_1_237' title='bbox 1732 3615 1910 3680; x_wconf 88' lang='lat' dir='ltr'><strong>Iesus</strong></span> <span class='ocrx_word' id='word_1_238' title='bbox 1959 3614 2247 3680; x_wconf 86' lang='lat' dir='ltr'><strong>Christus</strong></span> <span class='ocrx_word' id='word_1_239' title='bbox 2295 3635 2367 3679; x_wconf 82' lang='lat' dir='ltr'><strong>ex</strong></span> <span class='ocrx_word' id='word_1_240' title='bbox 2413 3619 2617 3679; x_wconf 85' lang='lat' dir='ltr'><strong>matre</strong></span> <span class='ocrx_word' id='word_1_241' title='bbox 2648 3613 2854 3678; x_wconf 87' lang='lat' dir='ltr'><strong>Maria</strong></span> 
     </span>
    </p>
   </div>
   <div class='ocr_carea' id='block_1_8' title="bbox 766 3777 1164 3846">
    <p class='ocr_par' dir='ltr' id='par_1_8' title="bbox 766 3777 1164 3846">
     <span class='ocr_line' id='line_1_30' title="bbox 766 3777 1164 3846; baseline 0.005 -14"><span class='ocrx_word' id='word_1_242' title='bbox 766 3777 858 3846; x_wconf 85' lang='lat'><strong>26]</strong></span> <span class='ocrx_word' id='word_1_243' title='bbox 898 3777 1013 3833; x_wconf 82' lang='lat' dir='ltr'><strong>Gal.</strong></span> <span class='ocrx_word' id='word_1_244' title='bbox 1039 3779 1087 3842; x_wconf 85' lang='lat'><strong>4,</strong></span> <span class='ocrx_word' id='word_1_245' title='bbox 1114 3780 1164 3834; x_wconf 85' lang='lat'><strong>4.</strong></span> 
     </span>
    </p>
   </div>
   <div class='ocr_carea' id='block_1_9' title="bbox 558 3923 2860 4432">
    <p class='ocr_par' dir='ltr' id='par_1_9' title="bbox 558 3923 2860 4432">
     <span class='ocr_line' id='line_1_31' title="bbox 646 3923 2852 3997; baseline 0.001 -17"><span class='ocrx_word' id='word_1_246' title='bbox 646 3927 679 3980; x_wconf 85' lang='lat'><strong>2</strong></span> <span class='ocrx_word' id='word_1_247' title='bbox 716 3923 1057 3980; x_wconf 84' lang='lat' dir='ltr'><strong>Consumatis</strong></span> <span class='ocrx_word' id='word_1_248' title='bbox 1084 3943 1129 3996; x_wconf 79' lang='lat' dir='ltr'><strong>p</strong></span> <span class='ocrx_word' id='word_1_249' title='bbox 1260 3925 1571 3980; x_wconf 82' lang='lat' dir='ltr'><strong>fidelissima</strong></span> <span class='ocrx_word' id='word_1_250' title='bbox 1607 3927 1676 3981; x_wconf 89' lang='lat' dir='ltr'><strong><em>N</em></strong></span> <span class='ocrx_word' id='word_1_251' title='bbox 1799 3929 1832 3982; x_wconf 90' lang='grc'><strong>6</strong></span> <span class='ocrx_word' id='word_1_252' title='bbox 1867 3929 2079 3996; x_wconf 82' lang='lat' dir='ltr'><strong>poterat</strong></span> <span class='ocrx_word' id='word_1_253' title='bbox 2113 3927 2190 3980; x_wconf 88' lang='lat' dir='ltr'><strong><em>M</em></strong></span> <span class='ocrx_word' id='word_1_254' title='bbox 2310 3927 2492 3995; x_wconf 83' lang='lat' dir='ltr'><strong>utique</strong></span> <span class='ocrx_word' id='word_1_255' title='bbox 2527 3943 2624 3997; x_wconf 87' lang='lat' dir='ltr'><strong>per</strong></span> <span class='ocrx_word' id='word_1_256' title='bbox 2659 3943 2714 3981; x_wconf 86' lang='lat' dir='ltr'><strong>se</strong></span> <span class='ocrx_word' id='word_1_257' title='bbox 2750 3927 2852 3982; x_wconf 83' lang='lat' dir='ltr'><strong>Mv</strong></span> 
     </span>
     <span class='ocr_line' id='line_1_32' title="bbox 560 4012 2850 4083; baseline 0.003 -19"><span class='ocrx_word' id='word_1_258' title='bbox 560 4029 683 4066; x_wconf 87' lang='lat' dir='ltr'><strong>suae</strong></span> <span class='ocrx_word' id='word_1_259' title='bbox 719 4031 819 4069; x_wconf 86' lang='lat' dir='ltr'><strong>om.</strong></span> <span class='ocrx_word' id='word_1_260' title='bbox 855 4013 953 4082; x_wconf 77' lang='lat' dir='ltr'><strong>Np</strong></span> <span class='ocrx_word' id='word_1_261' title='bbox 1062 4015 1091 4068; x_wconf 84' lang='lat'><strong>7</strong></span> <span class='ocrx_word' id='word_1_262' title='bbox 1130 4013 1218 4066; x_wconf 91' lang='lat' dir='ltr'><strong>hic</strong></span> <span class='ocrx_word' id='word_1_263' title='bbox 1254 4013 1353 4083; x_wconf 71' lang='grc' dir='ltr'><strong>ΝΡ</strong></span> <span class='ocrx_word' id='word_1_264' title='bbox 1457 4012 1504 4066; x_wconf 88' lang='lat' dir='ltr'><strong>is</strong></span> <span class='ocrx_word' id='word_1_265' title='bbox 1541 4015 1617 4067; x_wconf 88' lang='lat' dir='ltr'><em>M</em></span> <span class='ocrx_word' id='word_1_266' title='bbox 1714 4016 1748 4070; x_wconf 90' lang='lat'>8</span> <span class='ocrx_word' id='word_1_267' title='bbox 1789 4013 1932 4082; x_wconf 89' lang='lat' dir='ltr'><strong>quod</strong></span> <span class='ocrx_word' id='word_1_268' title='bbox 1969 4015 2052 4068; x_wconf 88' lang='lat' dir='ltr'><strong>N¹</strong></span> <span class='ocrx_word' id='word_1_269' title='bbox 2158 4015 2191 4068; x_wconf 87' lang='lat'>9</span> <span class='ocrx_word' id='word_1_270' title='bbox 2227 4013 2342 4083; x_wconf 84' lang='lat' dir='ltr'><strong>ipsa</strong></span> <span class='ocrx_word' id='word_1_271' title='bbox 2378 4032 2479 4070; x_wconf 86' lang='lat' dir='ltr'><strong>om.</strong></span> <span class='ocrx_word' id='word_1_272' title='bbox 2519 4015 2589 4070; x_wconf 90' lang='lat' dir='ltr'><strong><em>N</em></strong></span> <span class='ocrx_word' id='word_1_273' title='bbox 2618 4015 2754 4082; x_wconf 77' lang='lat' dir='ltr'><strong>(non</strong></span> <span class='ocrx_word' id='word_1_274' title='bbox 2777 4015 2850 4083; x_wconf 78' lang='lat' dir='ltr'><strong>p)</strong></span> 
     </span>
     <span class='ocr_line' id='line_1_33' title="bbox 562 4099 2848 4168; baseline 0 -14"><span class='ocrx_word' id='word_1_275' title='bbox 562 4102 627 4154; x_wconf 83' lang='lat'><strong>12</strong></span> <span class='ocrx_word' id='word_1_276' title='bbox 662 4099 913 4167; x_wconf 90' lang='lat' dir='ltr'><strong>quicquid</strong></span> <span class='ocrx_word' id='word_1_277' title='bbox 944 4117 986 4168; x_wconf 77' lang='lat' dir='ltr'><strong>p</strong></span> <span class='ocrx_word' id='word_1_278' title='bbox 1093 4100 1451 4154; x_wconf 82' lang='lat' dir='ltr'><strong>necessarium</strong></span> <span class='ocrx_word' id='word_1_279' title='bbox 1488 4119 1590 4156; x_wconf 87' lang='lat' dir='ltr'><strong>om.</strong></span> <span class='ocrx_word' id='word_1_280' title='bbox 1620 4101 1695 4155; x_wconf 90' lang='lat' dir='ltr'><strong><em>M</em></strong></span> <span class='ocrx_word' id='word_1_281' title='bbox 1796 4103 1860 4155; x_wconf 89' lang='lat'><strong>13</strong></span> <span class='ocrx_word' id='word_1_282' title='bbox 1897 4103 2090 4154; x_wconf 90' lang='lat' dir='ltr'><strong>ornatu</strong></span> <span class='ocrx_word' id='word_1_283' title='bbox 2116 4101 2192 4155; x_wconf 88' lang='lat' dir='ltr'><strong><em>M</em></strong></span> <span class='ocrx_word' id='word_1_284' title='bbox 2298 4103 2362 4156; x_wconf 89' lang='grc'><strong>16</strong></span> <span class='ocrx_word' id='word_1_285' title='bbox 2398 4101 2560 4154; x_wconf 86' lang='lat' dir='ltr'><strong>etiam</strong></span> <span class='ocrx_word' id='word_1_286' title='bbox 2598 4105 2848 4155; x_wconf 83' lang='lat' dir='ltr'><strong>manente</strong></span> 
     </span>
     <span class='ocr_line' id='line_1_34' title="bbox 560 4185 2848 4258; baseline 0 -19"><span class='ocrx_word' id='word_1_287' title='bbox 560 4187 734 4240; x_wconf 85' lang='lat' dir='ltr'><strong>carnis</strong></span> <span class='ocrx_word' id='word_1_288' title='bbox 777 4186 1116 4255; x_wconf 86' lang='lat' dir='ltr'><strong>suscepcione</strong></span> <span class='ocrx_word' id='word_1_289' title='bbox 1162 4188 1237 4242; x_wconf 91' lang='lat' dir='ltr'><strong><em>M</em></strong></span> <span class='ocrx_word' id='word_1_290' title='bbox 1339 4189 1400 4242; x_wconf 84' lang='lat'><strong>17</strong></span> <span class='ocrx_word' id='word_1_291' title='bbox 1448 4185 1866 4241; x_wconf 87' lang='lat' dir='ltr'><strong>monstrabimus</strong></span> <span class='ocrx_word' id='word_1_292' title='bbox 1913 4189 1988 4242; x_wconf 88' lang='lat' dir='ltr'><strong><em>M</em></strong></span> <span class='ocrx_word' id='word_1_293' title='bbox 2083 4187 2355 4256; x_wconf 80' lang='lat' dir='ltr'><strong>intelligas</strong></span> <span class='ocrx_word' id='word_1_294' title='bbox 2404 4189 2509 4258; x_wconf 69' lang='grc' dir='ltr'><strong>ΜΡ</strong></span> <span class='ocrx_word' id='word_1_295' title='bbox 2629 4191 2694 4245; x_wconf 90' lang='grc'><strong>18</strong></span> <span class='ocrx_word' id='word_1_296' title='bbox 2730 4188 2848 4241; x_wconf 78' lang='lat' dir='ltr'><strong>din-</strong></span> 
     </span>
     <span class='ocr_line' id='line_1_35' title="bbox 560 4274 2860 4344; baseline 0.002 -18"><span class='ocrx_word' id='word_1_297' title='bbox 560 4289 743 4327; x_wconf 85' lang='lat' dir='ltr'><strong>corum</strong></span> <span class='ocrx_word' id='word_1_298' title='bbox 770 4274 844 4327; x_wconf 89' lang='lat' dir='ltr'><strong><em>M</em></strong></span> <span class='ocrx_word' id='word_1_299' title='bbox 944 4274 1007 4328; x_wconf 90' lang='lat'><strong>19</strong></span> <span class='ocrx_word' id='word_1_300' title='bbox 1044 4275 1099 4326; x_wconf 85' lang='lat' dir='ltr'><strong>tc</strong></span> <span class='ocrx_word' id='word_1_301' title='bbox 1136 4291 1235 4329; x_wconf 83' lang='lat' dir='ltr'><strong>om.</strong></span> <span class='ocrx_word' id='word_1_302' title='bbox 1262 4274 1361 4343; x_wconf 68' lang='grc' dir='ltr'><strong>ΝΡ</strong></span> <span class='ocrx_word' id='word_1_303' title='bbox 1466 4275 1524 4328; x_wconf 91' lang='lat' dir='ltr'><strong>in</strong></span> <span class='ocrx_word' id='word_1_304' title='bbox 1562 4274 1845 4328; x_wconf 85' lang='lat' dir='ltr'><strong>natiuitate</strong></span> <span class='ocrx_word' id='word_1_305' title='bbox 1883 4289 2132 4343; x_wconf 81' lang='lat' dir='ltr'><strong>corporea</strong></span> <span class='ocrx_word' id='word_1_306' title='bbox 2157 4276 2258 4330; x_wconf 87' lang='lat' dir='ltr'><strong>Mv</strong></span> <span class='ocrx_word' id='word_1_307' title='bbox 2363 4277 2426 4330; x_wconf 84' lang='lat'><strong>21</strong></span> <span class='ocrx_word' id='word_1_308' title='bbox 2467 4291 2628 4344; x_wconf 88' lang='lat' dir='ltr'><strong>quem</strong></span> <span class='ocrx_word' id='word_1_309' title='bbox 2654 4293 2754 4332; x_wconf 79' lang='lat' dir='ltr'><strong>om.</strong></span> <span class='ocrx_word' id='word_1_310' title='bbox 2777 4275 2860 4330; x_wconf 78' lang='lat' dir='ltr'><strong><em>M</em></strong></span> 
     </span>
     <span class='ocr_line' id='line_1_36' title="bbox 558 4360 2849 4432; baseline 0.003 -17"><span class='ocrx_word' id='word_1_311' title='bbox 558 4363 627 4415; x_wconf 79' lang='lat'><strong>26</strong></span> <span class='ocrx_word' id='word_1_312' title='bbox 652 4360 906 4430; x_wconf 83' lang='lat' dir='ltr'><strong>temporis</strong></span> <span class='ocrx_word' id='word_1_313' title='bbox 932 4362 1031 4415; x_wconf 87' lang='lat' dir='ltr'><strong>Mv</strong></span> <span class='ocrx_word' id='word_1_314' title='bbox 1124 4363 1191 4416; x_wconf 84' lang='lat'><strong>28</strong></span> <span class='ocrx_word' id='word_1_315' title='bbox 1217 4376 1357 4414; x_wconf 84' lang='lat' dir='ltr'><strong>nunc</strong></span> <span class='ocrx_word' id='word_1_316' title='bbox 1382 4379 1481 4416; x_wconf 82' lang='lat' dir='ltr'><strong>om.</strong></span> <span class='ocrx_word' id='word_1_317' title='bbox 1510 4363 1585 4416; x_wconf 90' lang='lat' dir='ltr'><strong><em>M</em></strong></span> <span class='ocrx_word' id='word_1_318' title='bbox 1667 4361 1911 4416; x_wconf 88' lang='lat' dir='ltr'><strong>Christus</strong></span> <span class='ocrx_word' id='word_1_319' title='bbox 1937 4381 2038 4418; x_wconf 87' lang='lat' dir='ltr'><strong>om.</strong></span> <span class='ocrx_word' id='word_1_320' title='bbox 2067 4363 2142 4416; x_wconf 90' lang='lat' dir='ltr'><strong><em>M</em></strong></span> <span class='ocrx_word' id='word_1_321' title='bbox 2221 4365 2393 4416; x_wconf 83' lang='lat' dir='ltr'><strong>matre</strong></span> <span class='ocrx_word' id='word_1_322' title='bbox 2418 4381 2518 4419; x_wconf 84' lang='lat' dir='ltr'><strong>om.</strong></span> <span class='ocrx_word' id='word_1_323' title='bbox 2545 4364 2614 4420; x_wconf 80' lang='lat' dir='ltr'><em>N</em></span> <span class='ocrx_word' id='word_1_324' title='bbox 2631 4365 2762 4432; x_wconf 72' lang='lat' dir='ltr'><strong>(non</strong></span> <span class='ocrx_word' id='word_1_325' title='bbox 2777 4363 2849 4432; x_wconf 76' lang='lat' dir='ltr'><strong>p)</strong></span> 
     </span>
    </p>
   </div>
   <div class='ocr_carea' id='block_1_10' title="bbox 2916 1758 2966 1795">
    <p class='ocr_par' dir='ltr' id='par_1_10' title="bbox 2916 1758 2966 1795">
     <span class='ocr_line' id='line_1_37' title="bbox 2916 1758 2966 1795; baseline 0 0"><span class='ocrx_word' id='word_1_326' title='bbox 2916 1758 2966 1795; x_wconf 87' lang='lat'><strong>10</strong></span> 
     </span>
    </p>
   </div>
   <div class='ocr_carea' id='block_1_11' title="bbox 3133 1504 3136 3218">
    <p class='ocr_par' dir='ltr' id='par_1_11' title="bbox 3133 1504 3136 3218">
     <span class='ocr_line' id='line_1_38' title="bbox 3133 1504 3136 3218; baseline 0 0"><span class='ocrx_word' id='word_1_327' title='bbox 3133 1504 3136 3218; x_wconf 95' lang='lat' dir='ltr'><strong> </strong></span> 
     </span>
    </p>
   </div>
  </div>
 </body>
</html>
