3167 4975
452 419 579 484 356
1267 414 1585 470 Iohannis
1633 413 1930 470 Cassiani

446 596 671 659 debet
716 613 880 657 esse
927 593 1316 657 natiuitaS.
1395 592 1449 656 si
1494 591 1573 654 ad
1620 594 1901 654 terrenas
1933 591 2280 654 creationes
2311 589 2591 672 respiciS,
2635 589 2741 652 uel

447 700 717 764 maxime
764 701 854 763 ita
900 699 1138 762 euenit:
1187 699 1284 762 sin
1332 699 1546 760 autem
1593 696 1673 760 ad
1712 699 1919 759 ortum
1963 695 2084 775 dei,
2132 694 2280 777 quid
2311 695 2376 759 in
2407 694 2740 759 natiuitate

446 806 577 868 eius
611 806 871 867 naturae
904 802 1189 885 exempla
1220 801 1599 879 consideraS,
1648 801 1796 882 quia
1835 801 2310 864 constitutiones
2341 799 2738 862 constitutori

446 912 595 972 sunt
641 907 961 988 obnoxiae,
1010 925 1135 970 non
1181 905 1734 970 constitutionibus
1767 904 2188 968 constitutor?
2233 904 2330 968 uis
2363 907 2578 968 autem
2607 904 2740 986 ple-

445 1015 585 1076 nius
633 1013 789 1075 scire
835 1029 1025 1093 quam
1072 1029 1196 1075 non
1244 1010 1449 1075 solum
1496 1009 1750 1092 impiae,
1797 1009 1905 1072 sed
1939 1008 2132 1073 etiam
2164 1009 2414 1091 ineptae
2445 1009 2576 1072 sint
2619 1007 2738 1071 hae
2823 1033 2849 1070 ⁵

446 1117 799 1180 calumniae
860 1119 1007 1178 tuae
1076 1117 1139 1178 et
1206 1131 1332 1176 non
1400 1113 1676 1176 uidentis
1737 1113 1989 1196 penitus
2053 1113 2152 1176 dei
2221 1112 2739 1195 omnipotentiam

446 1221 838 1285 cantilenae?
888 1219 985 1283 dic
1032 1219 1205 1298 mihi,
1254 1236 1506 1299 quaese,
1553 1221 1645 1297 tu,
1693 1219 1800 1299 qui
1845 1234 1969 1281 non
2016 1217 2137 1281 nisi
2178 1236 2250 1280 ex
2279 1216 2537 1300 paribus
2569 1217 2744 1299 paria

448 1326 621 1388 nasci
667 1328 874 1407 putaS,
924 1324 1086 1386 unde
1133 1322 1590 1405 inexplicabilis
1637 1322 1748 1385 illa
1791 1322 2108 1402 quondam
2139 1322 2204 1386 in
2250 1323 2503 1386 heremo
2535 1325 2740 1385 cotur-

448 1429 659 1492 nicum
722 1429 1210 1492 innumerositas
1276 1427 1353 1490 ad
1414 1432 1668 1509 pastum
1731 1426 2157 1491 Israheliticae
2218 1425 2422 1509 plebis
2483 1429 2740 1508 repente

448 1536 598 1596 nata
642 1533 743 1597 sit.
822 1551 946 1596 non
994 1532 1163 1595 enim
1208 1551 1313 1594 eas
1360 1535 1506 1595 ante
1554 1531 1618 1594 in
1667 1532 1874 1612 aliquo
1917 1531 2054 1595 leco
2087 1549 2125 1594 a
2155 1530 2576 1614 genetricibus
2610 1530 2740 1594 suis
2797 1557 2846 1593 ιο

366 1646 400 1699 3
451 1638 669 1717 editaS‚
718 1637 825 1700 sed
873 1636 1079 1700 subito
1128 1636 1404 1699 aduentu
1450 1635 1720 1718 legimus
1768 1636 1997 1699 illatas,
2075 1636 2251 1700 cibus
2297 1635 2566 1717 denique
2607 1635 2740 1717 ipse

447 1743 551 1805 ille
598 1741 885 1805 caelestis
932 1741 1095 1804 unde
1140 1760 1252 1823 per
1298 1740 1712 1823 quadraginta
1750 1758 1946 1804 annos
1977 1742 2042 1805 in
2073 1739 2506 1804 Hebraeorum
2539 1743 2742 1803 castra

450 1845 751 1910 defluxit?
820 1845 1125 1926 numquid
1187 1863 1485 1908 mannam
1550 1862 1784 1908 manna
1841 1845 2213 1928 generauit?
2283 1845 2392 1908 sed
2451 1845 2605 1908 haec
2667 1844 2738 1907 de

451 1952 719 2014 uetustis
766 1968 977 2015 rerum
1038 1949 1377 2013 miraculis
1456 1949 1604 2030 quid
1664 1949 1738 2011 de
1799 1949 2024 2012 nouis?
2089 1949 2306 2032 paucis
2353 1948 2622 2032 panibus
2669 1966 2740 2012 ac

452 2056 769 2138 pisciculis
839 2055 1200 2119 innumeras
1268 2054 1642 2136 populorum
1713 2054 2107 2134 sequentium
2174 2055 2391 2119 turbas
2452 2053 2738 2116 dominus
2797 2077 2844 2116 ιε

452 2162 627 2224 Iesus
676 2159 961 2224 Christus
1008 2160 1070 2222 in
1118 2159 1374 2222 heremo
1421 2175 1545 2222 non
1594 2159 1790 2222 semel
1837 2158 2033 2240 pauit.
2111 2158 2419 2222 satietatis
2466 2159 2622 2222 ratio
2675 2158 2739 2220 in

452 2265 609 2328 cibis
671 2283 793 2328 non
856 2265 995 2327 fuit..
1089 2281 1248 2345 quae
1318 2263 1662 2326 esurientes
1731 2280 1920 2325 causa
1987 2261 2319 2326 inuisibilis
2389 2266 2452 2326 et
2519 2280 2742 2326 arcana

453 2370 781 2447 saturauit,
828 2368 1199 2451 praesertim
1240 2385 1385 2430 cum
1415 2367 1559 2448 plus
1593 2368 1791 2430 multo
1825 2367 2200 2450 superfuerit
2230 2367 2508 2431 satietati
2553 2385 2740 2448 quam

371 2483 407 2536 4
457 2474 812 2557 appositum
860 2474 1066 2537 fuerat
1112 2471 1477 2537 esuritioni?
1525 2491 1650 2554 qua
1681 2473 1920 2535 ratione
1965 2472 2086 2535 hoc
2132 2474 2354 2552 totum,
2402 2491 2528 2554 qua
2555 2490 2743 2535 causa

456 2582 667 2642 actum
715 2581 831 2659 est,
893 2583 981 2657 ut,
1044 2596 1189 2641 cum
1251 2578 1609 2641 satietatem
1672 2577 1924 2640 edentes
1979 2582 2292 2659 caperent,
2353 2578 2546 2641 etiam
2591 2595 2741 2659 aug·
2795 2602 2845 2639 ιο

456 2682 686 2745 mentis
735 2681 1160 2746 ineffabilibus
1217 2681 1393 2745 cibus
1455 2682 1591 2763 ipse
1639 2681 2010 2746 ditesceret?
2072 2684 2292 2745 natum
2353 2683 2417 2746 in
2465 2681 2744 2746 Galilaea

456 2788 673 2850 uinum
721 2788 795 2849 de
854 2788 1028 2867 aquis
1074 2788 1364 2870 legimus.
1443 2786 1541 2849 dic
1589 2785 1771 2849 mihi:
1835 2786 2144 2867 quomodo
2191 2786 2505 2869 disparem
2554 2805 2592 2849 a
2650 2786 2741 2849 sui

456 2892 757 2973 qualitate
792 2890 1215 2955 substantiam
1263 2891 1475 2972 dispar
1516 2893 1744 2955 natura
1787 2891 2132 2973 generauit,
2180 2892 2549 2973 praesertim
2583 2910 2744 2969 cum,

456 2997 519 3060 id
564 2996 728 3077 quod
774 2995 1122 3059 dominicae
1170 2995 1486 3059 natiuitati
1550 2994 1822 3058 maxime
1883 2995 2196 3075 conuenit,
2257 2994 2580 3060 nobilioris
2641 2996 2746 3058 ad-

378 3110 411 3159 5
462 3101 715 3163 modum
762 3101 849 3163 rei
897 3104 1069 3163 ortus
1118 3118 1191 3162 ex
1235 3100 1529 3163 inferiore
1575 3100 1989 3182 processerit?
2049 3100 2147 3162 dic
2202 3100 2357 3163 mihi
2405 3120 2551 3184 ergo
2598 3118 2746 3183 quo·
2799 3126 2848 3163 25

667 3308 722 3375 8]
762 3308 829 3359 cf.
858 3307 1018 3359 Num.
1051 3309 1131 3369 11,
1158 3310 1239 3361 31.
1353 3307 1441 3375 13]
1480 3308 1547 3359 cf.
1574 3306 1668 3359 Ex.
1699 3310 1780 3369 16,
1810 3309 1887 3360 13.
2002 3307 2088 3375 14]
2117 3306 2184 3359 cf.
2211 3306 2405 3359 Matth.
2439 3309 2517 3367 14,
2547 3311 2612 3363 16
2636 3323 2744 3375 sqq.

461 3398 515 3445 et
557 3397 633 3455 15,
662 3396 728 3447 32
756 3410 867 3461 sqq.
977 3394 1067 3461 21]
1109 3393 1176 3446 cf.
1204 3394 1317 3446 Ich.
1346 3397 1395 3456 2,
1422 3397 1455 3448 3
1482 3410 1596 3462 sqq.

550 3588 581 3637 2
620 3584 771 3637 uenit
806 3585 851 3636 si
896 3586 972 3638 M
1081 3582 1235 3652 quid]
1273 3583 1365 3651 qui
1402 3586 1476 3638 M
1583 3588 1618 3639 3
1655 3585 2018 3654 constitutori]
2063 3585 2356 3639 constituto
2392 3588 2470 3641 M
2582 3589 2616 3641 4
2659 3584 2748 3639 ob-

462 3670 633 3723 nixiae
671 3672 751 3725 N¹
877 3674 908 3726 5
944 3671 1046 3741 hee
1083 3671 1160 3725 M
1274 3674 1307 3725 6
1344 3670 1588 3724 uidentes
1627 3675 1723 3742 ΝΡ
1766 3675 1902 3739 (mm
1935 3676 1994 3739 a)
2105 3672 2354 3741 poenitus
2401 3674 2470 3728 N
2569 3676 2747 3742 poten-

463 3758 598 3809 ciam
638 3759 711 3811 M
810 3760 839 3811 7
878 3756 1145 3810 cantilena
1179 3758 1253 3812 M
1351 3760 1385 3813 8
1422 3758 1648 3811 condam
1677 3762 1754 3814 M
1851 3764 1883 3814 9
1919 3758 2234 3813 israeliticae
2271 3761 2349 3814 M
2449 3764 2514 3815 10
2550 3760 2658 3826 sint
2689 3760 2752 3814 N

463 3860 495 3895 a
518 3862 619 3898 om.
648 3846 723 3898 M
808 3843 1154 3911 genitricibus
1182 3846 1285 3914 ΜΡ
1384 3848 1444 3899 11
1472 3844 1632 3899 llatas
1657 3848 1732 3901 M
1833 3850 1896 3902 12
1923 3846 2273 3900 haebreorum
2297 3848 2366 3902 N
2470 3850 2534 3903 13
2559 3864 2749 3901 manna

464 3947 662 3983 manna
686 3932 761 3985 M
753 3950 792 4000 p
893 3934 956 3986 15
980 3931 1217 3999 piscibus
1243 3933 1317 3986 M
1404 3932 1654 3986 dominus
1680 3934 1828 3987 Iesus
1856 3933 2100 3987 Christus
2125 3952 2226 3989 om.
2253 3936 2329 3989 M
2419 3938 2485 3990 16
2510 3934 2747 3990 Christus

464 4034 565 4071 om.
595 4034 639 4085 p
751 4020 814 4071 17
852 4016 1111 4070 inuisibili
1140 4036 1184 4087 p
1292 4018 1523 4071 archana
1553 4022 1719 4089 NMp
1830 4024 1895 4077 18
1930 4021 2243 4088 praesertim
2281 4039 2384 4077 om.
2411 4024 2487 4077 M
2583 4021 2749 4075 multa

466 4102 789 4171 superfuerit
824 4103 953 4156 satis
990 4104 1151 4157 etiam
1188 4104 1365 4157 fuerat
1399 4106 1683 4160 esuricioni
1709 4110 1783 4161 M
1883 4106 2154 4161 saturitati
2179 4126 2247 4163 av
2355 4111 2419 4163 19
2458 4126 2564 4177 qua
2599 4125 2749 4163 causa

465 4208 566 4245 om.
604 4192 741 4245 Mav
846 4192 915 4245 20
950 4190 1154 4244 factum
1190 4210 1275 4258 av,
1313 4210 1413 4247 om.
1450 4195 1525 4247 M
1624 4194 1787 4246 etiam
1823 4212 1925 4249 om.
1965 4196 2041 4248 M
2136 4197 2200 4249 21
2241 4194 2375 4249 cibis
2413 4197 2512 4264 Nl,
2551 4214 2649 4251 om.
2685 4196 2755 4250 M

465 4276 566 4345 ipsi
606 4277 871 4331 discerent
904 4278 980 4332 M
1094 4280 1281 4331 natum
1318 4297 1419 4333 om.
1460 4281 1535 4334 M
1642 4282 1710 4334 22
1747 4296 1914 4333 unum
1951 4282 2026 4335 M
2123 4283 2190 4336 24
2228 4280 2284 4334 id
2322 4301 2422 4338 σπι.
2453 4300 2498 4353 p
2605 4280 2747 4337 nobi-

464 4363 622 4416 liores
662 4366 743 4419 Ν1
873 4362 1184 4417 ammodum
1224 4366 1291 4419 N
1412 4368 1479 4422 25
1517 4382 1642 4434 ergo
1680 4386 1782 4424 om.
1822 4368 1898 4423 M
